3792 6134
22 311 124 369 38’;

21 421 85 481 Iit
139 426 263 483 Non
293 426 433 482 enim
453 426 561 494 ait,
589 423 691 493 Qui
720 422 1004 493 baptizatur
1036 431 1068 473 a
1109 421 1308 472 mortuo
1333 414 1636 486 manifesto;

21 520 105 574 sed
129 519 373 574 absolute
401 517 548 584 dicit,
572 532 603 569 a
627 523 822 569 mortuo
853 511 1002 584 (Lib.
1032 511 1057 566 l
1099 519 1275 565 contra
1299 505 1518 561 Litteras
1545 501 1640 558 Pe-

22 614 274 679 tih’ani,n.
304 609 391 682 10)
403 651 417 664 .
438 609 562 666 Haec
577 605 930 664 manifestatio
954 603 1234 660 verborum
1253 601 1358 656 illic
1373 612 1636 662 meorum,

27 719 178 774 quem
206 701 283 758 de
331 716 522 758 somno
551 700 635 754 vel
659 695 832 769 potius
861 696 928 752 de
953 695 1067 766 ipsa
1102 702 1274 749 morte
1304 707 1412 748 non
1439 690 1638 746 excita-

25 799 142 854 ret?
167 793 237 851 Et
281 803 464 850 tamen
497 801 550 848 te
577 807 681 847 non
710 788 964 846 excitavit
994 804 1006 841 :
1041 795 1097 843 et
1125 787 1343 856 insuper
1367 781 1508 854 quod
1539 795 1638 852 ego

25 898 211 943 contra
266 885 592 943 Petilianum
636 883 874 939 dixeram
894 924 908 948 ,
942 879 1093 952 quasi
1123 885 1309 934 contra
1340 889 1426 932 me
1455 871 1639 931 dicens

27 977 412 1036 vehementius
440 977 604 1032 etiam
634 972 984 1038 confirmasti;
1009 971 1146 1027 sicut
1167 969 1342 1025 solent
1369 966 1635 1032 homines,

26 1073 285 1143 injectam
323 1069 571 1143 sagittam
613 1061 905 1124 nesciendo
933 1060 1224 1120 excludere
1250 1105 1264 1128 ,
1293 1059 1451 1115 altius
1476 1057 1636 1114 etiam

27 1165 354 1236 penitusque
374 1163 628 1234 deﬁgere.
654 1157 946 1216 Asseruisti
969 1155 1111 1213 enim
1131 1163 1398 1210 mortuum
1423 1167 1527 1206 non
1557 1151 1638 1206 in-

27 1259 386 1332 telligendum
433 1257 536 1313 nisi
593 1249 931 1327 peccatorem
968 1249 1254 1320 baptistam
1281 1291 1295 1315 ,
1327 1254 1383 1302 ct
1432 1245 1636 1300 nullum

27 1359 373 1423 peccatorem
393 1345 766 1420 excipiendum
798 1363 812 1399 :
841 1353 895 1400 et
924 1343 1044 1398 ideo
1070 1339 1213 1412 quod
1243 1354 1342 1410 ego
1370 1335 1635 1402 dicebam,

31 1453 212 1500 contra
264 1454 322 1500 te
359 1439 728 1507 concluditur,
762 1453 863 1493 nec
909 1435 1178 1492 occultum
1227 1431 1399 1502 excipi
1442 1444 1635 1502 posse,

29 1539 114 1594 ubi
141 1538 336 1594 nullus
360 1535 646 1606 excipitur.
681 1529 1024 1601 Rcbaptizate
1065 1525 1225 1598 igitur
1253 1539 1346 1581 eos
1390 1536 1525 1593 quos
1567 1519 1636 1576 ab

33 1631 260 1687 occultis
295 1626 672 1700 peccatoribus
701 1621 994 1693 baptizatos
1019 1634 1142 1676 esse
1166 1615 1488 1679 constiterit,
1521 1615 1639 1684 qui~

33 1724 127 1780 bus
152 1727 343 1794 potest
370 1717 672 1775 viventibus
705 1721 761 1771 et
797 1711 1089 1770 scientibus
1125 1708 1428 1774 subveniri;
1457 1714 1519 1761 ut
1561 1705 1640 1760 eis

37 1816 157 1871 solis
205 1829 318 1868 non
347 1809 548 1878 obsint,
579 1808 666 1880 qui
695 1805 780 1862 vel
805 1805 1116 1877 ignorantur
1141 1801 1227 1857 vel
1265 1807 1388 1855 ante
1408 1796 1640 1854 defuncti

38 1915 184 1973 sunt,
214 1916 280 1961 ut
309 1901 668 1960 manifestatis
693 1905 878 1971 postea
907 1895 1064 1951 malis
1090 1891 1509 1964 baptizatoribus
1531 1889 1641 1944 suis

38 2001 136 2072 jam
178 1996 446 2070 baptizari
485 2009 591 2050 non
628 1991 856 2064 possint.
884 1988 1157 2059 Baptizate
1181 2028 1196 2052 ,
1226 1985 1439 2054 inquam
1465 2025 1480 2049 ,
1512 1996 1641 2053 pro-

42 2096 144 2148 dito
173 2091 433 2147 adultero
472 2097 630 2158 atque
662 2084 916 2140 damnato
936 2124 950 2150 ,
979 2094 1114 2152 quos
1153 2079 1220 2134 ab
1266 2092 1332 2133 eo
1360 2091 1479 2132 cum
1504 2077 1641 2131 late-

43 2194 137 2249 ret,
187 2183 494 2254 baptizatos
538 2191 659 2234 esse
709 2173 1014 2232 constiterit
1058 2191 1071 2226 :
1120 2187 1150 2227 a
1194 2177 1408 2226 mortuo
1445 2169 1642 2240 quippe

44 2276 294 2348 baptizati
316 2283 465 2340 sunt,
491 2283 815 2341 omnemque
844 2273 1180 2338 peccatorem
1213 2264 1330 2318 sine
1359 2261 1464 2317 ulla
1486 2275 1642 2318 exce-

47 2371 224 2439 itione
264 2363 674 2437 intelligendum
703 2375 824 2418 esse
853 2360 1035 2415 dixisti
1061 2400 1076 2425 ,
1105 2358 1196 2429 qui
1226 2355 1497 2426 baptizare
1537 2369 1641 2409 non

47 2461 251 2530 possit,
284 2455 631 2530 adiungendo
668 2453 1034 2510 testimonium
1073 2449 1141 2504 de
1169 2449 1290 2504 oleo
1327 2447 1639 2517 peccatoris.

52 2553 122 2608 'i‘u
148 2553 355 2617 dixisti,
379 2559 438 2606 tu
467 2548 725 2620 scripsisti
750 2566 764 2601 :
786 2555 838 2602 te
867 2545 1040 2616 ipsum
1065 2543 1208 2606 audi,
1229 2541 1346 2611 lege
1374 2548 1426 2596 te
1447 2539 1640 2608 ipsum.

51 2645 101 2702 Si
137 2647 315 2701 omnis
347 2650 598 2716 peccator
623 2650 876 2711 tanquam
908 2644 1151 2691 mortuus
1181 2648 1290 2688 non
1334 2639 1509 2702 potest
1545 2629 1642 2685 ba-

57 2740 269 2808 ptizare,
293 2751 397 2793 nec
425 2733 666 2790 occultus
691 2739 889 2802 potest.
917 2728 1032 2783 Non
1063 2727 1205 2781 enim
1235 2725 1356 2795 quia
1384 2723 1638 2787 occultus,

55 2831 166 2885 ideo
191 2830 348 2885 vivus
375 2835 479 2887 est;
497 2839 619 2880 cum
648 2822 818 2880 multo
844 2818 1161 2892 profundius
1181 2817 1340 2872 etiam
1364 2813 1646 2870 mendacio

57 2923 404 2979 simulationis
432 2921 716 2990 absorptus
740 2917 828 2972 sit.
861 2915 1035 2969 Minus
1060 2911 1204 2968 enim
1236 2918 1480 2964 mortuus
1499 2907 1646 2962 dice-

58 3025 224 3084 retur,
262 3015 305 3071 si
327 3015 521 3070 saltem
550 3009 922 3066 confiteretur.
951 3003 1058 3060 Sed
1087 3003 1144 3057 iit
1168 3002 1222 3056 in
1253 3001 1348 3056 illo
1369 2999 1509 3071 quod
1539 2998 1647 3054 alio

59 3107 168 3164 loco
200 3107 464 3178 scriptum
505 3111 626 3160 est:
655 3103 694 3156 A
719 3109 920 3154 mortuo
942 3140 956 3165 ,
985 3096 1116 3152 velut
1141 3094 1228 3165 qui
1257 3109 1358 3147 non
1389 3093 1483 3158 sit,
1520 3091 1647 3162 perit

61 3205 299 3275 confessio
347 3201 532 3274 (Eccli.
570 3193 949 3265 xvn,26).Ab
992 3193 1094 3246 isto
1143 3197 1356 3244 mortuo
1397 3187 1451 3239 in
1501 3193 1646 3240 tanta

61 3301 238 3355 mortis
277 3295 644 3371 profunditate
687 3291 975 3355 demerso,
1009 3301 1145 3357 quos
1189 3283 1485 3353 baptizatos
1528 3295 1648 3336 esse

64 3391 325 3455 claruerit,
345 3404 452 3445 non
473 3383 816 3455 rebaptizatis
840 3397 852 3434 :
876 3387 931 3434 et
956 3379 1024 3432 ab
1045 3377 1124 3432 eis
1141 3375 1460 3445 baptizatos,
1478 3373 1567 3441 qui
1595 3371 1646 3426 in

65 3484 254 3538 ultimis
281 3481 438 3538 terris
464 3493 565 3534 nec
585 3473 877 3536 Caeciliani,
905 3484 1006 3526 nec
1033 3465 1300 3538 Majorini,
1331 3479 1431 3519 nec
1458 3462 1649 3517 Donati

67 3589 250 3632 nomen
298 3572 627 3634 audierunt,
658 3565 992 3634 rebaptizare
1043 3561 1089 3615 si
1142 3556 1390 3628 possitis,
1429 3553 1650 3609 minimc

67 3667 308 3724 dubitatis
329 3708 342 3732 ,
374 3663 687 3735 objicientes
724 3658 804 3714 eis
827 3699 840 3722 ,
875 3654 974 3722 Qui
1007 3651 1296 3722 baptizatur
1339 3665 1371 3701 a
1413 3654 1646 3713 mortuo,

70 3762 178 3829 quid
195 3763 243 3817 ei
275 3758 477 3832 prodest
503 3755 687 3810 lavatio
713 3750 861 3823 ejus?
891 3756 1130 3803 mortuos
1155 3743 1394 3798 dicentes
1414 3740 1483 3795 ad
1516 3753 1651 3810 quos

75 3854 310 3910 Afrorum
364 3851 684 3908 cadaverum
709 3889 724 3916 ,
753 3842 1116 3918 quorumlibet
1157 3837 1244 3894 illa
1290 3837 1483 3893 fuerint
1507 3877 1523 3903 ,
1552 3849 1652 3890 nec

77 3961 184 4002 auia
212 3948 383 4020 potuit
413 3945 720 4018 pervenire;
751 3949 805 3995 et
830 3943 1101 3994 mortuum
1127 3948 1236 3989 non
1260 3939 1528 4002 putantes,
1561 3927 1653 3998 qui

75 4043 331 4111 proprium
362 4043 536 4110 potest
562 4033 833 4091 occultare
878 4027 1161 4100 ﬂagitium;
1206 4038 1327 4079 cum
1382 4021 1654 4091 Scriptura

76 4133 286 4198 clamet,
317 4135 357 4186 Α
400 4140 600 4185 mortuo
623 4170 638 4195 ,
665 4126 795 4180 velut
832 4123 920 4194 qui
949 4137 1048 4176 non
1077 4121 1181 4186 sit,
1211 4118 1339 4188 perit
1381 4113 1650 4186 confessio.

79 4224 210 4283 itane
245 4227 368 4299 quia
414 4225 569 4278 iictns
595 4229 709 4285 est,
738 4227 979 4273 mortuus
1023 4229 1131 4269 non
1171 4211 1293 4268 est?
1317 4224 1436 4266 cum
1486 4207 1656 4277 magis

80 4330 278 4392 propter
307 4321 478 4390 ipsam
512 4314 777 4370 ﬁctionem
807 4306 1041 4365 carendo
1070 4303 1260 4374 spiritu
1288 4301 1411 4356 vitae
1443 4299 1654 4370 penitus

83 4410 433 4482 exspiraverit,
467 4409 658 4463 iterum
689 4405 899 4460 dicente
929 4399 1207 4469 Scriptura
1232 4437 1246 4461 ,
1278 4394 1499 4450 Sanctus
1523 4392 1658 4447 enim

87 4502 288 4575 Spiritus
310 4503 595 4575 disciplina.-
613 4499 769 4572 fugiet
797 4497 970 4567 [ictum
1003 4489 1157 4564 (Sap.
1187 4505 1224 4554 ι,
1254 4488 1333 4558 5).
1359 4486 1546 4542 Adhuc
1565 4484 1659 4540 de-

87 4596 263 4656 fendite
291 4599 426 4654 istos
453 4603 709 4656 mortuos,
730 4598 784 4646 et
813 4588 993 4643 vivere
1017 4585 1198 4646 dicite,
1222 4591 1282 4637 ut
1307 4589 1361 4637 et
1389 4591 1486 4634 vos
1507 4576 1659 4649 pejus

88 4687 183 4758 ipsa
212 4689 342 4747 falsa
369 4685 685 4744 defensione
715 4677 1034 4737 moriamini.

148 4783 228 4839 Si.
268 4781 462 4840 Μοτιυί
495 4785 654 4842 sunt,
688 4775 862 4846 inquis
892 4791 905 4826 :
935 4768 1029 4827 sed
1053 4766 1182 4839 quid
1207 4765 1408 4822 faceret
1426 4764 1517 4836 qui
1560 4761 1658 4818 ba-

91 4877 349 4945 ptizandus
376 4873 444 4930 ad
472 4883 566 4928 eos
595 4871 812 4942 ignarus
841 4861 1102 4920 accessit?
1131 4859 1283 4916 Nunc
1308 4873 1436 4930 ergo
1464 4856 1658 4923 faciat,

95 4970 282 5034 quando
325 4967 418 5023 illo
445 4961 660 5037 prodito
687 4974 747 5016 se
777 4956 992 5030 agnovit
1017 4969 1047 5008 a
1074 4961 1286 5008 mortuo
1312 4949 1658 5019 baptizatum.

96 5057 141 5114 Si
169 5063 302 5117 enim
337 5055 664 5115 conscientia
699 5059 984 5123 propterea
1013 5046 1134 5102 lmdi
1171 5058 1277 5099 non
1307 5042 1508 5113 potuit,
1539 5039 1662 5110 quia

98 5154 334 5218 nescivit;
357 5163 502 5207 nunc
531 5147 716 5216 incipit
755 5142 875 5200 laedi
898 5183 912 5208 ,
939 5139 1064 5212 quia
1091 5136 1254 5194 scivit
1285 5153 1301 5190 :
1331 5135 1476 5190 velut
1505 5133 1548 5188 si
1577 5141 1663 5187 tu-

102 5244 199 5300 nica
223 5245 290 5302 de
327 5239 610 5298 latrocinio
645 5236 893 5292 nesciens
915 5231 1200 5288 vestiretur
1219 5270 1234 5294 ,
1261 5241 1329 5281 ex
1357 5226 1451 5280 illo
1475 5224 1534 5278 ﬁt
1559 5224 1662 5278 ini-

101 5336 292 5403 quitatis
314 5333 481 5391 vestis
510 5331 622 5394 illa,
649 5344 719 5383 cx
747 5340 852 5398 quo
879 5320 1210 5395 cognoverit,
1233 5328 1284 5374 et
1315 5318 1429 5388 ipse
1455 5315 1664 5385 iniquus

105 5430 187 5484 nisi
227 5427 481 5501 abjecerit
513 5442 525 5478 :
559 5433 613 5479 et
634 5421 724 5493 qui
760 5419 1005 5475 nesciens
1036 5428 1258 5470 uxorem
1299 5409 1512 5466 duxerit
1539 5408 1666 5463 alie-

106 5536 226 5588 num,
253 5538 316 5578 ex
347 5522 439 5577 illo
469 5520 528 5574 iit
555 5517 762 5572 adulter
788 5556 800 5579 ,
825 5529 889 5569 ex
910 5526 1016 5583 quo
1035 5507 1302 5574 didicerit,
1335 5505 1434 5560 nisi
1463 5503 1664 5560 disces-

109 5617 234 5670 serit.
285 5614 515 5686 Abjiciat
557 5623 684 5681 ergo
728 5615 782 5664 et
830 5607 930 5660 iste
958 5601 1285 5673 Baptismum
1312 5641 1325 5663 ,
1355 5612 1510 5666 quem
1542 5611 1600 5651 se
1637 5611 1666 5650 a

111 5718 295 5765 mortuo
345 5703 651 5779 percepisse
705 5697 980 5771 cognovit.
1027 5691 1196 5748 Habet
1238 5690 1380 5744 enim
1423 5687 1563 5759 quod
1594 5687 1668 5742 fa-

113 5800 196 5857 ciat
230 5802 396 5859 adhuc
417 5842 432 5870 ,
459 5795 713 5870 baptizari
741 5795 931 5850 iterum
967 5795 1157 5862 potest.
1198 5785 1504 5848 Postremo,
1530 5782 1666 5837 scic-

1471 297 1676 358 LIBER
1713 296 2090 358 SECUNDUS.

3234 305 3341 369 ιεδ

1750 411 1820 466 rit
1844 411 2115 480 nescierit,
2141 413 2183 467 A
2210 421 2407 468 mortuo
2437 411 2740 485 baptizatus,
2763 413 2889 487 quid
2913 417 2959 470 ei
2989 415 3191 486 prodest
3211 419 3342 474 lava-

1749 503 1818 556 tio
1835 504 1941 573 ejus
1954 503 2005 558 ξ’(
2024 503 2217 560 Stricta
2232 503 2492 560 sententia
2507 515 2607 572 est,
2639 523 2656 557 ι
2679 504 2816 562 sicut
2839 517 2890 562 et
2914 516 2966 562 tu
2983 507 3096 578 ipse
3115 509 3335 578 clamas,

1755 619 1777 653 s
1801 604 2066 658 neminem
2097 605 2332 675 excepit:
2355 603 2396 660 Α
2427 611 2656 672 mortuo,
2684 625 2700 658 ι
2724 606 2959 676 inquam,
2997 623 3014 656 ι
3040 603 3338 674 baptizatus

1749 702 1829 750 est
1853 737 1867 763 ,
1899 695 2028 750 nihil
2055 696 2101 752 ei
2136 697 2351 768 prodest
2379 698 2570 753 lavatio
2592 698 2726 769 ejus.
2750 718 2768 752 ι
2790 697 3036 754 Mundate
3062 696 3336 752 hominem

1747 785 2064 857 baptizando
2081 789 2172 860 qui
2190 789 2385 852 vivitis,
2410 801 2499 843 aut
2512 805 2605 845 vos
2618 789 2760 861 ipsos
2777 791 2948 861 potius
2962 789 3029 844 ab
3048 790 3336 846 hoccrrorc

1747 881 2018 948 mundale,
2049 897 2116 937 ne
2147 882 2267 937 talia
2294 883 2573 939 sentiendo
2601 884 2848 954 pereatis.
2874 883 3163 941 Contendis
3189 883 3335 940 enim

1747 973 1891 1029 velut
1917 974 2173 1030 adversus
2205 991 2292 1030 me
2321 1017 2335 1040 ,
2363 986 2419 1029 ut
2450 975 2651 1030 nullum
2682 983 2962 1046 exceptum
3003 974 3150 1032 dicas
3189 975 3242 1032 in
3269 990 3336 1032 eo

1747 1067 1886 1138 quod
1935 1068 2188 1139 scriptum
2217 1077 2298 1124 est
2322 1111 2335 1136 ,
2367 1069 2546 1124 Oleum
2573 1062 2848 1142 pdccatoris
2883 1069 3052 1142 (Psal.
3089 1086 3210 1140 CXL,
3237 1071 3290 1142 5)
3316 1088 3332 1138 ;

1746 1169 1818 1228 et,
1855 1160 1956 1228 Qui
1976 1162 2257 1232 baptizatur
2276 1179 2306 1214 a
2332 1172 2527 1216 mortuo
2555 1179 2572 1216 :
2599 1177 2699 1217 nec
2730 1171 2781 1218 te
2808 1163 2974 1218 sentis
2998 1162 3197 1219 nodum
3228 1178 3335 1233 quo

1747 1250 1937 1324 ligatus
1975 1267 2075 1315 es,
2105 1252 2386 1308 renitendo
2430 1255 2816 1324 constringere.
2861 1251 2974 1309 lloc
3012 1254 3154 1309 enim
3191 1269 3292 1325 ago
3315 1297 3331 1322 ,

1747 1343 1848 1400 hoc
1870 1345 2031 1413 insto,
2067 1345 2190 1401 hinc
2224 1362 2319 1402 vos
2343 1347 2408 1402 ad
2438 1347 2746 1403 mutandam
2775 1363 2965 1404 vanam
2996 1363 3336 1420 perversam-

1747 1452 1850 1508 quc
1878 1438 2195 1492 sententiam
2225 1446 2481 1508 urgenter
2522 1440 2762 1510 impingo
2786 1481 2800 1506 ,
2827 1448 2883 1494 ut
2912 1439 2964 1495 in
2995 1439 3117 1496 oleo
3145 1455 3336 1510 pecca-

1749 1528 1879 1582 toris
1906 1535 1959 1584 et
1988 1529 2182 1582 mortui
2207 1528 2491 1599 baptismo,
2515 1529 2692 1585 nullus
2714 1538 2977 1596 mortuus,
3007 1531 3190 1586 nullus
3211 1545 3337 1602 pec-

1747 1631 1894 1678 cator
1933 1632 2188 1693 exceptus
2213 1624 2282 1679 sit
2313 1643 2324 1679 :
2358 1625 2495 1680 sicut
2525 1633 2577 1680 tu
2606 1640 2703 1695 pro
2731 1641 2817 1682 me
2844 1626 2992 1682 velut
3025 1635 3210 1682 contra
3252 1640 3339 1680 me

1747 1715 2001 1787 loqueris.
2025 1717 2100 1770 ita
2128 1716 2272 1771 enim
2301 1732 2398 1772 nec
2426 1717 2663 1773 occultus
2685 1718 2948 1788 excipitur
2977 1735 2988 1772 :
3019 1733 3126 1790 quo
3147 1717 3340 1773 everti-

1749 1815 1835 1861 tur
1859 1819 2019 1862 omne
2057 1805 2196 1877 quod
2229 1808 2496 1878 loqueris;
2531 1823 2592 1864 ac
2612 1809 2690 1864 sic
2713 1808 3047 1880 rebaptizare
3076 1819 3339 1880 coguntur

1748 1900 1839 1969 qui
1881 1907 1934 1956 te
1960 1899 2082 1955 talia
2109 1899 2404 1955 docuerunt
2428 1943 2442 1967 ,
2473 1916 2660 1957 omnes
2682 1916 2818 1973 quos
2837 1901 2904 1958 ab
2935 1901 3157 1958 occultis
3184 1899 3340 1956 malis

1748 1991 2043 2062 baptizatos
2075 1991 2126 2046 in
2157 1990 2256 2046 hac
2281 1992 2384 2046 vita
2417 1993 2656 2062 reperire
2681 1992 2973 2064 potuerint.

1819 2081 2065 2138 CAPUT.
2107 2079 2320 2137 XXVII.
2350 2115 2422 2123 —
2445 2084 2532 2139 55.
2563 2083 2700 2152 Quid
2726 2085 2878 2155 agis?
2905 2097 3011 2156 quo
3038 2092 3089 2139 te
3116 2097 3341 2140 conver-

1752 2175 2041 2232 tis?vcrba
2067 2185 2151 2231 tua
2181 2176 2277 2232 tibi
2314 2176 2624 2233 recitantur.
2645 2177 2760 2233 Non
2786 2175 2956 2233 solum
2974 2177 3114 2233 enim
3128 2193 3189 2233 ea
3217 2191 3340 2232 cum

1749 2268 1984 2324 dicerem
2015 2284 2120 2324 non
2147 2268 2388 2325 refellisti
2413 2312 2428 2337 ,
2458 2269 2553 2325 sed
2588 2271 2836 2326 nesciens
2863 2270 2986 2341 quid
3015 2286 3193 2326 meum
3221 2271 3338 2326 ele-

1750 2365 1892 2436 geris
1912 2406 1926 2430 ,
1957 2363 2077 2418 aliis
2102 2363 2281 2419 verbis
2313 2371 2562 2434 tanquam
2600 2373 2747 2418 tuum
2774 2363 2876 2418 hoc
2904 2363 3044 2419 idem
3071 2363 3183 2434 ipse
3206 2361 3346 2418 dixi-

1751 2457 1839 2522 sti;
1865 2465 1917 2511 et
1944 2456 2320 2526 utdiligeutius
2343 2455 2510 2511 audiri
2533 2464 2586 2511 et
2612 2455 2937 2511 considerari
2967 2463 3166 2525 posset,
3208 2453 3342 2510 scri-

1751 2548 1924 2618 psisti,
1946 2556 2002 2602 ut
2021 2547 2113 2602 tibi
2128 2545 2561 2618 quotieslibuerit
2579 2547 2849 2602 recitetur.
2875 2545 3009 2600 Audi
3032 2559 3160 2615 ergo
3182 2542 3346 2599 verba

1753 2647 1841 2695 tua
1865 2657 1878 2704 ;
1911 2655 2107 2712 nempe
2137 2641 2232 2694 ista
2256 2648 2411 2694 sunt:
2435 2638 2582 2706 Quod
2611 2641 2656 2693 si
2678 2639 2804 2693 idoli
2823 2639 3064 2693 cultorem
3089 2681 3104 2707 ,
3129 2637 3304 2708 inquis
3327 2677 3344 2704 ,

1752 2740 1948 2786 tantum
1987 2733 2074 2786 tibi
2100 2733 2264 2804 placet
2290 2733 2518 2800 excipere
2537 2775 2551 2799 ,
2578 2732 2702 2802 quid
2741 2730 2873 2786 illud
2902 2731 2964 2785 de
3003 2747 3102 2802 quo
3123 2729 3308 2784 dicitur
3331 2773 3344 2797 ,

1760 2823 1929 2878 «Nolo
1946 2824 2110 2879 oleum
2140 2824 2414 2896 peccatoris
2443 2833 2599 2896 ungat
2626 2831 2982 2895 caputmeum:
3009 2841 3027 2875 ›
3054 2833 3286 2877 utrumne
3299 2831 3350 2877 et

1754 2916 1834 2970 Itic
1863 2926 2094 2986 peccator
2119 2917 2207 2970 ille
2230 2917 2367 2970 solus
2395 2924 2488 2982 est,
2520 2916 2606 2985 qui
2634 2915 2829 2968 idolum
2855 2915 3005 2979 colit,
3032 2931 3097 2968 an
3123 2911 3348 2984 quisquis

1753 3004 1889 3078 quod
1917 3025 2018 3062 non
2045 3009 2162 3062 licet
2186 3007 2454 3062 admittit?
2485 3006 2634 3075 Quod
2657 3007 2703 3062 si
2726 3017 2774 3061 et
2802 3017 3115 3078 peccatorem
3153 3015 3351 3060 tantum

1755 3099 1995 3154 cultorem
2037 3098 2162 3153 idoli
2205 3109 2353 3170 putas
2378 3141 2392 3166 ,
2420 3099 2727 3154 christianus
2772 3114 2888 3170 ergo
2921 3100 2968 3152 si
3009 3097 3131 3169 quid
3175 3109 3354 3153 contra

1756 3189 1918 3264 legem
1963 3193 2211 3264 gesserit,
2248 3208 2478 3262 peccasse
2519 3207 2620 3246 non
2673 3190 2905 3245 dicitur?
2947 3189 3098 3256 Quod
3137 3191 3182 3244 si
3224 3191 3354 3246 nihil

1756 3285 1856 3338 dici
1892 3285 2100 3338 stultius
2120 3300 2210 3338 nec
2229 3283 2500 3338 absurdius
2524 3292 2705 3353 potest,
2734 3292 2908 3354 aperte
2934 3283 3229 3354 prtedictum
3255 3291 3349 3349 est,

1756 3389 1812 3434 ut
1854 3397 1955 3433 non
1990 3380 2127 3434 solus
2172 3377 2300 3434 idoli
2329 3379 2527 3446 cultor,
2557 3379 2646 3432 sed
2677 3359 2898 3450 quisquis
2950 3385 3182 3448 peccator
3223 3378 3355 3432 inter

1756 3489 1928 3527 omnes
1957 3473 2181 3527 homines
2203 3474 2374 3544 fuerit,
2397 3475 2486 3544 jus
2512 3473 2606 3527 sibi
2629 3469 2961 3543 Baptismatis
2991 3488 3092 3526 non
3121 3479 3350 3542 usurpet.

1758 3564 1883 3619 llzec
1912 3574 2056 3620 certe
2085 3581 2203 3635 qua:
2233 3565 2430 3620 inserui
2461 3565 2621 3620 verba
2651 3575 2737 3619 tua
2768 3571 2912 3619 sunt.
2951 3563 3064 3635 Ego
3090 3566 3354 3620 cultorem

1758 3656 1886 3711 idoli
1913 3671 2018 3711 non
2049 3656 2256 3727 excepi,
2288 3657 2381 3712 sed
2413 3657 2558 3727 ipsos
2588 3657 2718 3713 deos
2745 3672 2929 3712 eorum
2963 3665 3201 3713 mortuos
3231 3673 3354 3716 esse

1759 3747 1892 3815 dixi,
1920 3763 2145 3818 quorum
2163 3763 2190 3800 a
2206 3747 2352 3802 nullo
2374 3746 2628 3817 baptizari
2647 3747 2842 3818 aliquid
2864 3748 3081 3819 prodest
3104 3765 3116 3802 :
3137 3749 3204 3804 ab
3225 3749 3356 3820 ipsis

1760 3842 1902 3897 enim
1931 3841 2035 3896 diis
2063 3841 2164 3896 sibi
2205 3842 2460 3912 baptizari
2486 3841 2735 3897 videntur
2756 3883 2772 3908 ,
2805 3839 2857 3896 in
2885 3857 3110 3912 quorum
3141 3841 3358 3899 nomine

1760 3947 1819 3989 sc
1849 3933 2090 3988 mandari
2111 3931 2443 3988 arbitrantur
2466 3951 2480 3987 :
2506 3943 2560 3987 tu
2581 3942 2756 3988 autem
2788 3933 2991 3988 nullum
3021 3944 3354 4004 peccatorem

1762 4027 2037 4096 excepisti.
2057 4025 2209 4094 Quod
2240 4031 2282 4081 si
2317 4025 2417 4080 hoc
2446 4027 2563 4081 loco
2591 4035 2837 4097 peccator
2856 4035 2909 4082 et
2933 4027 3172 4082 mortalis
3192 4027 3357 4083 homo

1763 4123 1852 4193 qui
1884 4121 2114 4191 baptizat
2143 4119 2516 4190 intelligendus
2541 4128 2641 4186 est,
2664 4119 2865 4174 nullum
2892 4127 3226 4189 peccatorem
3253 4135 3352 4176 ex-

1763 4214 1986 4284 cipiens,
2017 4211 2200 4282 procul
2225 4211 2389 4266 dubio
2419 4227 2517 4266 nec
2541 4211 2808 4266 occultum
2831 4211 3108 4280 excepisti.
3132 4211 3318 4280 Aperte
3335 4254 3353 4280 ,

1766 4305 1969 4376 inquis,
2004 4303 2299 4373 prtedictum
2326 4310 2397 4357 est
2421 4343 2438 4370 ,
2460 4311 2514 4355 ut
2559 4319 2660 4356 non
2699 4302 2837 4356 solus
2865 4301 2994 4356 idoli
3035 4302 3198 4356 cultor
3219 4345 3232 4369 ,
3263 4301 3354 4356 sed

1765 4397 1989 4470 quisquis
2034 4405 2266 4467 peccator
2293 4397 2425 4450 inter
2462 4412 2632 4450 omnes
2677 4395 2903 4452 homines
2939 4395 3122 4467 fuerit,
3139 4396 3233 4466 jus
3259 4395 3359 4451 sibi

1764 4487 2094 4564 Baptismatis
2131 4506 2234 4544 non
2269 4499 2495 4560 usurpet.
2528 4488 2667 4545 Audi
2703 4503 2832 4560 ergo
2864 4498 2914 4544 te
2945 4491 3116 4561 ipsum
3152 4508 3165 4544 :
3203 4489 3360 4558 Quis-

1766 4587 1879 4658 quis
1904 4594 2154 4655 peccator,
2183 4583 2362 4639 dixisti
2389 4599 2404 4648 ;
2437 4597 2534 4638 nec
2562 4581 2925 4649 manifestum,
2959 4597 3061 4639 nec
3087 4583 3358 4640 occultum

1767 4677 2042 4747 excepisti.
2072 4673 2302 4731 Proinde
2342 4688 2443 4746 qua
2486 4673 2660 4729 fronte
2699 4681 2894 4745 cogunt
2939 4672 3198 4745 baptizari
3236 4684 3362 4746 post

1768 4769 2105 4826 manifestum
2127 4810 2143 4836 ,
2172 4767 2264 4840 qui
2292 4767 2481 4822 nolunt
2509 4774 2630 4838 post
2655 4765 2921 4822 occultum
2952 4809 2968 4834 ,
2997 4765 3085 4823 tibi
3111 4776 3364 4822 asserunt

1769 4865 2040 4920 neminem
2093 4861 2412 4932 exceptum?
2437 4861 2585 4932 Fuge
2631 4875 2759 4931 ergo
2784 4902 2798 4926 ,
2828 4860 2991 4915 frater
3016 4901 3030 4927 ,
3060 4859 3128 4915 ab
3171 4860 3362 4918 insano

1770 4957 2040 5012 intellectu
2064 4955 2130 5010 ad
2156 4969 2365 5020 sanum,
2389 4961 2447 5009 ut
2473 4954 2523 5008 in
2552 4953 2654 5007 hoc
2680 4951 2986 5008 testimonio
3005 4952 3072 5008 de
3092 4953 3212 5010 oleo
3236 4969 3362 5026 pec-

1770 5049 1968 5105 catoris
1992 5089 2005 5112 ,
2029 5048 2167 5102 sicut
2211 5046 2485 5116 superiora
2525 5043 2764 5114 ejusdem
2809 5043 2997 5114 psalmi
3027 5046 3190 5102 verba
3222 5061 3362 5117 pra:-

1771 5141 2030 5207 scrilmnt,
2049 5138 2294 5196 blandam
2321 5136 2666 5194 lenitudinem
2697 5136 2901 5194 fallacis
2929 5138 3222 5196 adulatoris
3241 5141 3256 5172 ¹
3277 5140 3362 5196 in-

1773 5233 1980 5302 telligas
2010 5269 2024 5284 .
2056 5229 2129 5288 lla
2163 5229 2305 5284 enim
2348 5237 2400 5284 et
2445 5227 2621 5283 nullus
2663 5227 2768 5282 erit
2814 5237 3077 5302 exceptus
3103 5272 3118 5297 ,
3151 5239 3207 5286 et
3247 5246 3360 5287 non

1774 5325 2030 5396 impinget
2060 5323 2112 5377 in
2151 5320 2423 5391 angustias
2454 5319 2842 5389 insuperabiles
2867 5319 3042 5376 malus
3065 5321 3362 5392 baptizator

1773 5419 2030 5475 occultus.
2060 5415 2148 5470 Sic
2190 5423 2245 5469 et
2285 5414 2337 5468 in
2371 5412 2478 5467 alio
2515 5411 2817 5468 testimonio
2839 5453 2854 5479 ,
2885 5411 2975 5469 tibi
3017 5411 3216 5468 dictum
3243 5421 3361 5480 est,

1778 5512 1876 5579 Qui
1906 5509 2190 5578 baptizatur
2217 5522 2250 5558 a
2273 5513 2473 5559 mortuo
2492 5547 2506 5572 ,
2534 5504 2657 5576 quid
2701 5505 2746 5559 ei
2770 5505 2973 5575 prodest
3002 5504 3187 5558 lavatio
3210 5504 3321 5575 ejus
3339 5505 3366 5559 .’

1775 5614 1865 5661 aut
1902 5601 2104 5672 inspice
2148 5598 2432 5671 diligenter
2473 5596 2684 5654 codices
2723 5596 2971 5666 antiquos
2996 5634 3012 5661 ,
3038 5605 3093 5652 et
3131 5597 3365 5654 maxime

1843 5787 1857 5818 ι
1886 5781 1954 5832 sic
1977 5779 2159 5844 aliquot
2182 5785 2290 5828 Mss.
2321 5783 2373 5829 At
2393 5777 2526 5838 editi,
2553 5773 2798 5840 fallaciam
2819 5769 3105 5824 adulatoris.
