  <div class='ocr_page' id='page_1' title='image "/cluster/home/n/w/nwhite01/storage/ocr_20150623/43/uva.x000827113/251.png"; bbox 0 0 3792 6138; ppageno 0'>
   <div class='ocr_carea' id='block_1_1' title="bbox 457 359 2046 448">
    <p class='ocr_par' dir='ltr' id='par_1_1' title="bbox 457 359 2046 448">
     <span class='ocr_line' id='line_1_1' title="bbox 457 359 2046 448; baseline -0.014 -14"><span class='ocrx_word' id='word_1_1' title='bbox 457 386 697 448; x_wconf 70' lang='lat' dir='ltr'><strong>grumos,</strong></span> <span class='ocrx_word' id='word_1_2' title='bbox 730 383 797 428; x_wconf 90' lang='lat' dir='ltr'><strong>ne</strong></span> <span class='ocrx_word' id='word_1_3' title='bbox 843 368 983 426; x_wconf 89' lang='lat' dir='ltr'><strong>forte</strong></span> <span class='ocrx_word' id='word_1_4' title='bbox 1033 368 1145 438; x_wconf 89' lang='lat' dir='ltr'><strong>ipsa</strong></span> <span class='ocrx_word' id='word_1_5' title='bbox 1186 363 1348 421; x_wconf 88' lang='lat' dir='ltr'><strong>verba</strong></span> <span class='ocrx_word' id='word_1_6' title='bbox 1389 362 1544 419; x_wconf 98' lang='lat' dir='ltr'><strong>aliter</strong></span> <span class='ocrx_word' id='word_1_7' title='bbox 1585 359 1890 430; x_wconf 86' lang='lat' dir='ltr'><strong>conscripta</strong></span> <span class='ocrx_word' id='word_1_8' title='bbox 1910 399 1926 426; x_wconf 94' lang='lat'><strong>,</strong></span> <span class='ocrx_word' id='word_1_9' title='bbox 1978 369 2046 412; x_wconf 82' lang='lat' dir='ltr'><strong>ex</strong></span> 
     </span>
    </p>
   </div>
   <div class='ocr_carea' id='block_1_2' title="bbox 459 449 2048 543">
    <p class='ocr_par' dir='ltr' id='par_1_2' title="bbox 459 449 2048 543">
     <span class='ocr_line' id='line_1_2' title="bbox 459 449 2048 543; baseline -0.013 -17"><span class='ocrx_word' id='word_1_10' title='bbox 459 464 781 543; x_wconf 60' lang='lat' dir='ltr'><strong>praecedenti</strong></span> <span class='ocrx_word' id='word_1_11' title='bbox 801 459 1210 533; x_wconf 89' lang='lat' dir='ltr'><strong>etconsequcnti</strong></span> <span class='ocrx_word' id='word_1_12' title='bbox 1226 456 1569 514; x_wconf 79' lang='lat' dir='ltr'><strong>contextionc</strong></span> <span class='ocrx_word' id='word_1_13' title='bbox 1590 452 1858 512; x_wconf 85' lang='lat' dir='ltr'><strong>sermonis</strong></span> <span class='ocrx_word' id='word_1_14' title='bbox 1882 449 2048 506; x_wconf 91' lang='lat' dir='ltr'><strong>alium</strong></span> 
     </span>
    </p>
   </div>
   <div class='ocr_carea' id='block_1_3' title="bbox 458 543 2045 618">
    <p class='ocr_par' dir='ltr' id='par_1_3' title="bbox 458 543 2045 618">
     <span class='ocr_line' id='line_1_3' title="bbox 458 543 2045 618; baseline -0.014 -1"><span class='ocrx_word' id='word_1_15' title='bbox 458 574 675 618; x_wconf 85' lang='lat' dir='ltr'><strong>sensum</strong></span> <span class='ocrx_word' id='word_1_16' title='bbox 719 555 964 612; x_wconf 90' lang='lat' dir='ltr'><strong>intiment</strong></span> <span class='ocrx_word' id='word_1_17' title='bbox 992 570 1005 608; x_wconf 92' lang='lat'><strong>:</strong></span> <span class='ocrx_word' id='word_1_18' title='bbox 1037 560 1129 606; x_wconf 92' lang='lat' dir='ltr'><strong>aut</strong></span> <span class='ocrx_word' id='word_1_19' title='bbox 1175 557 1324 606; x_wconf 90' lang='lat' dir='ltr'><strong>certe</strong></span> <span class='ocrx_word' id='word_1_20' title='bbox 1366 555 1608 604; x_wconf 90' lang='lat' dir='ltr'><strong>mortuos</strong></span> <span class='ocrx_word' id='word_1_21' title='bbox 1652 543 2045 616; x_wconf 73' lang='lat' dir='ltr'><strong>intelligamus,</strong></span> 
     </span>
    </p>
   </div>
   <div class='ocr_carea' id='block_1_4' title="bbox 456 635 2051 717">
    <p class='ocr_par' dir='ltr' id='par_1_4' title="bbox 456 635 2051 717">
     <span class='ocr_line' id='line_1_4' title="bbox 456 635 2051 717; baseline -0.012 -10"><span class='ocrx_word' id='word_1_22' title='bbox 456 652 596 708; x_wconf 88' lang='lat' dir='ltr'><strong>sicut</strong></span> <span class='ocrx_word' id='word_1_23' title='bbox 621 647 843 716; x_wconf 87' lang='lat' dir='ltr'><strong>dixi,in</strong></span> <span class='ocrx_word' id='word_1_24' title='bbox 877 659 1102 717; x_wconf 91' lang='lat' dir='ltr'><strong>quorum</strong></span> <span class='ocrx_word' id='word_1_25' title='bbox 1150 642 1366 698; x_wconf 86' lang='lat' dir='ltr'><strong>nomine</strong></span> <span class='ocrx_word' id='word_1_26' title='bbox 1408 639 1745 711; x_wconf 89' lang='lat' dir='ltr'><strong>baptizantur</strong></span> <span class='ocrx_word' id='word_1_27' title='bbox 1785 635 2051 692; x_wconf 82' lang='lat' dir='ltr'><strong>idolorum</strong></span> 
     </span>
    </p>
   </div>
   <div class='ocr_carea' id='block_1_5' title="bbox 451 729 2051 809">
    <p class='ocr_par' dir='ltr' id='par_1_5' title="bbox 451 729 2051 809">
     <span class='ocr_line' id='line_1_5' title="bbox 451 729 2051 809; baseline -0.011 -8"><span class='ocrx_word' id='word_1_28' title='bbox 451 743 690 801; x_wconf 72' lang='lat' dir='ltr'><strong>cultores</strong></span> <span class='ocrx_word' id='word_1_29' title='bbox 718 782 734 809; x_wconf 91' lang='lat'><strong>,</strong></span> <span class='ocrx_word' id='word_1_30' title='bbox 772 747 830 796; x_wconf 91' lang='lat' dir='ltr'><strong>ut</strong></span> <span class='ocrx_word' id='word_1_31' title='bbox 856 738 924 794; x_wconf 91' lang='lat' dir='ltr'><strong>ab</strong></span> <span class='ocrx_word' id='word_1_32' title='bbox 960 737 1053 794; x_wconf 92' lang='lat' dir='ltr'><strong>illo</strong></span> <span class='ocrx_word' id='word_1_33' title='bbox 1083 749 1348 807; x_wconf 82' lang='lat' dir='ltr'><strong>quemque</strong></span> <span class='ocrx_word' id='word_1_34' title='bbox 1379 732 1645 804; x_wconf 76' lang='lat' dir='ltr'><strong>intelligas</strong></span> <span class='ocrx_word' id='word_1_35' title='bbox 1681 729 2007 801; x_wconf 84' lang='lat' dir='ltr'><strong>baptizatum</strong></span> <span class='ocrx_word' id='word_1_36' title='bbox 2034 769 2051 796; x_wconf 95' lang='lat'><strong>,</strong></span> 
     </span>
    </p>
   </div>
   <div class='ocr_carea' id='block_1_6' title="bbox 451 822 2055 905">
    <p class='ocr_par' dir='ltr' id='par_1_6' title="bbox 451 822 2055 905">
     <span class='ocr_line' id='line_1_6' title="bbox 451 822 2055 905; baseline -0.009 -13"><span class='ocrx_word' id='word_1_37' title='bbox 451 835 506 892; x_wconf 89' lang='lat' dir='ltr'><strong>in</strong></span> <span class='ocrx_word' id='word_1_38' title='bbox 539 833 690 905; x_wconf 90' lang='lat' dir='ltr'><strong>cujus</strong></span> <span class='ocrx_word' id='word_1_39' title='bbox 726 831 943 888; x_wconf 90' lang='lat' dir='ltr'><strong>nomine</strong></span> <span class='ocrx_word' id='word_1_40' title='bbox 978 845 1038 885; x_wconf 90' lang='lat' dir='ltr'><strong>se</strong></span> <span class='ocrx_word' id='word_1_41' title='bbox 1079 827 1249 885; x_wconf 86' lang='lat' dir='ltr'><strong>credit</strong></span> <span class='ocrx_word' id='word_1_42' title='bbox 1276 841 1398 884; x_wconf 90' lang='lat' dir='ltr'><strong>esse</strong></span> <span class='ocrx_word' id='word_1_43' title='bbox 1425 824 1758 881; x_wconf 88' lang='lat' dir='ltr'><strong>mundatum.</strong></span> <span class='ocrx_word' id='word_1_44' title='bbox 1788 822 1865 878; x_wconf 88' lang='lat' dir='ltr'><strong>Ita</strong></span> <span class='ocrx_word' id='word_1_45' title='bbox 1910 822 2055 879; x_wconf 91' lang='lat' dir='ltr'><strong>enim</strong></span> 
     </span>
    </p>
   </div>
   <div class='ocr_carea' id='block_1_7' title="bbox 453 913 2053 994">
    <p class='ocr_par' dir='ltr' id='par_1_7' title="bbox 453 913 2053 994">
     <span class='ocr_line' id='line_1_7' title="bbox 453 913 2053 994; baseline -0.009 -10"><span class='ocrx_word' id='word_1_46' title='bbox 453 935 510 994; x_wconf 75' lang='lat' dir='ltr'><strong>et</strong></span> <span class='ocrx_word' id='word_1_47' title='bbox 543 927 652 984; x_wconf 91' lang='lat' dir='ltr'><strong>illic</strong></span> <span class='ocrx_word' id='word_1_48' title='bbox 680 924 858 981; x_wconf 91' lang='lat' dir='ltr'><strong>nullus</strong></span> <span class='ocrx_word' id='word_1_49' title='bbox 887 921 1148 994; x_wconf 82' lang='lat' dir='ltr'><strong>excipitur</strong></span> <span class='ocrx_word' id='word_1_50' title='bbox 1167 960 1182 986; x_wconf 92' lang='lat'><strong>,</strong></span> <span class='ocrx_word' id='word_1_51' title='bbox 1214 918 1392 976; x_wconf 91' lang='lat' dir='ltr'><strong>nullus</strong></span> <span class='ocrx_word' id='word_1_52' title='bbox 1417 917 1614 990; x_wconf 88' lang='lat' dir='ltr'><strong>quippe</strong></span> <span class='ocrx_word' id='word_1_53' title='bbox 1644 924 1889 973; x_wconf 88' lang='lat' dir='ltr'><strong>mortuus</strong></span> <span class='ocrx_word' id='word_1_54' title='bbox 1919 913 2053 970; x_wconf 90' lang='lat' dir='ltr'><strong>deus</strong></span> 
     </span>
    </p>
   </div>
   <div class='ocr_carea' id='block_1_8' title="bbox 407 1003 2052 1092">
    <p class='ocr_par' dir='ltr' id='par_1_8' title="bbox 407 1003 2052 1092">
     <span class='ocr_line' id='line_1_8' title="bbox 407 1003 2052 1092; baseline -0.006 -20"><span class='ocrx_word' id='word_1_55' title='bbox 407 1003 422 1072; x_wconf 86' lang='grc'><strong>.’</strong></span> <span class='ocrx_word' id='word_1_56' title='bbox 454 1020 791 1092; x_wconf 88' lang='lat' dir='ltr'><strong>Paganorum</strong></span> <span class='ocrx_word' id='word_1_57' title='bbox 816 1015 1078 1072; x_wconf 89' lang='lat' dir='ltr'><strong>mundare</strong></span> <span class='ocrx_word' id='word_1_58' title='bbox 1102 1021 1276 1085; x_wconf 78' lang='lat' dir='ltr'><strong>potest</strong></span> <span class='ocrx_word' id='word_1_59' title='bbox 1301 1011 1582 1068; x_wconf 84' lang='lat' dir='ltr'><strong>credentes</strong></span> <span class='ocrx_word' id='word_1_60' title='bbox 1607 1009 1660 1064; x_wconf 91' lang='lat' dir='ltr'><strong>in</strong></span> <span class='ocrx_word' id='word_1_61' title='bbox 1687 1023 1767 1066; x_wconf 86' lang='lat' dir='ltr'><strong>se.</strong></span> <span class='ocrx_word' id='word_1_62' title='bbox 1796 1006 1855 1064; x_wconf 88' lang='lat' dir='ltr'><strong>Si</strong></span> <span class='ocrx_word' id='word_1_63' title='bbox 1874 1015 2052 1063; x_wconf 89' lang='lat' dir='ltr'><strong>autem</strong></span> 
     </span>
    </p>
   </div>
   <div class='ocr_carea' id='block_1_9' title="bbox 414 1101 2055 1176">
    <p class='ocr_par' dir='ltr' id='par_1_9' title="bbox 414 1101 2055 1176">
     <span class='ocr_line' id='line_1_9' title="bbox 414 1101 2055 1176; baseline -0.008 -7"><span class='ocrx_word' id='word_1_64' title='bbox 414 1104 417 1107; x_wconf 69' lang='grc'><em>’</em></span> <span class='ocrx_word' id='word_1_65' title='bbox 457 1112 563 1169; x_wconf 92' lang='lat' dir='ltr'><strong>hoc</strong></span> <span class='ocrx_word' id='word_1_66' title='bbox 611 1113 730 1168; x_wconf 89' lang='lat' dir='ltr'><strong>loco</strong></span> <span class='ocrx_word' id='word_1_67' title='bbox 773 1125 990 1166; x_wconf 92' lang='lat' dir='ltr'><strong>omnem</strong></span> <span class='ocrx_word' id='word_1_68' title='bbox 1038 1107 1309 1164; x_wconf 87' lang='lat' dir='ltr'><strong>hominem</strong></span> <span class='ocrx_word' id='word_1_69' title='bbox 1348 1113 1686 1176; x_wconf 89' lang='lat' dir='ltr'><strong>peccatorem</strong></span> <span class='ocrx_word' id='word_1_70' title='bbox 1726 1101 2055 1158; x_wconf 81' lang='lat' dir='ltr'><strong>intellexeris</strong></span> 
     </span>
    </p>
   </div>
   <div class='ocr_carea' id='block_1_10' title="bbox 458 1195 2100 1274">
    <p class='ocr_par' dir='ltr' id='par_1_10' title="bbox 458 1195 2100 1274">
     <span class='ocr_line' id='line_1_10' title="bbox 458 1195 2100 1274; baseline -0.009 -11"><span class='ocrx_word' id='word_1_71' title='bbox 458 1217 766 1272; x_wconf 89' lang='lat' dir='ltr'><strong>mortuum;</strong></span> <span class='ocrx_word' id='word_1_72' title='bbox 801 1212 947 1260; x_wconf 88' lang='lat' dir='ltr'><strong>tanta</strong></span> <span class='ocrx_word' id='word_1_73' title='bbox 988 1217 1108 1274; x_wconf 74' lang='lat' dir='ltr'><strong>qua:</strong></span> <span class='ocrx_word' id='word_1_74' title='bbox 1145 1216 1248 1256; x_wconf 91' lang='lat' dir='ltr'><strong>non</strong></span> <span class='ocrx_word' id='word_1_75' title='bbox 1280 1199 1360 1255; x_wconf 88' lang='lat' dir='ltr'><strong>vis</strong></span> <span class='ocrx_word' id='word_1_76' title='bbox 1392 1207 1443 1254; x_wconf 90' lang='lat' dir='ltr'><strong>te</strong></span> <span class='ocrx_word' id='word_1_77' title='bbox 1481 1204 1775 1269; x_wconf 87' lang='lat' dir='ltr'><strong>sequentur</strong></span> <span class='ocrx_word' id='word_1_78' title='bbox 1801 1237 1817 1266; x_wconf 93' lang='lat'><strong>,</strong></span> <span class='ocrx_word' id='word_1_79' title='bbox 1850 1205 1909 1250; x_wconf 93' lang='lat' dir='ltr'><strong>ut</strong></span> <span class='ocrx_word' id='word_1_80' title='bbox 1938 1195 2052 1266; x_wconf 91' lang='lat' dir='ltr'><strong>ipse</strong></span> <span class='ocrx_word' id='word_1_81' title='bbox 2089 1220 2100 1228; x_wconf 91' lang='lat'><strong><em>-</em></strong></span> 
     </span>
    </p>
   </div>
   <div class='ocr_carea' id='block_1_11' title="bbox 459 1288 2055 1373">
    <p class='ocr_par' dir='ltr' id='par_1_11' title="bbox 459 1288 2055 1373">
     <span class='ocr_line' id='line_1_11' title="bbox 459 1288 2055 1373; baseline -0.007 -18"><span class='ocrx_word' id='word_1_82' title='bbox 459 1296 912 1373; x_wconf 82' lang='lat' dir='ltr'><strong>quemadmodum</strong></span> <span class='ocrx_word' id='word_1_83' title='bbox 955 1295 1102 1350; x_wconf 90' lang='lat' dir='ltr'><strong>vivas</strong></span> <span class='ocrx_word' id='word_1_84' title='bbox 1147 1293 1385 1349; x_wconf 90' lang='lat' dir='ltr'><strong>invenire</strong></span> <span class='ocrx_word' id='word_1_85' title='bbox 1427 1306 1534 1346; x_wconf 90' lang='lat' dir='ltr'><strong>non</strong></span> <span class='ocrx_word' id='word_1_86' title='bbox 1588 1288 1801 1362; x_wconf 86' lang='lat' dir='ltr'><strong>possis,</strong></span> <span class='ocrx_word' id='word_1_87' title='bbox 1843 1288 2055 1344; x_wconf 84' lang='lat' dir='ltr'><strong>dicente</strong></span> 
     </span>
    </p>
   </div>
   <div class='ocr_carea' id='block_1_12' title="bbox 458 1381 2056 1459">
    <p class='ocr_par' dir='ltr' id='par_1_12' title="bbox 458 1381 2056 1459">
     <span class='ocr_line' id='line_1_12' title="bbox 458 1381 2056 1459; baseline -0.006 -11"><span class='ocrx_word' id='word_1_88' title='bbox 458 1391 666 1448; x_wconf 79' lang='lat' dir='ltr'><strong>Joanne</strong></span> <span class='ocrx_word' id='word_1_89' title='bbox 682 1431 699 1459; x_wconf 97' lang='lat'><strong>,</strong></span> <span class='ocrx_word' id='word_1_90' title='bbox 731 1390 793 1447; x_wconf 99' lang='lat' dir='ltr'><strong>Si</strong></span> <span class='ocrx_word' id='word_1_91' title='bbox 822 1387 1097 1444; x_wconf 72' lang='lat' dir='ltr'><strong>dixerimus</strong></span> <span class='ocrx_word' id='word_1_92' title='bbox 1121 1385 1242 1458; x_wconf 97' lang='lat' dir='ltr'><strong>quia</strong></span> <span class='ocrx_word' id='word_1_93' title='bbox 1267 1395 1526 1458; x_wconf 86' lang='lat' dir='ltr'><strong>peccatum</strong></span> <span class='ocrx_word' id='word_1_94' title='bbox 1549 1400 1649 1438; x_wconf 86' lang='lat' dir='ltr'><strong>non</strong></span> <span class='ocrx_word' id='word_1_95' title='bbox 1675 1381 1933 1452; x_wconf 76' lang='lat' dir='ltr'><strong>habemus,</strong></span> <span class='ocrx_word' id='word_1_96' title='bbox 1965 1397 2056 1438; x_wconf 87' lang='lat' dir='ltr'><strong>nos</strong></span> 
     </span>
    </p>
   </div>
   <div class='ocr_carea' id='block_1_13' title="bbox 459 1474 2050 1556">
    <p class='ocr_par' dir='ltr' id='par_1_13' title="bbox 459 1474 2050 1556">
     <span class='ocr_line' id='line_1_13' title="bbox 459 1474 2050 1556; baseline -0.005 -18"><span class='ocrx_word' id='word_1_97' title='bbox 459 1484 599 1556; x_wconf 88' lang='lat' dir='ltr'><strong>ipsos</strong></span> <span class='ocrx_word' id='word_1_98' title='bbox 615 1483 914 1553; x_wconf 73' lang='lat' dir='ltr'><strong>decipimus,</strong></span> <span class='ocrx_word' id='word_1_99' title='bbox 941 1491 987 1536; x_wconf 90' lang='lat' dir='ltr'><strong>et</strong></span> <span class='ocrx_word' id='word_1_100' title='bbox 1009 1482 1192 1536; x_wconf 86' lang='lat' dir='ltr'><strong>ueritas</strong></span> <span class='ocrx_word' id='word_1_101' title='bbox 1208 1479 1260 1534; x_wconf 91' lang='lat' dir='ltr'><strong>in</strong></span> <span class='ocrx_word' id='word_1_102' title='bbox 1286 1478 1428 1534; x_wconf 89' lang='lat' dir='ltr'><strong>nobis</strong></span> <span class='ocrx_word' id='word_1_103' title='bbox 1445 1493 1545 1533; x_wconf 88' lang='lat' dir='ltr'><strong>non</strong></span> <span class='ocrx_word' id='word_1_104' title='bbox 1565 1486 1636 1532; x_wconf 89' lang='lat' dir='ltr'><strong>est</strong></span> <span class='ocrx_word' id='word_1_105' title='bbox 1659 1474 1703 1549; x_wconf 89' lang='grc' dir='ltr'><strong>(Ι</strong></span> <span class='ocrx_word' id='word_1_106' title='bbox 1716 1474 1872 1531; x_wconf 82' lang='lat' dir='ltr'><strong>Joan.</strong></span> <span class='ocrx_word' id='word_1_107' title='bbox 1898 1491 1937 1543; x_wconf 87' lang='grc' dir='ltr'><strong>ι,</strong></span> <span class='ocrx_word' id='word_1_108' title='bbox 1955 1474 2014 1546; x_wconf 88' lang='grc'><strong>8)</strong></span> <span class='ocrx_word' id='word_1_109' title='bbox 2036 1493 2050 1530; x_wconf 92' lang='lat'><strong>:</strong></span> 
     </span>
    </p>
   </div>
   <div class='ocr_carea' id='block_1_14' title="bbox 463 1569 2053 1642">
    <p class='ocr_par' dir='ltr' id='par_1_14' title="bbox 463 1569 2053 1642">
     <span class='ocr_line' id='line_1_14' title="bbox 463 1569 2053 1642; baseline -0.004 -11"><span class='ocrx_word' id='word_1_110' title='bbox 463 1584 522 1632; x_wconf 91' lang='lat' dir='ltr'><strong>ut</strong></span> <span class='ocrx_word' id='word_1_111' title='bbox 546 1573 765 1631; x_wconf 91' lang='lat' dir='ltr'><strong>omnino</strong></span> <span class='ocrx_word' id='word_1_112' title='bbox 787 1588 892 1630; x_wconf 91' lang='lat' dir='ltr'><strong>non</strong></span> <span class='ocrx_word' id='word_1_113' title='bbox 923 1572 1164 1629; x_wconf 80' lang='lat' dir='ltr'><strong>invenias</strong></span> <span class='ocrx_word' id='word_1_114' title='bbox 1187 1571 1456 1628; x_wconf 85' lang='lat' dir='ltr'><strong>hominem</strong></span> <span class='ocrx_word' id='word_1_115' title='bbox 1488 1583 1516 1624; x_wconf 91' lang='lat' dir='ltr'><strong>a</strong></span> <span class='ocrx_word' id='word_1_116' title='bbox 1545 1583 1653 1642; x_wconf 90' lang='lat' dir='ltr'><strong>quo</strong></span> <span class='ocrx_word' id='word_1_117' title='bbox 1679 1569 1983 1642; x_wconf 89' lang='lat' dir='ltr'><strong>baptizcris,</strong></span> <span class='ocrx_word' id='word_1_118' title='bbox 2007 1569 2053 1625; x_wconf 89' lang='lat' dir='ltr'><strong>si</strong></span> 
     </span>
    </p>
   </div>
   <div class='ocr_carea' id='block_1_15' title="bbox 459 1663 1589 1739">
    <p class='ocr_par' dir='ltr' id='par_1_15' title="bbox 459 1663 1589 1739">
     <span class='ocr_line' id='line_1_15' title="bbox 459 1663 1589 1739; baseline -0.004 -16"><span class='ocrx_word' id='word_1_119' title='bbox 459 1681 676 1723; x_wconf 91' lang='lat' dir='ltr'><strong>omnem</strong></span> <span class='ocrx_word' id='word_1_120' title='bbox 706 1673 1041 1739; x_wconf 87' lang='lat' dir='ltr'><strong>peccatorem</strong></span> <span class='ocrx_word' id='word_1_121' title='bbox 1071 1664 1308 1722; x_wconf 88' lang='lat' dir='ltr'><strong>devitarc</strong></span> <span class='ocrx_word' id='word_1_122' title='bbox 1335 1663 1589 1721; x_wconf 89' lang='lat' dir='ltr'><strong>volucris.</strong></span> 
     </span>
    </p>
   </div>
   <div class='ocr_carea' id='block_1_16' title="bbox 531 1755 2044 1827">
    <p class='ocr_par' dir='ltr' id='par_1_16' title="bbox 531 1755 2044 1827">
     <span class='ocr_line' id='line_1_16' title="bbox 531 1755 2044 1827; baseline -0.005 -12"><span class='ocrx_word' id='word_1_123' title='bbox 531 1757 757 1816; x_wconf 84' lang='lat' dir='ltr'><strong>CAPUT</strong></span> <span class='ocrx_word' id='word_1_124' title='bbox 785 1755 1019 1814; x_wconf 81' lang='lat' dir='ltr'><strong>XXVIII.</strong></span> <span class='ocrx_word' id='word_1_125' title='bbox 1041 1787 1114 1798; x_wconf 93' lang='lat'><strong>-—</strong></span> <span class='ocrx_word' id='word_1_126' title='bbox 1132 1757 1222 1814; x_wconf 74' lang='grc'><strong>54.</strong></span> <span class='ocrx_word' id='word_1_127' title='bbox 1245 1756 1560 1827; x_wconf 86' lang='lat' dir='ltr'><strong>Quanquam</strong></span> <span class='ocrx_word' id='word_1_128' title='bbox 1585 1755 1630 1810; x_wconf 92' lang='lat' dir='ltr'><strong>si</strong></span> <span class='ocrx_word' id='word_1_129' title='bbox 1653 1768 1870 1826; x_wconf 86' lang='lat' dir='ltr'><strong>prorsus</strong></span> <span class='ocrx_word' id='word_1_130' title='bbox 1893 1767 2044 1809; x_wconf 85' lang='lat' dir='ltr'><strong>mor-</strong></span> 
     </span>
    </p>
   </div>
   <div class='ocr_carea' id='block_1_17' title="bbox 459 1844 2052 1923">
    <p class='ocr_par' dir='ltr' id='par_1_17' title="bbox 459 1844 2052 1923">
     <span class='ocr_line' id='line_1_17' title="bbox 459 1844 2052 1923; baseline -0.005 -15"><span class='ocrx_word' id='word_1_131' title='bbox 459 1853 744 1908; x_wconf 88' lang='lat' dir='ltr'><strong>tuumnon</strong></span> <span class='ocrx_word' id='word_1_132' title='bbox 774 1850 1102 1923; x_wconf 88' lang='lat' dir='ltr'><strong>intelligercs</strong></span> <span class='ocrx_word' id='word_1_133' title='bbox 1139 1848 1242 1906; x_wconf 90' lang='lat' dir='ltr'><strong>nisi</strong></span> <span class='ocrx_word' id='word_1_134' title='bbox 1281 1848 1589 1904; x_wconf 86' lang='lat' dir='ltr'><strong>haereticum</strong></span> <span class='ocrx_word' id='word_1_135' title='bbox 1631 1846 1716 1902; x_wconf 87' lang='lat' dir='ltr'><strong>vel</strong></span> <span class='ocrx_word' id='word_1_136' title='bbox 1745 1844 2052 1902; x_wconf 86' lang='lat' dir='ltr'><strong>schismati-</strong></span> 
     </span>
    </p>
   </div>
   <div class='ocr_carea' id='block_1_18' title="bbox 460 1936 2055 2015">
    <p class='ocr_par' dir='ltr' id='par_1_18' title="bbox 460 1936 2055 2015">
     <span class='ocr_line' id='line_1_18' title="bbox 460 1936 2055 2015; baseline -0.006 -15"><span class='ocrx_word' id='word_1_137' title='bbox 460 1957 606 2010; x_wconf 90' lang='lat' dir='ltr'><strong>cum,</strong></span> <span class='ocrx_word' id='word_1_138' title='bbox 633 1950 691 2000; x_wconf 93' lang='lat' dir='ltr'><strong>ut</strong></span> <span class='ocrx_word' id='word_1_139' title='bbox 712 1941 954 2015; x_wconf 86' lang='lat' dir='ltr'><strong>quisquis</strong></span> <span class='ocrx_word' id='word_1_140' title='bbox 978 1941 1119 2013; x_wconf 89' lang='lat' dir='ltr'><strong>apud</strong></span> <span class='ocrx_word' id='word_1_141' title='bbox 1147 1955 1241 1997; x_wconf 89' lang='lat' dir='ltr'><strong>eos</strong></span> <span class='ocrx_word' id='word_1_142' title='bbox 1269 1939 1567 2012; x_wconf 87' lang='lat' dir='ltr'><strong>baptizatur</strong></span> <span class='ocrx_word' id='word_1_143' title='bbox 1596 1937 1640 1993; x_wconf 80' lang='grc' dir='ltr'><em>Α</em></span> <span class='ocrx_word' id='word_1_144' title='bbox 1670 1947 1891 2006; x_wconf 90' lang='lat' dir='ltr'><strong>mortuo,</strong></span> <span class='ocrx_word' id='word_1_145' title='bbox 1931 1936 2055 2010; x_wconf 90' lang='lat' dir='ltr'><strong>quid</strong></span> 
     </span>
    </p>
   </div>
   <div class='ocr_carea' id='block_1_19' title="bbox 457 2031 2054 2109">
    <p class='ocr_par' dir='ltr' id='par_1_19' title="bbox 457 2031 2054 2109">
     <span class='ocr_line' id='line_1_19' title="bbox 457 2031 2054 2109; baseline -0.004 -16"><span class='ocrx_word' id='word_1_146' title='bbox 457 2038 504 2094; x_wconf 90' lang='lat' dir='ltr'><strong>ei</strong></span> <span class='ocrx_word' id='word_1_147' title='bbox 533 2037 734 2109; x_wconf 81' lang='lat' dir='ltr'><strong>prodest</strong></span> <span class='ocrx_word' id='word_1_148' title='bbox 775 2035 960 2091; x_wconf 85' lang='lat' dir='ltr'><strong>lavatio</strong></span> <span class='ocrx_word' id='word_1_149' title='bbox 988 2035 1100 2102; x_wconf 83' lang='lat' dir='ltr'><strong>eius</strong></span> <span class='ocrx_word' id='word_1_150' title='bbox 1126 2035 1142 2066; x_wconf 83' lang='grc'>¹</span> <span class='ocrx_word' id='word_1_151' title='bbox 1175 2033 1198 2088; x_wconf 89' lang='lat'><strong>?</strong></span> <span class='ocrx_word' id='word_1_152' title='bbox 1244 2032 1388 2105; x_wconf 89' lang='lat' dir='ltr'><strong>quod</strong></span> <span class='ocrx_word' id='word_1_153' title='bbox 1432 2031 1616 2099; x_wconf 89' lang='lat' dir='ltr'><strong>vides,</strong></span> <span class='ocrx_word' id='word_1_154' title='bbox 1648 2046 1806 2103; x_wconf 89' lang='lat' dir='ltr'><strong>quam</strong></span> <span class='ocrx_word' id='word_1_155' title='bbox 1861 2031 2054 2102; x_wconf 67' lang='lat' dir='ltr'><strong>pracci-</strong></span> 
     </span>
    </p>
   </div>
   <div class='ocr_carea' id='block_1_20' title="bbox 457 2124 2052 2204">
    <p class='ocr_par' dir='ltr' id='par_1_20' title="bbox 457 2124 2052 2204">
     <span class='ocr_line' id='line_1_20' title="bbox 457 2124 2052 2204; baseline -0.004 -18"><span class='ocrx_word' id='word_1_156' title='bbox 457 2132 554 2204; x_wconf 86' lang='lat' dir='ltr'><strong>piti</strong></span> <span class='ocrx_word' id='word_1_157' title='bbox 585 2131 1002 2202; x_wconf 72' lang='lat' dir='ltr'><strong>prmsumptionc</strong></span> <span class='ocrx_word' id='word_1_158' title='bbox 1027 2131 1117 2184; x_wconf 81' lang='lat' dir='ltr'><strong>sic</strong></span> <span class='ocrx_word' id='word_1_159' title='bbox 1152 2127 1479 2198; x_wconf 90' lang='lat' dir='ltr'><strong>accipiatur,</strong></span> <span class='ocrx_word' id='word_1_160' title='bbox 1524 2140 1588 2181; x_wconf 92' lang='lat' dir='ltr'><strong>ac</strong></span> <span class='ocrx_word' id='word_1_161' title='bbox 1626 2125 1673 2182; x_wconf 91' lang='lat' dir='ltr'><strong>si</strong></span> <span class='ocrx_word' id='word_1_162' title='bbox 1720 2124 1921 2182; x_wconf 91' lang='lat' dir='ltr'><strong>dictum</strong></span> <span class='ocrx_word' id='word_1_163' title='bbox 1946 2125 2052 2193; x_wconf 93' lang='lat' dir='ltr'><strong>sit,</strong></span> 
     </span>
    </p>
   </div>
   <div class='ocr_carea' id='block_1_21' title="bbox 456 2217 2054 2292">
    <p class='ocr_par' dir='ltr' id='par_1_21' title="bbox 456 2217 2054 2292">
     <span class='ocr_line' id='line_1_21' title="bbox 456 2217 2054 2292; baseline -0.003 -14"><span class='ocrx_word' id='word_1_164' title='bbox 456 2221 562 2292; x_wconf 80' lang='lat' dir='ltr'><strong>Qui</strong></span> <span class='ocrx_word' id='word_1_165' title='bbox 588 2220 886 2292; x_wconf 86' lang='lat' dir='ltr'><strong>baptizatur</strong></span> <span class='ocrx_word' id='word_1_166' title='bbox 912 2219 980 2276; x_wconf 91' lang='lat' dir='ltr'><strong>ab</strong></span> <span class='ocrx_word' id='word_1_167' title='bbox 1019 2219 1274 2276; x_wconf 68' lang='lat' dir='ltr'><strong>hmretico</strong></span> <span class='ocrx_word' id='word_1_168' title='bbox 1298 2218 1384 2274; x_wconf 87' lang='lat' dir='ltr'><strong>vel</strong></span> <span class='ocrx_word' id='word_1_169' title='bbox 1413 2217 1757 2274; x_wconf 89' lang='lat' dir='ltr'><strong>schismatico</strong></span> <span class='ocrx_word' id='word_1_170' title='bbox 1789 2235 1802 2272; x_wconf 87' lang='lat'><strong>:</strong></span> <span class='ocrx_word' id='word_1_171' title='bbox 1832 2232 1932 2274; x_wconf 88' lang='lat' dir='ltr'><strong>nec</strong></span> <span class='ocrx_word' id='word_1_172' title='bbox 1974 2218 2054 2275; x_wconf 91' lang='lat' dir='ltr'><strong>sic</strong></span> 
     </span>
    </p>
   </div>
   <div class='ocr_carea' id='block_1_22' title="bbox 465 2309 2052 2383">
    <p class='ocr_par' dir='ltr' id='par_1_22' title="bbox 465 2309 2052 2383">
     <span class='ocr_line' id='line_1_22' title="bbox 465 2309 2052 2383; baseline 0 -14"><span class='ocrx_word' id='word_1_173' title='bbox 465 2321 653 2370; x_wconf 89' lang='lat' dir='ltr'><strong>contra</strong></span> <span class='ocrx_word' id='word_1_174' title='bbox 681 2325 777 2368; x_wconf 90' lang='lat' dir='ltr'><strong>nos</strong></span> <span class='ocrx_word' id='word_1_175' title='bbox 805 2319 979 2379; x_wconf 90' lang='lat' dir='ltr'><strong>esset,</strong></span> <span class='ocrx_word' id='word_1_176' title='bbox 1009 2311 1100 2383; x_wconf 91' lang='lat' dir='ltr'><strong>qui</strong></span> <span class='ocrx_word' id='word_1_177' title='bbox 1138 2309 1369 2367; x_wconf 79' lang='lat' dir='ltr'><strong>fatentur</strong></span> <span class='ocrx_word' id='word_1_178' title='bbox 1398 2309 1532 2366; x_wconf 87' lang='lat' dir='ltr'><strong>nihil</strong></span> <span class='ocrx_word' id='word_1_179' title='bbox 1559 2310 1814 2382; x_wconf 89' lang='lat' dir='ltr'><strong>prodesse</strong></span> <span class='ocrx_word' id='word_1_180' title='bbox 1849 2312 2052 2369; x_wconf 89' lang='lat' dir='ltr'><strong>homini</strong></span> 
     </span>
    </p>
   </div>
   <div class='ocr_carea' id='block_1_23' title="bbox 458 2401 2050 2474">
    <p class='ocr_par' dir='ltr' id='par_1_23' title="bbox 458 2401 2050 2474">
     <span class='ocr_line' id='line_1_23' title="bbox 458 2401 2050 2474; baseline 0 -14"><span class='ocrx_word' id='word_1_181' title='bbox 458 2403 790 2474; x_wconf 86' lang='lat' dir='ltr'><strong>Baptismum</strong></span> <span class='ocrx_word' id='word_1_182' title='bbox 821 2401 1036 2471; x_wconf 87' lang='lat' dir='ltr'><strong>Christi,</strong></span> <span class='ocrx_word' id='word_1_183' title='bbox 1066 2402 1112 2458; x_wconf 91' lang='lat' dir='ltr'><strong>si</strong></span> <span class='ocrx_word' id='word_1_184' title='bbox 1142 2401 1283 2472; x_wconf 92' lang='lat' dir='ltr'><strong>apud</strong></span> <span class='ocrx_word' id='word_1_185' title='bbox 1319 2401 1599 2458; x_wconf 83' lang='lat' dir='ltr'><strong>haereticos</strong></span> <span class='ocrx_word' id='word_1_186' title='bbox 1633 2402 1717 2458; x_wconf 88' lang='lat' dir='ltr'><strong>vel</strong></span> <span class='ocrx_word' id='word_1_187' title='bbox 1743 2403 2050 2461; x_wconf 86' lang='lat' dir='ltr'><strong>schismati-</strong></span> 
     </span>
    </p>
   </div>
   <div class='ocr_carea' id='block_1_24' title="bbox 457 2496 2052 2571">
    <p class='ocr_par' dir='ltr' id='par_1_24' title="bbox 457 2496 2052 2571">
     <span class='ocr_line' id='line_1_24' title="bbox 457 2496 2052 2571; baseline 0.002 -17"><span class='ocrx_word' id='word_1_188' title='bbox 457 2511 554 2554; x_wconf 89' lang='lat' dir='ltr'><strong>cos</strong></span> <span class='ocrx_word' id='word_1_189' title='bbox 577 2496 873 2568; x_wconf 89' lang='lat' dir='ltr'><strong>baptizetur</strong></span> <span class='ocrx_word' id='word_1_190' title='bbox 891 2537 906 2563; x_wconf 93' lang='lat'><strong>,</strong></span> <span class='ocrx_word' id='word_1_191' title='bbox 938 2497 1017 2553; x_wconf 90' lang='lat' dir='ltr'><strong>eis</strong></span> <span class='ocrx_word' id='word_1_192' title='bbox 1043 2496 1173 2568; x_wconf 90' lang='lat' dir='ltr'><strong>ipsis</strong></span> <span class='ocrx_word' id='word_1_193' title='bbox 1201 2496 1441 2553; x_wconf 88' lang='lat' dir='ltr'><strong>tribuens</strong></span> <span class='ocrx_word' id='word_1_194' title='bbox 1472 2497 1804 2568; x_wconf 87' lang='lat' dir='ltr'><strong>Baptismum</strong></span> <span class='ocrx_word' id='word_1_195' title='bbox 1826 2513 1933 2571; x_wconf 93' lang='lat' dir='ltr'><strong>quo</strong></span> <span class='ocrx_word' id='word_1_196' title='bbox 1956 2499 2052 2557; x_wconf 88' lang='lat' dir='ltr'><strong>ba-</strong></span> 
     </span>
    </p>
   </div>
   <div class='ocr_carea' id='block_1_25' title="bbox 459 2588 2054 2662">
    <p class='ocr_par' dir='ltr' id='par_1_25' title="bbox 459 2588 2054 2662">
     <span class='ocr_line' id='line_1_25' title="bbox 459 2588 2054 2662; baseline 0.003 -18"><span class='ocrx_word' id='word_1_197' title='bbox 459 2589 721 2662; x_wconf 89' lang='lat' dir='ltr'><strong>ptizatur;</strong></span> <span class='ocrx_word' id='word_1_198' title='bbox 749 2588 842 2645; x_wconf 89' lang='lat' dir='ltr'><strong>sed</strong></span> <span class='ocrx_word' id='word_1_199' title='bbox 876 2597 1001 2645; x_wconf 91' lang='lat' dir='ltr'><strong>tunc</strong></span> <span class='ocrx_word' id='word_1_200' title='bbox 1038 2589 1087 2645; x_wconf 91' lang='lat' dir='ltr'><strong>ei</strong></span> <span class='ocrx_word' id='word_1_201' title='bbox 1118 2588 1376 2661; x_wconf 89' lang='lat' dir='ltr'><strong>prodesse</strong></span> <span class='ocrx_word' id='word_1_202' title='bbox 1405 2589 1644 2660; x_wconf 89' lang='lat' dir='ltr'><strong>incipere</strong></span> <span class='ocrx_word' id='word_1_203' title='bbox 1668 2632 1682 2656; x_wconf 90' lang='lat'><strong>,</strong></span> <span class='ocrx_word' id='word_1_204' title='bbox 1709 2606 1832 2647; x_wconf 92' lang='lat' dir='ltr'><strong>cum</strong></span> <span class='ocrx_word' id='word_1_205' title='bbox 1863 2593 2054 2649; x_wconf 87' lang='lat' dir='ltr'><strong>transit</strong></span> 
     </span>
    </p>
   </div>
   <div class='ocr_carea' id='block_1_26' title="bbox 455 2679 2053 2752">
    <p class='ocr_par' dir='ltr' id='par_1_26' title="bbox 455 2679 2053 2752">
     <span class='ocr_line' id='line_1_26' title="bbox 455 2679 2053 2752; baseline 0.003 -16"><span class='ocrx_word' id='word_1_206' title='bbox 455 2679 526 2736; x_wconf 91' lang='lat' dir='ltr'><strong>ad</strong></span> <span class='ocrx_word' id='word_1_207' title='bbox 553 2694 748 2752; x_wconf 91' lang='lat' dir='ltr'><strong>corpus</strong></span> <span class='ocrx_word' id='word_1_208' title='bbox 774 2679 994 2747; x_wconf 89' lang='lat' dir='ltr'><strong>Christi,</strong></span> <span class='ocrx_word' id='word_1_209' title='bbox 1037 2679 1180 2752; x_wconf 93' lang='lat' dir='ltr'><strong>quod</strong></span> <span class='ocrx_word' id='word_1_210' title='bbox 1223 2691 1307 2737; x_wconf 90' lang='lat' dir='ltr'><strong>est</strong></span> <span class='ocrx_word' id='word_1_211' title='bbox 1345 2681 1583 2738; x_wconf 87' lang='lat' dir='ltr'><strong>Ecclesia</strong></span> <span class='ocrx_word' id='word_1_212' title='bbox 1612 2682 1707 2739; x_wconf 87' lang='lat' dir='ltr'><strong>Dei</strong></span> <span class='ocrx_word' id='word_1_213' title='bbox 1744 2684 1869 2739; x_wconf 81' lang='lat' dir='ltr'><strong>vivi.</strong></span> <span class='ocrx_word' id='word_1_214' title='bbox 1900 2683 2053 2741; x_wconf 89' lang='lat' dir='ltr'><strong>Tunc</strong></span> 
     </span>
    </p>
   </div>
   <div class='ocr_carea' id='block_1_27' title="bbox 457 2773 2049 2847">
    <p class='ocr_par' dir='ltr' id='par_1_27' title="bbox 457 2773 2049 2847">
     <span class='ocr_line' id='line_1_27' title="bbox 457 2773 2049 2847; baseline 0.001 -16"><span class='ocrx_word' id='word_1_215' title='bbox 457 2775 602 2831; x_wconf 88' lang='lat' dir='ltr'><strong>enim</strong></span> <span class='ocrx_word' id='word_1_216' title='bbox 630 2774 728 2830; x_wconf 89' lang='lat' dir='ltr'><strong>sub</strong></span> <span class='ocrx_word' id='word_1_217' title='bbox 753 2774 942 2831; x_wconf 85' lang='lat' dir='ltr'><strong>eodem</strong></span> <span class='ocrx_word' id='word_1_218' title='bbox 974 2775 1246 2845; x_wconf 88' lang='lat' dir='ltr'><strong>Baptismo</strong></span> <span class='ocrx_word' id='word_1_219' title='bbox 1266 2773 1409 2847; x_wconf 91' lang='lat' dir='ltr'><strong>quod</strong></span> <span class='ocrx_word' id='word_1_220' title='bbox 1439 2783 1494 2832; x_wconf 89' lang='lat' dir='ltr'><strong>et</strong></span> <span class='ocrx_word' id='word_1_221' title='bbox 1520 2774 1649 2831; x_wconf 85' lang='lat' dir='ltr'><strong>foris</strong></span> <span class='ocrx_word' id='word_1_222' title='bbox 1671 2775 1869 2833; x_wconf 84' lang='lat' dir='ltr'><strong>Christi</strong></span> <span class='ocrx_word' id='word_1_223' title='bbox 1897 2786 2012 2834; x_wconf 89' lang='lat' dir='ltr'><strong>erat</strong></span> <span class='ocrx_word' id='word_1_224' title='bbox 2032 2818 2049 2845; x_wconf 92' lang='lat'><strong>,</strong></span> 
     </span>
    </p>
   </div>
   <div class='ocr_carea' id='block_1_28' title="bbox 456 2865 2045 2940">
    <p class='ocr_par' dir='ltr' id='par_1_28' title="bbox 456 2865 2045 2940">
     <span class='ocr_line' id='line_1_28' title="bbox 456 2865 2045 2940; baseline 0.001 -16"><span class='ocrx_word' id='word_1_225' title='bbox 456 2867 554 2924; x_wconf 85' lang='lat' dir='ltr'><strong>sed</strong></span> <span class='ocrx_word' id='word_1_226' title='bbox 580 2865 709 2924; x_wconf 87' lang='lat' dir='ltr'><strong>foris</strong></span> <span class='ocrx_word' id='word_1_227' title='bbox 743 2867 918 2939; x_wconf 91' lang='lat' dir='ltr'><strong>posito</strong></span> <span class='ocrx_word' id='word_1_228' title='bbox 949 2866 1080 2922; x_wconf 87' lang='lat' dir='ltr'><strong>nihil</strong></span> <span class='ocrx_word' id='word_1_229' title='bbox 1117 2866 1391 2938; x_wconf 87' lang='lat' dir='ltr'><strong>proderat,</strong></span> <span class='ocrx_word' id='word_1_230' title='bbox 1422 2867 1680 2924; x_wconf 88' lang='lat' dir='ltr'><strong>mundan</strong></span> <span class='ocrx_word' id='word_1_231' title='bbox 1709 2869 1950 2940; x_wconf 87' lang='lat' dir='ltr'><strong>proderit</strong></span> <span class='ocrx_word' id='word_1_232' title='bbox 1973 2869 2045 2926; x_wconf 90' lang='lat' dir='ltr'><strong>ab</strong></span> 
     </span>
    </p>
   </div>
   <div class='ocr_carea' id='block_1_29' title="bbox 456 2959 1422 3031">
    <p class='ocr_par' dir='ltr' id='par_1_29' title="bbox 456 2959 1422 3031">
     <span class='ocr_line' id='line_1_29' title="bbox 456 2959 1422 3031; baseline -0.003 -15"><span class='ocrx_word' id='word_1_233' title='bbox 456 2973 526 3016; x_wconf 82' lang='lat' dir='ltr'><strong>eo</strong></span> <span class='ocrx_word' id='word_1_234' title='bbox 549 2960 702 3031; x_wconf 89' lang='lat' dir='ltr'><strong>cujus</strong></span> <span class='ocrx_word' id='word_1_235' title='bbox 725 2959 982 3016; x_wconf 89' lang='lat' dir='ltr'><strong>membris</strong></span> <span class='ocrx_word' id='word_1_236' title='bbox 1006 2959 1236 3015; x_wconf 90' lang='lat' dir='ltr'><strong>insertus</strong></span> <span class='ocrx_word' id='word_1_237' title='bbox 1261 2967 1344 3015; x_wconf 89' lang='lat' dir='ltr'><strong>est</strong></span> <span class='ocrx_word' id='word_1_238' title='bbox 1376 2961 1422 3013; x_wconf 80' lang='grc'><strong>⁸.</strong></span> 
     </span>
    </p>
   </div>
   <div class='ocr_carea' id='block_1_30' title="bbox 530 3049 2046 3109">
    <p class='ocr_par' dir='ltr' id='par_1_30' title="bbox 530 3049 2046 3109">
     <span class='ocr_line' id='line_1_30' title="bbox 530 3049 2046 3109; baseline 0.002 -3"><span class='ocrx_word' id='word_1_239' title='bbox 530 3050 621 3106; x_wconf 77' lang='lat'><strong>35.</strong></span> <span class='ocrx_word' id='word_1_240' title='bbox 659 3050 768 3106; x_wconf 91' lang='lat' dir='ltr'><strong>Nec</strong></span> <span class='ocrx_word' id='word_1_241' title='bbox 809 3050 952 3106; x_wconf 91' lang='lat' dir='ltr'><strong>illam</strong></span> <span class='ocrx_word' id='word_1_242' title='bbox 987 3057 1130 3105; x_wconf 88' lang='lat' dir='ltr'><strong>tuam</strong></span> <span class='ocrx_word' id='word_1_243' title='bbox 1171 3049 1393 3105; x_wconf 89' lang='lat' dir='ltr'><strong>nimium</strong></span> <span class='ocrx_word' id='word_1_244' title='bbox 1433 3065 1674 3106; x_wconf 89' lang='lat' dir='ltr'><strong>severam</strong></span> <span class='ocrx_word' id='word_1_245' title='bbox 1723 3053 2046 3109; x_wconf 89' lang='lat' dir='ltr'><strong>sententiam</strong></span> 
     </span>
    </p>
   </div>
   <div class='ocr_carea' id='block_1_31' title="bbox 458 3142 2050 3216">
    <p class='ocr_par' dir='ltr' id='par_1_31' title="bbox 458 3142 2050 3216">
     <span class='ocr_line' id='line_1_31' title="bbox 458 3142 2050 3216; baseline 0.003 -16"><span class='ocrx_word' id='word_1_246' title='bbox 458 3143 779 3211; x_wconf 85' lang='lat' dir='ltr'><strong>formidabo,</strong></span> <span class='ocrx_word' id='word_1_247' title='bbox 809 3158 913 3215; x_wconf 91' lang='lat' dir='ltr'><strong>qua</strong></span> <span class='ocrx_word' id='word_1_248' title='bbox 940 3142 1156 3210; x_wconf 77' lang='lat' dir='ltr'><strong>dixisti,</strong></span> <span class='ocrx_word' id='word_1_249' title='bbox 1188 3143 1426 3216; x_wconf 78' lang='lat' dir='ltr'><strong>Quisquis</strong></span> <span class='ocrx_word' id='word_1_250' title='bbox 1457 3154 1693 3216; x_wconf 86' lang='lat' dir='ltr'><strong>peccator</strong></span> <span class='ocrx_word' id='word_1_251' title='bbox 1717 3147 1850 3202; x_wconf 89' lang='lat' dir='ltr'><strong>inter</strong></span> <span class='ocrx_word' id='word_1_252' title='bbox 1877 3164 2050 3206; x_wconf 87' lang='lat' dir='ltr'><strong>omnes</strong></span> 
     </span>
    </p>
   </div>
   <div class='ocr_carea' id='block_1_32' title="bbox 464 3237 2050 3314">
    <p class='ocr_par' dir='ltr' id='par_1_32' title="bbox 464 3237 2050 3314">
     <span class='ocr_line' id='line_1_32' title="bbox 464 3237 2050 3314; baseline 0.003 -21"><span class='ocrx_word' id='word_1_253' title='bbox 464 3238 690 3295; x_wconf 87' lang='lat' dir='ltr'><strong>homines</strong></span> <span class='ocrx_word' id='word_1_254' title='bbox 713 3239 886 3310; x_wconf 77' lang='lat' dir='ltr'><strong>fuerit,</strong></span> <span class='ocrx_word' id='word_1_255' title='bbox 909 3240 1002 3310; x_wconf 92' lang='lat' dir='ltr'><strong>jus</strong></span> <span class='ocrx_word' id='word_1_256' title='bbox 1030 3239 1125 3294; x_wconf 83' lang='lat' dir='ltr'><strong>sibi</strong></span> <span class='ocrx_word' id='word_1_257' title='bbox 1147 3237 1477 3311; x_wconf 88' lang='lat' dir='ltr'><strong>Baptismatis</strong></span> <span class='ocrx_word' id='word_1_258' title='bbox 1525 3258 1626 3298; x_wconf 87' lang='lat' dir='ltr'><strong>non</strong></span> <span class='ocrx_word' id='word_1_259' title='bbox 1664 3250 1871 3314; x_wconf 84' lang='lat' dir='ltr'><strong>usurpet</strong></span> <span class='ocrx_word' id='word_1_260' title='bbox 1900 3257 1918 3298; x_wconf 92' lang='lat'><em>:</em></span> <span class='ocrx_word' id='word_1_261' title='bbox 1948 3242 2050 3298; x_wconf 84' lang='lat' dir='ltr'><strong>nisi</strong></span> 
     </span>
    </p>
   </div>
   <div class='ocr_carea' id='block_1_33' title="bbox 459 3332 2041 3406">
    <p class='ocr_par' dir='ltr' id='par_1_33' title="bbox 459 3332 2041 3406">
     <span class='ocr_line' id='line_1_33' title="bbox 459 3332 2041 3406; baseline 0.003 -19"><span class='ocrx_word' id='word_1_262' title='bbox 459 3334 581 3406; x_wconf 86' lang='lat' dir='ltr'><strong>quia</strong></span> <span class='ocrx_word' id='word_1_263' title='bbox 609 3347 715 3388; x_wconf 89' lang='lat' dir='ltr'><strong>non</strong></span> <span class='ocrx_word' id='word_1_264' title='bbox 746 3332 952 3389; x_wconf 81' lang='lat' dir='ltr'><strong>invenis</strong></span> <span class='ocrx_word' id='word_1_265' title='bbox 987 3332 1107 3404; x_wconf 91' lang='lat' dir='ltr'><strong>quis</strong></span> <span class='ocrx_word' id='word_1_266' title='bbox 1131 3333 1392 3390; x_wconf 86' lang='lat' dir='ltr'><strong>veraciter</strong></span> <span class='ocrx_word' id='word_1_267' title='bbox 1417 3334 1559 3390; x_wconf 88' lang='lat' dir='ltr'><strong>dicat</strong></span> <span class='ocrx_word' id='word_1_268' title='bbox 1580 3336 1632 3391; x_wconf 93' lang='lat' dir='ltr'><strong>in</strong></span> <span class='ocrx_word' id='word_1_269' title='bbox 1661 3334 1915 3394; x_wconf 90' lang='lat' dir='ltr'><strong>Oratione</strong></span> <span class='ocrx_word' id='word_1_270' title='bbox 1940 3335 2041 3392; x_wconf 87' lang='lat' dir='ltr'><strong>do-</strong></span> 
     </span>
    </p>
   </div>
   <div class='ocr_carea' id='block_1_34' title="bbox 459 3425 2052 3496">
    <p class='ocr_par' dir='ltr' id='par_1_34' title="bbox 459 3425 2052 3496">
     <span class='ocr_line' id='line_1_34' title="bbox 459 3425 2052 3496; baseline 0.001 -13"><span class='ocrx_word' id='word_1_271' title='bbox 459 3426 654 3484; x_wconf 85' lang='lat' dir='ltr'><strong>minica</strong></span> <span class='ocrx_word' id='word_1_272' title='bbox 672 3469 688 3494; x_wconf 92' lang='lat'><strong>,</strong></span> <span class='ocrx_word' id='word_1_273' title='bbox 721 3425 930 3481; x_wconf 86' lang='lat' dir='ltr'><strong>Dimitte</strong></span> <span class='ocrx_word' id='word_1_274' title='bbox 954 3425 1097 3482; x_wconf 84' lang='lat' dir='ltr'><strong>nobis</strong></span> <span class='ocrx_word' id='word_1_275' title='bbox 1125 3427 1292 3482; x_wconf 88' lang='lat' dir='ltr'><strong>debita</strong></span> <span class='ocrx_word' id='word_1_276' title='bbox 1317 3435 1510 3496; x_wconf 85' lang='lat' dir='ltr'><strong>nostra,</strong></span> <span class='ocrx_word' id='word_1_277' title='bbox 1533 3429 1659 3484; x_wconf 86' lang='lat' dir='ltr'><strong>sicut</strong></span> <span class='ocrx_word' id='word_1_278' title='bbox 1680 3437 1727 3483; x_wconf 91' lang='lat' dir='ltr'><strong>et</strong></span> <span class='ocrx_word' id='word_1_279' title='bbox 1753 3445 1846 3484; x_wconf 87' lang='lat' dir='ltr'><strong>nos</strong></span> <span class='ocrx_word' id='word_1_280' title='bbox 1875 3428 2052 3484; x_wconf 90' lang='lat' dir='ltr'><strong>dimit-</strong></span> 
     </span>
    </p>
   </div>
   <div class='ocr_carea' id='block_1_35' title="bbox 465 3519 2053 3596">
    <p class='ocr_par' dir='ltr' id='par_1_35' title="bbox 465 3519 2053 3596">
     <span class='ocr_line' id='line_1_35' title="bbox 465 3519 2053 3596; baseline 0.003 -21"><span class='ocrx_word' id='word_1_281' title='bbox 465 3521 616 3576; x_wconf 86' lang='lat' dir='ltr'><strong>timus</strong></span> <span class='ocrx_word' id='word_1_282' title='bbox 653 3519 959 3575; x_wconf 81' lang='lat' dir='ltr'><strong>debitoribus</strong></span> <span class='ocrx_word' id='word_1_283' title='bbox 1000 3521 1185 3576; x_wconf 88' lang='lat' dir='ltr'><strong>nostris</strong></span> <span class='ocrx_word' id='word_1_284' title='bbox 1243 3519 1455 3592; x_wconf 75' lang='lat' dir='ltr'><strong>(Matth.</strong></span> <span class='ocrx_word' id='word_1_285' title='bbox 1499 3539 1583 3590; x_wconf 82' lang='lat' dir='ltr'><strong>vi,</strong></span> <span class='ocrx_word' id='word_1_286' title='bbox 1641 3522 1769 3596; x_wconf 65' lang='lat'><strong>42);</strong></span> <span class='ocrx_word' id='word_1_287' title='bbox 1799 3522 1902 3580; x_wconf 86' lang='lat' dir='ltr'><strong>nisi</strong></span> <span class='ocrx_word' id='word_1_288' title='bbox 1927 3537 2053 3593; x_wconf 87' lang='lat' dir='ltr'><strong>pec-</strong></span> 
     </span>
    </p>
   </div>
   <div class='ocr_carea' id='block_1_36' title="bbox 460 3611 2052 3685">
    <p class='ocr_par' dir='ltr' id='par_1_36' title="bbox 460 3611 2052 3685">
     <span class='ocr_line' id='line_1_36' title="bbox 460 3611 2052 3685; baseline 0.001 -17"><span class='ocrx_word' id='word_1_289' title='bbox 460 3621 699 3668; x_wconf 90' lang='lat' dir='ltr'><strong>catorem</strong></span> <span class='ocrx_word' id='word_1_290' title='bbox 725 3627 784 3667; x_wconf 90' lang='lat' dir='ltr'><strong>se</strong></span> <span class='ocrx_word' id='word_1_291' title='bbox 813 3626 934 3666; x_wconf 88' lang='lat' dir='ltr'><strong>esse</strong></span> <span class='ocrx_word' id='word_1_292' title='bbox 963 3611 1207 3667; x_wconf 83' lang='lat' dir='ltr'><strong>fateatur.</strong></span> <span class='ocrx_word' id='word_1_293' title='bbox 1234 3611 1436 3667; x_wconf 88' lang='lat' dir='ltr'><strong>Vellem</strong></span> <span class='ocrx_word' id='word_1_294' title='bbox 1458 3613 1694 3684; x_wconf 87' lang='lat' dir='ltr'><strong>singulos</strong></span> <span class='ocrx_word' id='word_1_295' title='bbox 1721 3613 2052 3685; x_wconf 88' lang='lat' dir='ltr'><strong>interrogare</strong></span> 
     </span>
    </p>
   </div>
   <div class='ocr_carea' id='block_1_37' title="bbox 461 3702 2049 3774">
    <p class='ocr_par' dir='ltr' id='par_1_37' title="bbox 461 3702 2049 3774">
     <span class='ocr_line' id='line_1_37' title="bbox 461 3702 2049 3774; baseline 0.004 -18"><span class='ocrx_word' id='word_1_296' title='bbox 461 3704 551 3772; x_wconf 90' lang='lat' dir='ltr'><strong>qni</strong></span> <span class='ocrx_word' id='word_1_297' title='bbox 579 3702 848 3773; x_wconf 88' lang='lat' dir='ltr'><strong>baptizant</strong></span> <span class='ocrx_word' id='word_1_298' title='bbox 868 3703 1007 3772; x_wconf 91' lang='lat' dir='ltr'><strong>apud</strong></span> <span class='ocrx_word' id='word_1_299' title='bbox 1029 3719 1144 3768; x_wconf 86' lang='lat' dir='ltr'><strong>vos,</strong></span> <span class='ocrx_word' id='word_1_300' title='bbox 1169 3713 1344 3758; x_wconf 90' lang='lat' dir='ltr'><strong>utrum</strong></span> <span class='ocrx_word' id='word_1_301' title='bbox 1374 3714 1680 3774; x_wconf 86' lang='lat' dir='ltr'><strong>peccatores</strong></span> <span class='ocrx_word' id='word_1_302' title='bbox 1700 3706 1921 3762; x_wconf 90' lang='lat' dir='ltr'><strong>omnino</strong></span> <span class='ocrx_word' id='word_1_303' title='bbox 1944 3722 2049 3763; x_wconf 91' lang='lat' dir='ltr'><strong>non</strong></span> 
     </span>
    </p>
   </div>
   <div class='ocr_carea' id='block_1_38' title="bbox 459 3794 2047 3870">
    <p class='ocr_par' dir='ltr' id='par_1_38' title="bbox 459 3794 2047 3870">
     <span class='ocr_line' id='line_1_38' title="bbox 459 3794 2047 3870; baseline 0.004 -21"><span class='ocrx_word' id='word_1_304' title='bbox 459 3795 588 3850; x_wconf 87' lang='lat' dir='ltr'><strong>sint.</strong></span> <span class='ocrx_word' id='word_1_305' title='bbox 619 3795 800 3850; x_wconf 85' lang='lat' dir='ltr'><strong>Potest</strong></span> <span class='ocrx_word' id='word_1_306' title='bbox 841 3794 984 3849; x_wconf 89' lang='lat' dir='ltr'><strong>enim</strong></span> <span class='ocrx_word' id='word_1_307' title='bbox 1029 3795 1252 3865; x_wconf 89' lang='lat' dir='ltr'><strong>quilibet</strong></span> <span class='ocrx_word' id='word_1_308' title='bbox 1281 3811 1466 3851; x_wconf 89' lang='lat' dir='ltr'><strong>eorum</strong></span> <span class='ocrx_word' id='word_1_309' title='bbox 1515 3797 1646 3852; x_wconf 91' lang='lat' dir='ltr'><strong>mihi</strong></span> <span class='ocrx_word' id='word_1_310' title='bbox 1684 3798 2047 3870; x_wconf 85' lang='lat' dir='ltr'><strong>reSpondere,</strong></span> 
     </span>
    </p>
   </div>
   <div class='ocr_carea' id='block_1_39' title="bbox 459 3883 2049 3952">
    <p class='ocr_par' dir='ltr' id='par_1_39' title="bbox 459 3883 2049 3952">
     <span class='ocr_line' id='line_1_39' title="bbox 459 3883 2049 3952; baseline 0.003 -11"><span class='ocrx_word' id='word_1_311' title='bbox 459 3884 578 3941; x_wconf 91' lang='lat' dir='ltr'><strong>Non</strong></span> <span class='ocrx_word' id='word_1_312' title='bbox 602 3899 719 3939; x_wconf 90' lang='lat' dir='ltr'><strong>sum</strong></span> <span class='ocrx_word' id='word_1_313' title='bbox 749 3883 1009 3951; x_wconf 80' lang='lat' dir='ltr'><strong>traditur,</strong></span> <span class='ocrx_word' id='word_1_314' title='bbox 1056 3901 1161 3940; x_wconf 89' lang='lat' dir='ltr'><strong>non</strong></span> <span class='ocrx_word' id='word_1_315' title='bbox 1205 3900 1321 3940; x_wconf 87' lang='lat' dir='ltr'><strong>sum</strong></span> <span class='ocrx_word' id='word_1_316' title='bbox 1366 3885 1734 3952; x_wconf 83' lang='lat' dir='ltr'><strong>thuriiicator,</strong></span> <span class='ocrx_word' id='word_1_317' title='bbox 1781 3903 1886 3945; x_wconf 90' lang='lat' dir='ltr'><strong>non</strong></span> <span class='ocrx_word' id='word_1_318' title='bbox 1928 3903 2049 3945; x_wconf 90' lang='lat' dir='ltr'><strong>sum</strong></span> 
     </span>
    </p>
   </div>
   <div class='ocr_carea' id='block_1_40' title="bbox 461 3974 2054 4051">
    <p class='ocr_par' dir='ltr' id='par_1_40' title="bbox 461 3974 2054 4051">
     <span class='ocr_line' id='line_1_40' title="bbox 461 3974 2054 4051; baseline 0.004 -20"><span class='ocrx_word' id='word_1_319' title='bbox 461 3974 695 4040; x_wconf 87' lang='lat' dir='ltr'><strong>adulter,</strong></span> <span class='ocrx_word' id='word_1_320' title='bbox 727 3990 834 4029; x_wconf 88' lang='lat' dir='ltr'><strong>non</strong></span> <span class='ocrx_word' id='word_1_321' title='bbox 865 3974 1150 4040; x_wconf 84' lang='lat' dir='ltr'><strong>homicida,</strong></span> <span class='ocrx_word' id='word_1_322' title='bbox 1173 3991 1279 4030; x_wconf 91' lang='lat' dir='ltr'><strong>non</strong></span> <span class='ocrx_word' id='word_1_323' title='bbox 1303 3975 1564 4031; x_wconf 82' lang='lat' dir='ltr'><strong>idolorum</strong></span> <span class='ocrx_word' id='word_1_324' title='bbox 1597 3978 1791 4046; x_wconf 90' lang='lat' dir='ltr'><strong>cultor,</strong></span> <span class='ocrx_word' id='word_1_325' title='bbox 1819 3995 1923 4035; x_wconf 93' lang='lat' dir='ltr'><strong>nou</strong></span> <span class='ocrx_word' id='word_1_326' title='bbox 1953 3995 2054 4051; x_wconf 87' lang='lat' dir='ltr'><strong>po-</strong></span> 
     </span>
    </p>
   </div>
   <div class='ocr_carea' id='block_1_41' title="bbox 461 4065 2046 4134">
    <p class='ocr_par' dir='ltr' id='par_1_41' title="bbox 461 4065 2046 4134">
     <span class='ocr_line' id='line_1_41' title="bbox 461 4065 2046 4134; baseline 0.003 -10"><span class='ocrx_word' id='word_1_327' title='bbox 461 4076 663 4124; x_wconf 90' lang='lat' dir='ltr'><strong>stremo</strong></span> <span class='ocrx_word' id='word_1_328' title='bbox 693 4065 1008 4134; x_wconf 72' lang='lat' dir='ltr'><strong>Iimreticus,</strong></span> <span class='ocrx_word' id='word_1_329' title='bbox 1048 4082 1153 4122; x_wconf 88' lang='lat' dir='ltr'><strong>non</strong></span> <span class='ocrx_word' id='word_1_330' title='bbox 1197 4066 1568 4124; x_wconf 86' lang='lat' dir='ltr'><strong>schismaticus</strong></span> <span class='ocrx_word' id='word_1_331' title='bbox 1598 4087 1610 4123; x_wconf 93' lang='lat'>:</span> <span class='ocrx_word' id='word_1_332' title='bbox 1643 4069 1758 4125; x_wconf 83' lang='lat' dir='ltr'><strong>Non</strong></span> <span class='ocrx_word' id='word_1_333' title='bbox 1789 4085 1908 4128; x_wconf 92' lang='lat' dir='ltr'><strong>sum</strong></span> <span class='ocrx_word' id='word_1_334' title='bbox 1949 4088 2046 4129; x_wconf 89' lang='lat' dir='ltr'><strong>au-</strong></span> 
     </span>
    </p>
   </div>
   <div class='ocr_carea' id='block_1_42' title="bbox 462 4158 2044 4231">
    <p class='ocr_par' dir='ltr' id='par_1_42' title="bbox 462 4158 2044 4231">
     <span class='ocr_line' id='line_1_42' title="bbox 462 4158 2044 4231; baseline 0.003 -15"><span class='ocrx_word' id='word_1_335' title='bbox 462 4169 569 4216; x_wconf 86' lang='lat' dir='ltr'><strong>tem</strong></span> <span class='ocrx_word' id='word_1_336' title='bbox 599 4165 847 4230; x_wconf 87' lang='lat' dir='ltr'><strong>peccator</strong></span> <span class='ocrx_word' id='word_1_337' title='bbox 869 4199 884 4224; x_wconf 97' lang='lat'><strong>,</strong></span> <span class='ocrx_word' id='word_1_338' title='bbox 927 4158 1107 4214; x_wconf 92' lang='lat' dir='ltr'><strong>nescio</strong></span> <span class='ocrx_word' id='word_1_339' title='bbox 1138 4167 1311 4214; x_wconf 89' lang='lat' dir='ltr'><strong>utrum</strong></span> <span class='ocrx_word' id='word_1_340' title='bbox 1352 4161 1630 4231; x_wconf 88' lang='lat' dir='ltr'><strong>quisquam</strong></span> <span class='ocrx_word' id='word_1_341' title='bbox 1660 4162 1744 4219; x_wconf 89' lang='lat' dir='ltr'><strong>vel</strong></span> <span class='ocrx_word' id='word_1_342' title='bbox 1788 4163 2044 4222; x_wconf 74' lang='lat' dir='ltr'><strong>hzeretica</strong></span> 
     </span>
    </p>
   </div>
   <div class='ocr_carea' id='block_1_43' title="bbox 461 4251 2053 4324">
    <p class='ocr_par' dir='ltr' id='par_1_43' title="bbox 461 4251 2053 4324">
     <span class='ocr_line' id='line_1_43' title="bbox 461 4251 2053 4324; baseline 0.006 -17"><span class='ocrx_word' id='word_1_343' title='bbox 461 4251 709 4321; x_wconf 87' lang='lat' dir='ltr'><strong>superbia</strong></span> <span class='ocrx_word' id='word_1_344' title='bbox 738 4251 960 4322; x_wconf 86' lang='lat' dir='ltr'><strong>reperiri</strong></span> <span class='ocrx_word' id='word_1_345' title='bbox 991 4251 1158 4322; x_wconf 90' lang='lat' dir='ltr'><strong>possit</strong></span> <span class='ocrx_word' id='word_1_346' title='bbox 1184 4253 1272 4324; x_wconf 89' lang='lat' dir='ltr'><strong>qui</strong></span> <span class='ocrx_word' id='word_1_347' title='bbox 1300 4253 1492 4310; x_wconf 89' lang='lat' dir='ltr'><strong>audeat</strong></span> <span class='ocrx_word' id='word_1_348' title='bbox 1512 4255 1712 4319; x_wconf 82' lang='lat' dir='ltr'><strong>dicere.</strong></span> <span class='ocrx_word' id='word_1_349' title='bbox 1741 4258 1938 4315; x_wconf 90' lang='lat' dir='ltr'><strong>audeat</strong></span> <span class='ocrx_word' id='word_1_350' title='bbox 1957 4275 2053 4316; x_wconf 91' lang='lat' dir='ltr'><strong>co-</strong></span> 
     </span>
    </p>
   </div>
   <div class='ocr_carea' id='block_1_44' title="bbox 459 4344 2052 4422">
    <p class='ocr_par' dir='ltr' id='par_1_44' title="bbox 459 4344 2052 4422">
     <span class='ocr_line' id='line_1_44' title="bbox 459 4344 2052 4422; baseline 0.006 -24"><span class='ocrx_word' id='word_1_351' title='bbox 459 4344 631 4414; x_wconf 84' lang='lat' dir='ltr'><strong>gitare</strong></span> <span class='ocrx_word' id='word_1_352' title='bbox 663 4361 676 4398; x_wconf 92' lang='lat'><strong>:</strong></span> <span class='ocrx_word' id='word_1_353' title='bbox 706 4345 888 4400; x_wconf 88' lang='lat' dir='ltr'><strong>nescio</strong></span> <span class='ocrx_word' id='word_1_354' title='bbox 919 4352 1095 4422; x_wconf 76' lang='lat' dir='ltr'><strong>utrum</strong></span> <span class='ocrx_word' id='word_1_355' title='bbox 1124 4345 1403 4417; x_wconf 86' lang='lat' dir='ltr'><strong>quisquam</strong></span> <span class='ocrx_word' id='word_1_356' title='bbox 1435 4356 1581 4403; x_wconf 89' lang='lat' dir='ltr'><strong>tanto</strong></span> <span class='ocrx_word' id='word_1_357' title='bbox 1619 4351 1940 4422; x_wconf 74' lang='lat' dir='ltr'><strong>arrogantia:</strong></span> <span class='ocrx_word' id='word_1_358' title='bbox 1969 4361 2052 4407; x_wconf 91' lang='lat' dir='ltr'><strong>tu-</strong></span> 
     </span>
    </p>
   </div>
   <div class='ocr_carea' id='block_1_45' title="bbox 461 4421 2052 4512">
    <p class='ocr_par' dir='ltr' id='par_1_45' title="bbox 461 4421 2052 4512">
     <span class='ocr_line' id='line_1_45' title="bbox 461 4421 2052 4512; baseline 0.004 -18"><span class='ocrx_word' id='word_1_359' title='bbox 461 4452 614 4494; x_wconf 88' lang='lat' dir='ltr'><strong>more</strong></span> <span class='ocrx_word' id='word_1_360' title='bbox 655 4446 884 4492; x_wconf 77' lang='lat' dir='ltr'><strong>caccetur</strong></span> <span class='ocrx_word' id='word_1_361' title='bbox 907 4477 921 4502; x_wconf 94' lang='lat'><strong>,</strong></span> <span class='ocrx_word' id='word_1_362' title='bbox 953 4421 1156 4492; x_wconf 58' lang='lat' dir='ltr'><strong>ui‘non</strong></span> <span class='ocrx_word' id='word_1_363' title='bbox 1198 4437 1370 4494; x_wconf 86' lang='lat' dir='ltr'><strong>dicam</strong></span> <span class='ocrx_word' id='word_1_364' title='bbox 1404 4455 1535 4496; x_wconf 80' lang='lat' dir='ltr'><strong>voce</strong></span> <span class='ocrx_word' id='word_1_365' title='bbox 1575 4421 1922 4512; x_wconf 83' lang='lat' dir='ltr'><strong>profiteatur;</strong></span> <span class='ocrx_word' id='word_1_366' title='bbox 1955 4443 2052 4500; x_wconf 91' lang='lat' dir='ltr'><strong>sed</strong></span> 
     </span>
    </p>
   </div>
   <div class='ocr_carea' id='block_1_46' title="bbox 462 4531 2053 4606">
    <p class='ocr_par' dir='ltr' id='par_1_46' title="bbox 462 4531 2053 4606">
     <span class='ocr_line' id='line_1_46' title="bbox 462 4531 2053 4606; baseline 0.003 -19"><span class='ocrx_word' id='word_1_367' title='bbox 462 4535 548 4590; x_wconf 89' lang='lat' dir='ltr'><strong>vel</strong></span> <span class='ocrx_word' id='word_1_368' title='bbox 577 4531 716 4606; x_wconf 87' lang='lat' dir='ltr'><strong>apud</strong></span> <span class='ocrx_word' id='word_1_369' title='bbox 752 4547 813 4587; x_wconf 91' lang='lat' dir='ltr'><strong>sc</strong></span> <span class='ocrx_word' id='word_1_370' title='bbox 843 4531 1012 4601; x_wconf 92' lang='lat' dir='ltr'><strong>ipsum</strong></span> <span class='ocrx_word' id='word_1_371' title='bbox 1047 4532 1236 4587; x_wconf 88' lang='lat' dir='ltr'><strong>tacitus</strong></span> <span class='ocrx_word' id='word_1_372' title='bbox 1266 4533 1558 4588; x_wconf 71' lang='lat' dir='ltr'><strong>arbitretur</strong></span> <span class='ocrx_word' id='word_1_373' title='bbox 1581 4576 1596 4600; x_wconf 97' lang='lat'><strong>,</strong></span> <span class='ocrx_word' id='word_1_374' title='bbox 1638 4551 1744 4590; x_wconf 90' lang='lat' dir='ltr'><strong>non</strong></span> <span class='ocrx_word' id='word_1_375' title='bbox 1787 4535 1890 4591; x_wconf 88' lang='lat' dir='ltr'><strong>sibi</strong></span> <span class='ocrx_word' id='word_1_376' title='bbox 1931 4551 2053 4593; x_wconf 85' lang='lat' dir='ltr'><strong>esse</strong></span> 
     </span>
    </p>
   </div>
   <div class='ocr_carea' id='block_1_47' title="bbox 461 4623 2052 4695">
    <p class='ocr_par' dir='ltr' id='par_1_47' title="bbox 461 4623 2052 4695">
     <span class='ocr_line' id='line_1_47' title="bbox 461 4623 2052 4695; baseline 0.001 -13"><span class='ocrx_word' id='word_1_377' title='bbox 461 4625 819 4682; x_wconf 89' lang='lat' dir='ltr'><strong>necessariam</strong></span> <span class='ocrx_word' id='word_1_378' title='bbox 847 4623 1295 4694; x_wconf 86' lang='lat' dir='ltr'><strong>deprecationem,</strong></span> <span class='ocrx_word' id='word_1_379' title='bbox 1323 4625 1375 4678; x_wconf 93' lang='lat' dir='ltr'><strong>in</strong></span> <span class='ocrx_word' id='word_1_380' title='bbox 1402 4640 1503 4695; x_wconf 89' lang='lat' dir='ltr'><strong>qua</strong></span> <span class='ocrx_word' id='word_1_381' title='bbox 1535 4625 1764 4681; x_wconf 89' lang='lat' dir='ltr'><strong>dicimus</strong></span> <span class='ocrx_word' id='word_1_382' title='bbox 1791 4629 1920 4694; x_wconf 87' lang='lat' dir='ltr'><strong>Deo,</strong></span> <span class='ocrx_word' id='word_1_383' title='bbox 1953 4627 2052 4684; x_wconf 84' lang='lat' dir='ltr'><strong>Di-</strong></span> 
     </span>
    </p>
   </div>
   <div class='ocr_carea' id='block_1_48' title="bbox 463 4715 2054 4788">
    <p class='ocr_par' dir='ltr' id='par_1_48' title="bbox 463 4715 2054 4788">
     <span class='ocr_line' id='line_1_48' title="bbox 463 4715 2054 4788; baseline 0.004 -16"><span class='ocrx_word' id='word_1_384' title='bbox 463 4719 602 4773; x_wconf 86' lang='lat' dir='ltr'><strong>mitte</strong></span> <span class='ocrx_word' id='word_1_385' title='bbox 639 4718 780 4772; x_wconf 84' lang='lat' dir='ltr'><strong>nobis</strong></span> <span class='ocrx_word' id='word_1_386' title='bbox 807 4717 972 4772; x_wconf 87' lang='lat' dir='ltr'><strong>debita</strong></span> <span class='ocrx_word' id='word_1_387' title='bbox 998 4725 1191 4770; x_wconf 87' lang='lat' dir='ltr'><strong>nostra.</strong></span> <span class='ocrx_word' id='word_1_388' title='bbox 1232 4715 1414 4788; x_wconf 89' lang='lat' dir='ltr'><strong>Neque</strong></span> <span class='ocrx_word' id='word_1_389' title='bbox 1455 4718 1598 4773; x_wconf 89' lang='lat' dir='ltr'><strong>enim</strong></span> <span class='ocrx_word' id='word_1_390' title='bbox 1626 4734 1724 4787; x_wconf 89' lang='lat' dir='ltr'><strong>pro</strong></span> <span class='ocrx_word' id='word_1_391' title='bbox 1753 4721 1831 4777; x_wconf 90' lang='lat' dir='ltr'><strong>eis</strong></span> <span class='ocrx_word' id='word_1_392' title='bbox 1859 4721 2054 4779; x_wconf 87' lang='lat' dir='ltr'><strong>debitis</strong></span> 
     </span>
    </p>
   </div>
   <div class='ocr_carea' id='block_1_49' title="bbox 464 4808 2052 4880">
    <p class='ocr_par' dir='ltr' id='par_1_49' title="bbox 464 4808 2052 4880">
     <span class='ocr_line' id='line_1_49' title="bbox 464 4808 2052 4880; baseline 0.004 -16"><span class='ocrx_word' id='word_1_393' title='bbox 464 4809 795 4865; x_wconf 89' lang='lat' dir='ltr'><strong>dimittendis</strong></span> <span class='ocrx_word' id='word_1_394' title='bbox 825 4823 1096 4880; x_wconf 82' lang='lat' dir='ltr'><strong>rogamus,</strong></span> <span class='ocrx_word' id='word_1_395' title='bbox 1124 4823 1243 4879; x_wconf 73' lang='lat' dir='ltr'><strong>qum</strong></span> <span class='ocrx_word' id='word_1_396' title='bbox 1274 4808 1437 4863; x_wconf 88' lang='lat' dir='ltr'><strong>semel</strong></span> <span class='ocrx_word' id='word_1_397' title='bbox 1465 4809 1518 4864; x_wconf 92' lang='lat' dir='ltr'><strong>in</strong></span> <span class='ocrx_word' id='word_1_398' title='bbox 1541 4809 1812 4880; x_wconf 86' lang='lat' dir='ltr'><strong>Baptismo</strong></span> <span class='ocrx_word' id='word_1_399' title='bbox 1832 4813 2052 4870; x_wconf 86' lang='lat' dir='ltr'><strong>dimissa</strong></span> 
     </span>
    </p>
   </div>
   <div class='ocr_carea' id='block_1_50' title="bbox 463 4898 2052 4973">
    <p class='ocr_par' dir='ltr' id='par_1_50' title="bbox 463 4898 2052 4973">
     <span class='ocr_line' id='line_1_50' title="bbox 463 4898 2052 4973; baseline 0.003 -17"><span class='ocrx_word' id='word_1_400' title='bbox 463 4915 585 4956; x_wconf 86' lang='lat' dir='ltr'><strong>esse</strong></span> <span class='ocrx_word' id='word_1_401' title='bbox 609 4900 956 4966; x_wconf 85' lang='lat' dir='ltr'><strong>confidimus;</strong></span> <span class='ocrx_word' id='word_1_402' title='bbox 989 4898 1085 4957; x_wconf 90' lang='lat' dir='ltr'><strong>sed</strong></span> <span class='ocrx_word' id='word_1_403' title='bbox 1115 4914 1212 4970; x_wconf 88' lang='lat' dir='ltr'><strong>pro</strong></span> <span class='ocrx_word' id='word_1_404' title='bbox 1235 4899 1314 4955; x_wconf 91' lang='lat' dir='ltr'><strong>eis</strong></span> <span class='ocrx_word' id='word_1_405' title='bbox 1341 4899 1542 4970; x_wconf 89' lang='lat' dir='ltr'><strong>utique,</strong></span> <span class='ocrx_word' id='word_1_406' title='bbox 1573 4901 1689 4957; x_wconf 89' lang='lat' dir='ltr'><strong>sine</strong></span> <span class='ocrx_word' id='word_1_407' title='bbox 1727 4903 1919 4973; x_wconf 90' lang='lat' dir='ltr'><strong>quibus</strong></span> <span class='ocrx_word' id='word_1_408' title='bbox 1951 4905 2052 4962; x_wconf 90' lang='lat' dir='ltr'><strong>hu-</strong></span> 
     </span>
    </p>
   </div>
   <div class='ocr_carea' id='block_1_51' title="bbox 464 4991 2053 5064">
    <p class='ocr_par' dir='ltr' id='par_1_51' title="bbox 464 4991 2053 5064">
     <span class='ocr_line' id='line_1_51' title="bbox 464 4991 2053 5064; baseline 0.004 -16"><span class='ocrx_word' id='word_1_409' title='bbox 464 5007 622 5048; x_wconf 86' lang='lat' dir='ltr'><strong>mana</strong></span> <span class='ocrx_word' id='word_1_410' title='bbox 652 4991 904 5062; x_wconf 82' lang='lat' dir='ltr'><strong>fragilitas</strong></span> <span class='ocrx_word' id='word_1_411' title='bbox 932 5007 1037 5047; x_wconf 92' lang='lat' dir='ltr'><strong>non</strong></span> <span class='ocrx_word' id='word_1_412' title='bbox 1069 5001 1185 5059; x_wconf 89' lang='lat' dir='ltr'><strong>est,</strong></span> <span class='ocrx_word' id='word_1_413' title='bbox 1233 4999 1718 5064; x_wconf 84' lang='lat' dir='ltr'><strong>quantumcumque</strong></span> <span class='ocrx_word' id='word_1_414' title='bbox 1768 4995 1820 5050; x_wconf 89' lang='lat' dir='ltr'><strong>in</strong></span> <span class='ocrx_word' id='word_1_415' title='bbox 1859 4996 2053 5053; x_wconf 87' lang='lat' dir='ltr'><strong>obser-</strong></span> 
     </span>
    </p>
   </div>
   <div class='ocr_carea' id='block_1_52' title="bbox 467 5081 2054 5154">
    <p class='ocr_par' dir='ltr' id='par_1_52' title="bbox 467 5081 2054 5154">
     <span class='ocr_line' id='line_1_52' title="bbox 467 5081 2054 5154; baseline 0.006 -19"><span class='ocrx_word' id='word_1_416' title='bbox 467 5081 660 5137; x_wconf 86' lang='lat' dir='ltr'><strong>vandis</strong></span> <span class='ocrx_word' id='word_1_417' title='bbox 675 5084 954 5152; x_wconf 66' lang='lat' dir='ltr'><strong>praeceptis</strong></span> <span class='ocrx_word' id='word_1_418' title='bbox 965 5082 1246 5138; x_wconf 87' lang='lat' dir='ltr'><strong>dominicis</strong></span> <span class='ocrx_word' id='word_1_419' title='bbox 1263 5083 1866 5154; x_wconf 88' lang='lat' dir='ltr'><strong>vigilemus.Postremo,</strong></span> <span class='ocrx_word' id='word_1_420' title='bbox 1885 5088 2054 5145; x_wconf 90' lang='lat' dir='ltr'><strong>susci-</strong></span> 
     </span>
    </p>
   </div>
   <div class='ocr_carea' id='block_1_53' title="bbox 467 5174 2048 5247">
    <p class='ocr_par' dir='ltr' id='par_1_53' title="bbox 467 5174 2048 5247">
     <span class='ocr_line' id='line_1_53' title="bbox 467 5174 2048 5247; baseline 0.006 -18"><span class='ocrx_word' id='word_1_421' title='bbox 467 5175 578 5247; x_wconf 86' lang='lat' dir='ltr'><strong>piat</strong></span> <span class='ocrx_word' id='word_1_422' title='bbox 604 5174 692 5244; x_wconf 88' lang='lat' dir='ltr'><strong>qui</strong></span> <span class='ocrx_word' id='word_1_423' title='bbox 717 5174 943 5229; x_wconf 87' lang='lat' dir='ltr'><strong>voluerit</strong></span> <span class='ocrx_word' id='word_1_424' title='bbox 963 5174 1119 5246; x_wconf 89' lang='lat' dir='ltr'><strong>hujus</strong></span> <span class='ocrx_word' id='word_1_425' title='bbox 1149 5175 1490 5247; x_wconf 84' lang='lat' dir='ltr'><strong>impudentiae</strong></span> <span class='ocrx_word' id='word_1_426' title='bbox 1511 5177 1760 5244; x_wconf 87' lang='lat' dir='ltr'><strong>frontem,</strong></span> <span class='ocrx_word' id='word_1_427' title='bbox 1789 5189 1844 5235; x_wconf 90' lang='lat' dir='ltr'><strong>et</strong></span> <span class='ocrx_word' id='word_1_428' title='bbox 1865 5180 2007 5238; x_wconf 89' lang='lat' dir='ltr'><strong>dicat</strong></span> <span class='ocrx_word' id='word_1_429' title='bbox 2037 5201 2048 5238; x_wconf 90' lang='lat'><strong>:</strong></span> 
     </span>
    </p>
   </div>
   <div class='ocr_carea' id='block_1_54' title="bbox 467 5267 2052 5342">
    <p class='ocr_par' dir='ltr' id='par_1_54' title="bbox 467 5267 2052 5342">
     <span class='ocr_line' id='line_1_54' title="bbox 467 5267 2052 5342; baseline 0.004 -18"><span class='ocrx_word' id='word_1_430' title='bbox 467 5267 582 5324; x_wconf 87' lang='lat' dir='ltr'><strong>Non</strong></span> <span class='ocrx_word' id='word_1_431' title='bbox 610 5281 729 5322; x_wconf 89' lang='lat' dir='ltr'><strong>sum</strong></span> <span class='ocrx_word' id='word_1_432' title='bbox 757 5275 1036 5336; x_wconf 86' lang='lat' dir='ltr'><strong>peccator;</strong></span> <span class='ocrx_word' id='word_1_433' title='bbox 1071 5283 1134 5323; x_wconf 88' lang='lat' dir='ltr'><strong>ex</strong></span> <span class='ocrx_word' id='word_1_434' title='bbox 1165 5283 1271 5339; x_wconf 87' lang='lat' dir='ltr'><strong>quo</strong></span> <span class='ocrx_word' id='word_1_435' title='bbox 1301 5267 1428 5324; x_wconf 91' lang='lat' dir='ltr'><strong>mihi</strong></span> <span class='ocrx_word' id='word_1_436' title='bbox 1461 5269 1514 5325; x_wconf 93' lang='lat' dir='ltr'><strong>in</strong></span> <span class='ocrx_word' id='word_1_437' title='bbox 1556 5269 1828 5342; x_wconf 90' lang='lat' dir='ltr'><strong>Baptismo</strong></span> <span class='ocrx_word' id='word_1_438' title='bbox 1863 5285 2052 5331; x_wconf 87' lang='lat' dir='ltr'><strong>cuncta</strong></span> 
     </span>
    </p>
   </div>
   <div class='ocr_carea' id='block_1_55' title="bbox 529 5443 2053 5517">
    <p class='ocr_par' dir='ltr' id='par_1_55' title="bbox 529 5443 2053 5517">
     <span class='ocr_line' id='line_1_55' title="bbox 529 5443 2053 5517; baseline 0.007 -24"><span class='ocrx_word' id='word_1_439' title='bbox 529 5443 895 5517; x_wconf 33' lang='lat' dir='ltr'><strong>tlgov’anierﬁse‘s</strong></span> <span class='ocrx_word' id='word_1_440' title='bbox 946 5443 1244 5517; x_wconf 67' lang='lat' dir='ltr'><strong>suspicantur</strong></span> <span class='ocrx_word' id='word_1_441' title='bbox 1285 5445 1528 5517; x_wconf 73' lang='lat' dir='ltr'><strong>quidpiam</strong></span> <span class='ocrx_word' id='word_1_442' title='bbox 1573 5448 1638 5517; x_wconf 78' lang='lat' dir='ltr'><strong>ibi</strong></span> <span class='ocrx_word' id='word_1_443' title='bbox 1673 5449 2053 5517; x_wconf 67' lang='lat' dir='ltr'><strong>deesse,_atque</strong></span> 
     </span>
    </p>
   </div>
   <div class='ocr_carea' id='block_1_56' title="bbox 464 5503 2051 5577">
    <p class='ocr_par' dir='ltr' id='par_1_56' title="bbox 464 5503 2051 5577">
     <span class='ocr_line' id='line_1_56' title="bbox 464 5503 2051 5577; baseline 0.007 -22"><span class='ocrx_word' id='word_1_444' title='bbox 464 5505 555 5556; x_wconf 83' lang='lat' dir='ltr'><strong>hoc</strong></span> <span class='ocrx_word' id='word_1_445' title='bbox 577 5506 685 5577; x_wconf 80' lang='lat' dir='ltr'><strong>fere</strong></span> <span class='ocrx_word' id='word_1_446' title='bbox 703 5503 1146 5577; x_wconf 65' lang='lat' dir='ltr'><strong>modolegendum,</strong></span> <span class='ocrx_word' id='word_1_447' title='bbox 1174 5511 1221 5553; x_wconf 90' lang='lat' dir='ltr'><strong>ut</strong></span> <span class='ocrx_word' id='word_1_448' title='bbox 1245 5503 1458 5577; x_wconf 72' lang='lat' dir='ltr'><strong>quisquis</strong></span> <span class='ocrx_word' id='word_1_449' title='bbox 1485 5509 1616 5573; x_wconf 85' lang='lat' dir='ltr'><strong>apud</strong></span> <span class='ocrx_word' id='word_1_450' title='bbox 1650 5503 2051 5577; x_wconf 64' lang='lat' dir='ltr'><strong>eos_bi1piizatitr,</strong></span> 
     </span>
    </p>
   </div>
   <div class='ocr_carea' id='block_1_57' title="bbox 467 5564 2052 5641">
    <p class='ocr_par' dir='ltr' id='par_1_57' title="bbox 467 5564 2052 5641">
     <span class='ocr_line' id='line_1_57' title="bbox 467 5564 2052 5641; baseline 0.008 -25"><span class='ocrx_word' id='word_1_451' title='bbox 467 5581 496 5616; x_wconf 90' lang='lat' dir='ltr'><strong>a</strong></span> <span class='ocrx_word' id='word_1_452' title='bbox 519 5573 704 5641; x_wconf 77' lang='lat' dir='ltr'><strong>mortuo</strong></span> <span class='ocrx_word' id='word_1_453' title='bbox 724 5564 1021 5641; x_wconf 52' lang='lat' dir='ltr'><strong>baptizetur,</strong></span> <span class='ocrx_word' id='word_1_454' title='bbox 1039 5565 1103 5641; x_wconf 83' lang='lat' dir='ltr'><strong>de</strong></span> <span class='ocrx_word' id='word_1_455' title='bbox 1127 5578 1219 5628; x_wconf 90' lang='lat' dir='ltr'><strong>quo</strong></span> <span class='ocrx_word' id='word_1_456' title='bbox 1239 5564 1307 5617; x_wconf 78' lang='lat' dir='ltr'><strong>a&#39;u</strong></span> <span class='ocrx_word' id='word_1_457' title='bbox 1345 5564 1594 5633; x_wconf 76' lang='lat' dir='ltr'><strong>Scriptura</strong></span> <span class='ocrx_word' id='word_1_458' title='bbox 1623 5585 1640 5623; x_wconf 89' lang='lat'><em>:</em></span> <span class='ocrx_word' id='word_1_459' title='bbox 1664 5574 1752 5635; x_wconf 86' lang='lat' dir='ltr'><strong>Qui</strong></span> <span class='ocrx_word' id='word_1_460' title='bbox 1781 5564 2052 5641; x_wconf 50' lang='lat' dir='ltr'><strong>baptizatur:</strong></span> 
     </span>
    </p>
   </div>
   <div class='ocr_carea' id='block_1_58' title="bbox 466 5626 1072 5689">
    <p class='ocr_par' dir='ltr' id='par_1_58' title="bbox 466 5626 1072 5689">
     <span class='ocr_line' id='line_1_58' title="bbox 466 5626 1072 5689; baseline -0.005 -12"><span class='ocrx_word' id='word_1_461' title='bbox 466 5643 497 5677; x_wconf 90' lang='lat' dir='ltr'><strong>a</strong></span> <span class='ocrx_word' id='word_1_462' title='bbox 516 5635 717 5686; x_wconf 88' lang='lat' dir='ltr'><strong>mortuo,</strong></span> <span class='ocrx_word' id='word_1_463' title='bbox 745 5626 863 5689; x_wconf 71' lang='lat' dir='ltr'><strong>quid</strong></span> <span class='ocrx_word' id='word_1_464' title='bbox 886 5627 950 5684; x_wconf 88' lang='lat' dir='ltr'><strong>ei,</strong></span> <span class='ocrx_word' id='word_1_465' title='bbox 977 5635 1072 5689; x_wconf 83' lang='lat' dir='ltr'><strong>etc.</strong></span> 
     </span>
    </p>
   </div>
   <div class='ocr_carea' id='block_1_59' title="bbox 530 5687 2051 5761">
    <p class='ocr_par' dir='ltr' id='par_1_59' title="bbox 530 5687 2051 5761">
     <span class='ocr_line' id='line_1_59' title="bbox 530 5687 2051 5761; baseline 0.016 -29"><span class='ocrx_word' id='word_1_466' title='bbox 530 5692 548 5720; x_wconf 66' lang='grc' dir='ltr'>ί</span> <span class='ocrx_word' id='word_1_467' title='bbox 569 5697 672 5761; x_wconf 71' lang='lat' dir='ltr'><strong>imo</strong></span> <span class='ocrx_word' id='word_1_468' title='bbox 694 5687 821 5761; x_wconf 65' lang='lat' dir='ltr'><strong>uss,</strong></span> <span class='ocrx_word' id='word_1_469' title='bbox 839 5688 1076 5761; x_wconf 68' lang='lat' dir='ltr'><strong>mundata</strong></span> <span class='ocrx_word' id='word_1_470' title='bbox 1097 5687 1312 5761; x_wconf 78' lang='lat' dir='ltr'><strong>proderit</strong></span> <span class='ocrx_word' id='word_1_471' title='bbox 1324 5724 1344 5761; x_wconf 87' lang='lat'><strong>_,</strong></span> <span class='ocrx_word' id='word_1_472' title='bbox 1382 5704 1476 5761; x_wconf 71' lang='lat' dir='ltr'><strong>non</strong></span> <span class='ocrx_word' id='word_1_473' title='bbox 1512 5694 1572 5745; x_wconf 81' lang='lat' dir='ltr'><strong>ab</strong></span> <span class='ocrx_word' id='word_1_474' title='bbox 1595 5710 1652 5748; x_wconf 81' lang='lat' dir='ltr'><strong>eo</strong></span> <span class='ocrx_word' id='word_1_475' title='bbox 1669 5699 1808 5761; x_wconf 82' lang='lat' dir='ltr'><strong>cujus</strong></span> <span class='ocrx_word' id='word_1_476' title='bbox 1833 5702 2051 5756; x_wconf 85' lang='lat' dir='ltr'><strong>manibus</strong></span> 
     </span>
    </p>
   </div>
   <div class='ocr_carea' id='block_1_60' title="bbox 465 5749 1742 5820">
    <p class='ocr_par' dir='ltr' id='par_1_60' title="bbox 465 5749 1742 5820">
     <span class='ocr_line' id='line_1_60' title="bbox 465 5749 1742 5820; baseline 0.013 -24"><span class='ocrx_word' id='word_1_477' title='bbox 465 5750 637 5820; x_wconf 73' lang='lat' dir='ltr'><strong>tinctus</strong></span> <span class='ocrx_word' id='word_1_478' title='bbox 658 5758 744 5812; x_wconf 86' lang='lat' dir='ltr'><strong>est,</strong></span> <span class='ocrx_word' id='word_1_479' title='bbox 765 5749 850 5802; x_wconf 83' lang='lat' dir='ltr'><strong>sed</strong></span> <span class='ocrx_word' id='word_1_480' title='bbox 872 5753 930 5802; x_wconf 83' lang='lat' dir='ltr'><strong>ab</strong></span> <span class='ocrx_word' id='word_1_481' title='bbox 953 5763 1009 5802; x_wconf 87' lang='lat' dir='ltr'><strong>eo</strong></span> <span class='ocrx_word' id='word_1_482' title='bbox 1030 5749 1170 5816; x_wconf 85' lang='lat' dir='ltr'><strong>cujus</strong></span> <span class='ocrx_word' id='word_1_483' title='bbox 1192 5752 1414 5805; x_wconf 82' lang='lat' dir='ltr'><strong>membris</strong></span> <span class='ocrx_word' id='word_1_484' title='bbox 1432 5755 1635 5810; x_wconf 81' lang='lat' dir='ltr'><strong>insertus</strong></span> <span class='ocrx_word' id='word_1_485' title='bbox 1657 5749 1742 5812; x_wconf 53' lang='lat' dir='ltr'><strong>est:</strong></span> 
     </span>
    </p>
   </div>
   <div class='ocr_carea' id='block_1_61' title="bbox 1199 205 2957 311">
    <p class='ocr_par' dir='ltr' id='par_1_61' title="bbox 1199 205 2957 311">
     <span class='ocr_line' id='line_1_61' title="bbox 1199 205 2957 311; baseline -0.001 -4"><span class='ocrx_word' id='word_1_486' title='bbox 1199 245 1468 307; x_wconf 76' lang='lat' dir='ltr'><strong>CONTRA</strong></span> <span class='ocrx_word' id='word_1_487' title='bbox 1509 238 1942 304; x_wconf 73' lang='lat' dir='ltr'><strong>CRESCONIUM</strong></span> <span class='ocrx_word' id='word_1_488' title='bbox 1979 205 2440 311; x_wconf 50' lang='lat' dir='ltr'><strong>DONATISTAM,</strong></span> <span class='ocrx_word' id='word_1_489' title='bbox 2479 239 2539 300; x_wconf 90' lang='lat' dir='ltr'><strong>S.</strong></span> <span class='ocrx_word' id='word_1_490' title='bbox 2580 241 2957 305; x_wconf 83' lang='lat' dir='ltr'><strong>AUGUSTINI</strong></span> 
     </span>
    </p>
   </div>
   <div class='ocr_carea' id='block_1_62' title="bbox 2189 120 2397 141">
    <p class='ocr_par' dir='ltr' id='par_1_62' title="bbox 2189 120 2397 141">
     <span class='ocr_line' id='line_1_62' title="bbox 2189 120 2397 141; baseline 0.005 -1"><span class='ocrx_word' id='word_1_491' title='bbox 2189 124 2244 140; x_wconf 66' lang='grc' dir='ltr'><strong>,ρ’</strong></span> <span class='ocrx_word' id='word_1_492' title='bbox 2276 120 2289 133; x_wconf 75' lang='grc' dir='ltr'><strong>ι⁵</strong></span> <span class='ocrx_word' id='word_1_493' title='bbox 2326 120 2397 141; x_wconf 53' lang='grc'><strong>’⁸-2-</strong></span> 
     </span>
    </p>
   </div>
   <div class='ocr_carea' id='block_1_63' title="bbox 3307 162 3434 186">
    <p class='ocr_par' dir='ltr' id='par_1_63' title="bbox 3307 162 3434 186">
     <span class='ocr_line' id='line_1_63' title="bbox 3307 162 3434 186; baseline 0.016 -11"><span class='ocrx_word' id='word_1_494' title='bbox 3307 162 3344 185; x_wconf 42' lang='grc' dir='ltr'><strong>η·</strong></span> <span class='ocrx_word' id='word_1_495' title='bbox 3369 163 3434 186; x_wconf 39' lang='grc' dir='ltr'><strong>’.ι-ο</strong></span> 
     </span>
    </p>
   </div>
   <div class='ocr_carea' id='block_1_64' title="bbox 2161 354 3744 440">
    <p class='ocr_par' dir='ltr' id='par_1_64' title="bbox 2161 354 3744 440">
     <span class='ocr_line' id='line_1_64' title="bbox 2161 354 3744 440; baseline 0.011 -29"><span class='ocrx_word' id='word_1_496' title='bbox 2161 354 2382 414; x_wconf 88' lang='lat' dir='ltr'><strong>dimissa</strong></span> <span class='ocrx_word' id='word_1_497' title='bbox 2419 367 2569 428; x_wconf 90' lang='lat' dir='ltr'><strong>sunt,</strong></span> <span class='ocrx_word' id='word_1_498' title='bbox 2600 359 2807 417; x_wconf 88' lang='lat' dir='ltr'><strong>nullum</strong></span> <span class='ocrx_word' id='word_1_499' title='bbox 2837 363 2892 418; x_wconf 91' lang='lat' dir='ltr'><strong>in</strong></span> <span class='ocrx_word' id='word_1_500' title='bbox 2931 376 3019 421; x_wconf 88' lang='lat' dir='ltr'><strong>me</strong></span> <span class='ocrx_word' id='word_1_501' title='bbox 3057 372 3337 437; x_wconf 88' lang='lat' dir='ltr'><strong>peccatum</strong></span> <span class='ocrx_word' id='word_1_502' title='bbox 3362 368 3567 440; x_wconf 87' lang='lat' dir='ltr'><strong>poterit</strong></span> <span class='ocrx_word' id='word_1_503' title='bbox 3603 369 3744 430; x_wconf 75' lang='lat' dir='ltr'><strong>inre-</strong></span> 
     </span>
    </p>
   </div>
   <div class='ocr_carea' id='block_1_65' title="bbox 2157 449 3777 525">
    <p class='ocr_par' dir='ltr' id='par_1_65' title="bbox 2157 449 3777 525">
     <span class='ocr_line' id='line_1_65' title="bbox 2157 449 3777 525; baseline 0.013 -21"><span class='ocrx_word' id='word_1_504' title='bbox 2157 449 2282 505; x_wconf 90' lang='lat' dir='ltr'><strong>niri.</strong></span> <span class='ocrx_word' id='word_1_505' title='bbox 2308 449 2474 524; x_wconf 83' lang='lat' dir='ltr'><strong>Magis</strong></span> <span class='ocrx_word' id='word_1_506' title='bbox 2500 467 2600 525; x_wconf 72' lang='lat' dir='ltr'><strong>ego</strong></span> <span class='ocrx_word' id='word_1_507' title='bbox 2625 452 2817 510; x_wconf 84' lang='lat' dir='ltr'><strong>Joanni</strong></span> <span class='ocrx_word' id='word_1_508' title='bbox 2859 455 3052 525; x_wconf 91' lang='lat' dir='ltr'><strong>credo,</strong></span> <span class='ocrx_word' id='word_1_509' title='bbox 3086 467 3141 516; x_wconf 90' lang='lat' dir='ltr'><strong>et</strong></span> <span class='ocrx_word' id='word_1_510' title='bbox 3168 459 3343 516; x_wconf 91' lang='lat' dir='ltr'><strong>multo</strong></span> <span class='ocrx_word' id='word_1_511' title='bbox 3377 461 3630 523; x_wconf 77' lang='lat' dir='ltr'><strong>ﬁdentius</strong></span> <span class='ocrx_word' id='word_1_512' title='bbox 3668 480 3746 521; x_wconf 83' lang='lat' dir='ltr'><strong>re-</strong></span> <span class='ocrx_word' id='word_1_513' title='bbox 3776 449 3777 525; x_wconf 47' lang='grc' dir='ltr'><strong>ἦ</strong></span> 
     </span>
    </p>
   </div>
   <div class='ocr_carea' id='block_1_66' title="bbox 2157 543 3743 622">
    <p class='ocr_par' dir='ltr' id='par_1_66' title="bbox 2157 543 3743 622">
     <span class='ocr_line' id='line_1_66' title="bbox 2157 543 3743 622; baseline 0.009 -22"><span class='ocrx_word' id='word_1_514' title='bbox 2157 543 2441 616; x_wconf 71' lang='lat' dir='ltr'><strong>Spondeo:</strong></span> <span class='ocrx_word' id='word_1_515' title='bbox 2475 546 2552 602; x_wconf 90' lang='lat' dir='ltr'><strong>Te</strong></span> <span class='ocrx_word' id='word_1_516' title='bbox 2603 546 2776 617; x_wconf 90' lang='lat' dir='ltr'><strong>ipsum</strong></span> <span class='ocrx_word' id='word_1_517' title='bbox 2831 547 3056 622; x_wconf 90' lang='lat' dir='ltr'><strong>decipis,</strong></span> <span class='ocrx_word' id='word_1_518' title='bbox 3111 560 3168 608; x_wconf 88' lang='lat' dir='ltr'><strong>et</strong></span> <span class='ocrx_word' id='word_1_519' title='bbox 3219 553 3416 610; x_wconf 85' lang='lat' dir='ltr'><strong>veritas</strong></span> <span class='ocrx_word' id='word_1_520' title='bbox 3448 553 3502 610; x_wconf 92' lang='lat' dir='ltr'><strong>in</strong></span> <span class='ocrx_word' id='word_1_521' title='bbox 3544 564 3601 612; x_wconf 90' lang='lat' dir='ltr'><strong>te</strong></span> <span class='ocrx_word' id='word_1_522' title='bbox 3645 572 3743 614; x_wconf 85' lang='lat' dir='ltr'><strong>non</strong></span> 
     </span>
    </p>
   </div>
   <div class='ocr_carea' id='block_1_67' title="bbox 2158 637 3745 721">
    <p class='ocr_par' dir='ltr' id='par_1_67' title="bbox 2158 637 3745 721">
     <span class='ocr_line' id='line_1_67' title="bbox 2158 637 3745 721; baseline 0.009 -27"><span class='ocrx_word' id='word_1_523' title='bbox 2158 645 2260 694; x_wconf 86' lang='lat' dir='ltr'><strong>est.</strong></span> <span class='ocrx_word' id='word_1_524' title='bbox 2316 637 2500 711; x_wconf 86' lang='lat' dir='ltr'><strong>Neque</strong></span> <span class='ocrx_word' id='word_1_525' title='bbox 2549 639 2653 697; x_wconf 92' lang='lat' dir='ltr'><strong>hoc</strong></span> <span class='ocrx_word' id='word_1_526' title='bbox 2701 641 2810 714; x_wconf 90' lang='lat' dir='ltr'><strong>agit</strong></span> <span class='ocrx_word' id='word_1_527' title='bbox 2861 659 3100 717; x_wconf 61' lang='lat' dir='ltr'><strong>praiceps</strong></span> <span class='ocrx_word' id='word_1_528' title='bbox 3150 655 3206 702; x_wconf 88' lang='lat' dir='ltr'><strong>et</strong></span> <span class='ocrx_word' id='word_1_529' title='bbox 3265 647 3422 705; x_wconf 77' lang='lat' dir='ltr'><strong>fallax</strong></span> <span class='ocrx_word' id='word_1_530' title='bbox 3479 649 3584 706; x_wconf 84' lang='lat' dir='ltr'><strong>ista</strong></span> <span class='ocrx_word' id='word_1_531' title='bbox 3631 667 3745 721; x_wconf 81' lang='lat' dir='ltr'><strong>pro-</strong></span> 
     </span>
    </p>
   </div>
   <div class='ocr_carea' id='block_1_68' title="bbox 2158 728 3744 812">
    <p class='ocr_par' dir='ltr' id='par_1_68' title="bbox 2158 728 3744 812">
     <span class='ocr_line' id='line_1_68' title="bbox 2158 728 3744 812; baseline 0.009 -28"><span class='ocrx_word' id='word_1_532' title='bbox 2158 728 2336 797; x_wconf 84' lang='lat' dir='ltr'><strong>fessio,</strong></span> <span class='ocrx_word' id='word_1_533' title='bbox 2370 738 2428 786; x_wconf 90' lang='lat' dir='ltr'><strong>ut</strong></span> <span class='ocrx_word' id='word_1_534' title='bbox 2455 731 2507 786; x_wconf 91' lang='lat' dir='ltr'><strong>in</strong></span> <span class='ocrx_word' id='word_1_535' title='bbox 2540 739 2593 788; x_wconf 89' lang='lat' dir='ltr'><strong>te</strong></span> <span class='ocrx_word' id='word_1_536' title='bbox 2621 742 2836 802; x_wconf 86' lang='lat' dir='ltr'><strong>peccata</strong></span> <span class='ocrx_word' id='word_1_537' title='bbox 2867 749 2976 791; x_wconf 91' lang='lat' dir='ltr'><strong>non</strong></span> <span class='ocrx_word' id='word_1_538' title='bbox 3005 735 3347 795; x_wconf 84' lang='lat' dir='ltr'><strong>inveniantur</strong></span> <span class='ocrx_word' id='word_1_539' title='bbox 3371 781 3386 807; x_wconf 94' lang='lat'><strong>,</strong></span> <span class='ocrx_word' id='word_1_540' title='bbox 3417 740 3515 798; x_wconf 86' lang='lat' dir='ltr'><strong>sed</strong></span> <span class='ocrx_word' id='word_1_541' title='bbox 3556 749 3614 798; x_wconf 88' lang='lat' dir='ltr'><strong>ut</strong></span> <span class='ocrx_word' id='word_1_542' title='bbox 3637 758 3744 812; x_wconf 76' lang='lat' dir='ltr'><strong>qua:</strong></span> 
     </span>
    </p>
   </div>
   <div class='ocr_carea' id='block_1_69' title="bbox 2158 822 3744 905">
    <p class='ocr_par' dir='ltr' id='par_1_69' title="bbox 2158 822 3744 905">
     <span class='ocr_line' id='line_1_69' title="bbox 2158 822 3744 905; baseline 0.008 -26"><span class='ocrx_word' id='word_1_543' title='bbox 2158 822 2499 881; x_wconf 91' lang='lat' dir='ltr'><strong>inveniuntur</strong></span> <span class='ocrx_word' id='word_1_544' title='bbox 2523 841 2634 882; x_wconf 89' lang='lat' dir='ltr'><strong>non</strong></span> <span class='ocrx_word' id='word_1_545' title='bbox 2662 826 3017 885; x_wconf 89' lang='lat' dir='ltr'><strong>dimittantur.</strong></span> <span class='ocrx_word' id='word_1_546' title='bbox 3049 829 3107 887; x_wconf 90' lang='lat' dir='ltr'><strong>Si</strong></span> <span class='ocrx_word' id='word_1_547' title='bbox 3151 845 3282 904; x_wconf 88' lang='lat' dir='ltr'><strong>ergo</strong></span> <span class='ocrx_word' id='word_1_548' title='bbox 3300 831 3413 903; x_wconf 88' lang='lat' dir='ltr'><strong>jam</strong></span> <span class='ocrx_word' id='word_1_549' title='bbox 3455 833 3744 905; x_wconf 67' lang='lat' dir='ltr'><strong>baptizatum</strong></span> 
     </span>
    </p>
   </div>
   <div class='ocr_carea' id='block_1_70' title="bbox 2156 916 3744 996">
    <p class='ocr_par' dir='ltr' id='par_1_70' title="bbox 2156 916 3744 996">
     <span class='ocr_line' id='line_1_70' title="bbox 2156 916 3744 996; baseline 0.008 -22"><span class='ocrx_word' id='word_1_550' title='bbox 2156 931 2238 985; x_wconf 89' lang='lat' dir='ltr'><strong>es,</strong></span> <span class='ocrx_word' id='word_1_551' title='bbox 2272 916 2464 974; x_wconf 89' lang='lat' dir='ltr'><strong>vellem</strong></span> <span class='ocrx_word' id='word_1_552' title='bbox 2495 919 2634 975; x_wconf 90' lang='lat' dir='ltr'><strong>scire</strong></span> <span class='ocrx_word' id='word_1_553' title='bbox 2669 935 2828 992; x_wconf 89' lang='lat' dir='ltr'><strong>quem</strong></span> <span class='ocrx_word' id='word_1_554' title='bbox 2856 923 3122 994; x_wconf 90' lang='lat' dir='ltr'><strong>repereris</strong></span> <span class='ocrx_word' id='word_1_555' title='bbox 3146 925 3238 996; x_wconf 92' lang='lat' dir='ltr'><strong>qui</strong></span> <span class='ocrx_word' id='word_1_556' title='bbox 3267 936 3453 983; x_wconf 83' lang='lat' dir='ltr'><strong>contra</strong></span> <span class='ocrx_word' id='word_1_557' title='bbox 3491 927 3744 986; x_wconf 77' lang='lat' dir='ltr'><strong>Joannem</strong></span> 
     </span>
    </p>
   </div>
   <div class='ocr_carea' id='block_1_71' title="bbox 2157 1010 3746 1080">
    <p class='ocr_par' dir='ltr' id='par_1_71' title="bbox 2157 1010 3746 1080">
     <span class='ocr_line' id='line_1_71' title="bbox 2157 1010 3746 1080; baseline 0.01 -16"><span class='ocrx_word' id='word_1_558' title='bbox 2157 1010 2456 1080; x_wconf 90' lang='lat' dir='ltr'><strong>apostolum</strong></span> <span class='ocrx_word' id='word_1_559' title='bbox 2479 1011 2703 1080; x_wconf 88' lang='lat' dir='ltr'><strong>diceret,</strong></span> <span class='ocrx_word' id='word_1_560' title='bbox 2730 1013 3014 1072; x_wconf 88' lang='lat' dir='ltr'><strong>Peccatum</strong></span> <span class='ocrx_word' id='word_1_561' title='bbox 3042 1031 3150 1073; x_wconf 93' lang='lat' dir='ltr'><strong>non</strong></span> <span class='ocrx_word' id='word_1_562' title='bbox 3182 1017 3378 1076; x_wconf 86' lang='lat' dir='ltr'><strong>habeo.</strong></span> <span class='ocrx_word' id='word_1_563' title='bbox 3415 1020 3474 1079; x_wconf 91' lang='lat' dir='ltr'><strong>Si</strong></span> <span class='ocrx_word' id='word_1_564' title='bbox 3502 1023 3650 1079; x_wconf 85' lang='lat' dir='ltr'><strong>enim</strong></span> <span class='ocrx_word' id='word_1_565' title='bbox 3677 1033 3746 1080; x_wconf 79' lang='lat' dir='ltr'><strong>ta—</strong></span> 
     </span>
    </p>
   </div>
   <div class='ocr_carea' id='block_1_72' title="bbox 2157 1102 3744 1187">
    <p class='ocr_par' dir='ltr' id='par_1_72' title="bbox 2157 1102 3744 1187">
     <span class='ocr_line' id='line_1_72' title="bbox 2157 1102 3744 1187; baseline 0.008 -28"><span class='ocrx_word' id='word_1_566' title='bbox 2157 1102 2263 1159; x_wconf 90' lang='lat' dir='ltr'><strong>lem</strong></span> <span class='ocrx_word' id='word_1_567' title='bbox 2297 1118 2623 1177; x_wconf 87' lang='lat' dir='ltr'><strong>quemquam</strong></span> <span class='ocrx_word' id='word_1_568' title='bbox 2654 1106 2893 1178; x_wconf 89' lang='lat' dir='ltr'><strong>reperire</strong></span> <span class='ocrx_word' id='word_1_569' title='bbox 2917 1109 3167 1180; x_wconf 89' lang='lat' dir='ltr'><strong>potuisti;</strong></span> <span class='ocrx_word' id='word_1_570' title='bbox 3208 1111 3482 1184; x_wconf 88' lang='lat' dir='ltr'><strong>quomodo</strong></span> <span class='ocrx_word' id='word_1_571' title='bbox 3514 1113 3744 1187; x_wconf 81' lang='lat' dir='ltr'><strong>baptiza-</strong></span> 
     </span>
    </p>
   </div>
   <div class='ocr_carea' id='block_1_73' title="bbox 2158 1197 3742 1280">
    <p class='ocr_par' dir='ltr' id='par_1_73' title="bbox 2158 1197 3742 1280">
     <span class='ocr_line' id='line_1_73' title="bbox 2158 1197 3742 1280; baseline 0.008 -28"><span class='ocrx_word' id='word_1_572' title='bbox 2158 1205 2245 1254; x_wconf 92' lang='lat' dir='ltr'><strong>tus</strong></span> <span class='ocrx_word' id='word_1_573' title='bbox 2272 1212 2331 1254; x_wconf 89' lang='lat' dir='ltr'><strong>es</strong></span> <span class='ocrx_word' id='word_1_574' title='bbox 2355 1197 2424 1254; x_wconf 90' lang='lat' dir='ltr'><strong>ab</strong></span> <span class='ocrx_word' id='word_1_575' title='bbox 2447 1213 2534 1268; x_wconf 93' lang='lat' dir='ltr'><strong>eo,</strong></span> <span class='ocrx_word' id='word_1_576' title='bbox 2563 1200 2652 1271; x_wconf 90' lang='lat' dir='ltr'><strong>qui</strong></span> <span class='ocrx_word' id='word_1_577' title='bbox 2681 1215 2743 1258; x_wconf 90' lang='lat' dir='ltr'><strong>se</strong></span> <span class='ocrx_word' id='word_1_578' title='bbox 2766 1200 2940 1273; x_wconf 90' lang='lat' dir='ltr'><strong>ipsum</strong></span> <span class='ocrx_word' id='word_1_579' title='bbox 2967 1202 3292 1274; x_wconf 90' lang='lat' dir='ltr'><strong>decipiebat,</strong></span> <span class='ocrx_word' id='word_1_580' title='bbox 3316 1205 3452 1263; x_wconf 90' lang='lat' dir='ltr'><strong>etin</strong></span> <span class='ocrx_word' id='word_1_581' title='bbox 3481 1222 3592 1280; x_wconf 88' lang='lat' dir='ltr'><strong>quo</strong></span> <span class='ocrx_word' id='word_1_582' title='bbox 3617 1210 3742 1265; x_wconf 71' lang='lat' dir='ltr'><strong>verio</strong></span> 
     </span>
    </p>
   </div>
   <div class='ocr_carea' id='block_1_74' title="bbox 2155 1292 3777 1378">
    <p class='ocr_par' dir='ltr' id='par_1_74' title="bbox 2155 1292 3777 1378">
     <span class='ocr_line' id='line_1_74' title="bbox 2155 1292 3777 1378; baseline 0.007 -32"><span class='ocrx_word' id='word_1_583' title='bbox 2155 1297 2239 1347; x_wconf 86' lang='lat' dir='ltr'><strong>tas</strong></span> <span class='ocrx_word' id='word_1_584' title='bbox 2263 1306 2370 1346; x_wconf 93' lang='lat' dir='ltr'><strong>non</strong></span> <span class='ocrx_word' id='word_1_585' title='bbox 2398 1293 2558 1348; x_wconf 88' lang='lat' dir='ltr'><strong>erat?</strong></span> <span class='ocrx_word' id='word_1_586' title='bbox 2583 1292 2638 1351; x_wconf 90' lang='lat' dir='ltr'><strong>Si</strong></span> <span class='ocrx_word' id='word_1_587' title='bbox 2669 1302 2848 1351; x_wconf 88' lang='lat' dir='ltr'><strong>autem</strong></span> <span class='ocrx_word' id='word_1_588' title='bbox 2877 1295 3282 1370; x_wconf 88' lang='lat' dir='ltr'><strong>qualiscumque</strong></span> <span class='ocrx_word' id='word_1_589' title='bbox 3304 1297 3625 1356; x_wconf 86' lang='lat' dir='ltr'><strong>humilitatis</strong></span> <span class='ocrx_word' id='word_1_590' title='bbox 3648 1318 3743 1358; x_wconf 81' lang='lat' dir='ltr'><strong>non</strong></span> <span class='ocrx_word' id='word_1_591' title='bbox 3776 1299 3777 1378; x_wconf 55' lang='lat'>1</span> 
     </span>
    </p>
   </div>
   <div class='ocr_carea' id='block_1_75' title="bbox 2156 1382 3743 1466">
    <p class='ocr_par' dir='ltr' id='par_1_75' title="bbox 2156 1382 3743 1466">
     <span class='ocr_line' id='line_1_75' title="bbox 2156 1382 3743 1466; baseline 0.008 -27"><span class='ocrx_word' id='word_1_592' title='bbox 2156 1382 2443 1441; x_wconf 87' lang='lat' dir='ltr'><strong>immemor</strong></span> <span class='ocrx_word' id='word_1_593' title='bbox 2495 1394 2832 1456; x_wconf 90' lang='lat' dir='ltr'><strong>peccatorem</strong></span> <span class='ocrx_word' id='word_1_594' title='bbox 2885 1402 2946 1446; x_wconf 86' lang='lat' dir='ltr'><strong>se</strong></span> <span class='ocrx_word' id='word_1_595' title='bbox 3000 1405 3122 1447; x_wconf 88' lang='lat' dir='ltr'><strong>esse</strong></span> <span class='ocrx_word' id='word_1_596' title='bbox 3175 1391 3391 1449; x_wconf 85' lang='lat' dir='ltr'><strong>dicebat</strong></span> <span class='ocrx_word' id='word_1_597' title='bbox 3411 1434 3428 1460; x_wconf 90' lang='lat'><strong>,</strong></span> <span class='ocrx_word' id='word_1_598' title='bbox 3484 1396 3743 1466; x_wconf 89' lang='lat' dir='ltr'><strong>quomodo</strong></span> 
     </span>
    </p>
   </div>
   <div class='ocr_carea' id='block_1_76' title="bbox 2155 1475 3777 1557">
    <p class='ocr_par' dir='ltr' id='par_1_76' title="bbox 2155 1475 3777 1557">
     <span class='ocr_line' id='line_1_76' title="bbox 2155 1475 3777 1557; baseline 0.006 -25"><span class='ocrx_word' id='word_1_599' title='bbox 2155 1475 2258 1532; x_wconf 90' lang='lat' dir='ltr'><strong>sibi</strong></span> <span class='ocrx_word' id='word_1_600' title='bbox 2306 1477 2602 1535; x_wconf 88' lang='lat' dir='ltr'><strong>secundum</strong></span> <span class='ocrx_word' id='word_1_601' title='bbox 2659 1487 2804 1537; x_wconf 90' lang='lat' dir='ltr'><strong>tuam</strong></span> <span class='ocrx_word' id='word_1_602' title='bbox 2867 1482 3188 1538; x_wconf 87' lang='lat' dir='ltr'><strong>sententiam</strong></span> <span class='ocrx_word' id='word_1_603' title='bbox 3253 1483 3346 1555; x_wconf 90' lang='lat' dir='ltr'><strong>jus</strong></span> <span class='ocrx_word' id='word_1_604' title='bbox 3407 1475 3777 1557; x_wconf 69' lang='lat' dir='ltr'><strong>Baptismatisl</strong></span> 
     </span>
    </p>
   </div>
   <div class='ocr_carea' id='block_1_77' title="bbox 2154 1570 3740 1646">
    <p class='ocr_par' dir='ltr' id='par_1_77' title="bbox 2154 1570 3740 1646">
     <span class='ocr_line' id='line_1_77' title="bbox 2154 1570 3740 1646; baseline 0.007 -20"><span class='ocrx_word' id='word_1_605' title='bbox 2154 1570 2486 1642; x_wconf 83' lang='lat' dir='ltr'><strong>usurpabat?</strong></span> <span class='ocrx_word' id='word_1_606' title='bbox 2516 1572 2598 1629; x_wconf 91' lang='lat' dir='ltr'><strong>Tu</strong></span> <span class='ocrx_word' id='word_1_607' title='bbox 2626 1572 2771 1630; x_wconf 90' lang='lat' dir='ltr'><strong>enim</strong></span> <span class='ocrx_word' id='word_1_608' title='bbox 2800 1572 2979 1646; x_wconf 82' lang='lat' dir='ltr'><strong>dixisti</strong></span> <span class='ocrx_word' id='word_1_609' title='bbox 3007 1617 3022 1644; x_wconf 91' lang='lat'><strong>,</strong></span> <span class='ocrx_word' id='word_1_610' title='bbox 3061 1583 3116 1630; x_wconf 91' lang='lat' dir='ltr'><strong>tu</strong></span> <span class='ocrx_word' id='word_1_611' title='bbox 3146 1576 3314 1632; x_wconf 90' lang='lat' dir='ltr'><strong>etiam</strong></span> <span class='ocrx_word' id='word_1_612' title='bbox 3351 1577 3582 1637; x_wconf 86' lang='lat' dir='ltr'><strong>minimc</strong></span> <span class='ocrx_word' id='word_1_613' title='bbox 3614 1582 3740 1636; x_wconf 81' lang='lat' dir='ltr'><strong>scri-</strong></span> 
     </span>
    </p>
   </div>
   <div class='ocr_carea' id='block_1_78' title="bbox 2154 1663 3742 1740">
    <p class='ocr_par' dir='ltr' id='par_1_78' title="bbox 2154 1663 3742 1740">
     <span class='ocr_line' id='line_1_78' title="bbox 2154 1663 3742 1740; baseline 0.005 -19"><span class='ocrx_word' id='word_1_614' title='bbox 2154 1663 2282 1721; x_wconf 85' lang='lat' dir='ltr'><strong>bere</strong></span> <span class='ocrx_word' id='word_1_615' title='bbox 2321 1665 2579 1732; x_wconf 89' lang='lat' dir='ltr'><strong>timuisti,</strong></span> <span class='ocrx_word' id='word_1_616' title='bbox 2625 1675 2678 1720; x_wconf 91' lang='lat' dir='ltr'><strong>ut</strong></span> <span class='ocrx_word' id='word_1_617' title='bbox 2721 1667 2945 1739; x_wconf 82' lang='lat' dir='ltr'><strong>quisquis</strong></span> <span class='ocrx_word' id='word_1_618' title='bbox 2996 1677 3230 1740; x_wconf 87' lang='lat' dir='ltr'><strong>peccator</strong></span> <span class='ocrx_word' id='word_1_619' title='bbox 3268 1668 3403 1725; x_wconf 87' lang='lat' dir='ltr'><strong>inter</strong></span> <span class='ocrx_word' id='word_1_620' title='bbox 3440 1686 3616 1728; x_wconf 80' lang='lat' dir='ltr'><strong>omnes</strong></span> <span class='ocrx_word' id='word_1_621' title='bbox 3660 1673 3742 1728; x_wconf 71' lang='lat' dir='ltr'><strong>lio-</strong></span> 
     </span>
    </p>
   </div>
   <div class='ocr_carea' id='block_1_79' title="bbox 2155 1755 3742 1834">
    <p class='ocr_par' dir='ltr' id='par_1_79' title="bbox 2155 1755 3742 1834">
     <span class='ocr_line' id='line_1_79' title="bbox 2155 1755 3742 1834; baseline 0.007 -24"><span class='ocrx_word' id='word_1_622' title='bbox 2155 1755 2314 1812; x_wconf 87' lang='lat' dir='ltr'><strong>mines</strong></span> <span class='ocrx_word' id='word_1_623' title='bbox 2353 1756 2527 1828; x_wconf 74' lang='lat' dir='ltr'><strong>fuerit,</strong></span> <span class='ocrx_word' id='word_1_624' title='bbox 2561 1760 2653 1830; x_wconf 82' lang='lat' dir='ltr'><strong>jus</strong></span> <span class='ocrx_word' id='word_1_625' title='bbox 2680 1757 2778 1813; x_wconf 87' lang='lat' dir='ltr'><strong>sibi</strong></span> <span class='ocrx_word' id='word_1_626' title='bbox 2802 1757 3135 1831; x_wconf 86' lang='lat' dir='ltr'><strong>Baptismatis</strong></span> <span class='ocrx_word' id='word_1_627' title='bbox 3169 1776 3273 1816; x_wconf 83' lang='lat' dir='ltr'><strong>non</strong></span> <span class='ocrx_word' id='word_1_628' title='bbox 3309 1772 3544 1834; x_wconf 77' lang='lat' dir='ltr'><strong>usurpet.</strong></span> <span class='ocrx_word' id='word_1_629' title='bbox 3581 1763 3637 1820; x_wconf 87' lang='lat' dir='ltr'><strong>Si</strong></span> <span class='ocrx_word' id='word_1_630' title='bbox 3658 1779 3742 1820; x_wconf 86' lang='lat' dir='ltr'><strong>au-</strong></span> 
     </span>
    </p>
   </div>
   <div class='ocr_carea' id='block_1_80' title="bbox 2155 1849 3738 1922">
    <p class='ocr_par' dir='ltr' id='par_1_80' title="bbox 2155 1849 3738 1922">
     <span class='ocr_line' id='line_1_80' title="bbox 2155 1849 3738 1922; baseline 0.006 -18"><span class='ocrx_word' id='word_1_631' title='bbox 2155 1855 2262 1905; x_wconf 90' lang='lat' dir='ltr'><strong>tem</strong></span> <span class='ocrx_word' id='word_1_632' title='bbox 2309 1849 2547 1906; x_wconf 92' lang='lat' dir='ltr'><strong>nondum</strong></span> <span class='ocrx_word' id='word_1_633' title='bbox 2590 1849 2884 1922; x_wconf 88' lang='lat' dir='ltr'><strong>baptizatus</strong></span> <span class='ocrx_word' id='word_1_634' title='bbox 2931 1866 3026 1920; x_wconf 87' lang='lat' dir='ltr'><strong>es,</strong></span> <span class='ocrx_word' id='word_1_635' title='bbox 3077 1861 3173 1908; x_wconf 89' lang='lat' dir='ltr'><strong>aut</strong></span> <span class='ocrx_word' id='word_1_636' title='bbox 3215 1853 3357 1911; x_wconf 89' lang='lat' dir='ltr'><strong>hanc</strong></span> <span class='ocrx_word' id='word_1_637' title='bbox 3404 1856 3738 1914; x_wconf 83' lang='lat' dir='ltr'><strong>vanissimam</strong></span> 
     </span>
    </p>
   </div>
   <div class='ocr_carea' id='block_1_81' title="bbox 2155 1933 3777 2023">
    <p class='ocr_par' dir='ltr' id='par_1_81' title="bbox 2155 1933 3777 2023">
     <span class='ocr_line' id='line_1_81' title="bbox 2155 1933 3777 2023; baseline 0.006 -25"><span class='ocrx_word' id='word_1_638' title='bbox 2155 1943 2476 1999; x_wconf 88' lang='lat' dir='ltr'><strong>sententiam</strong></span> <span class='ocrx_word' id='word_1_639' title='bbox 2519 1942 2764 2016; x_wconf 91' lang='lat' dir='ltr'><strong>corrige,</strong></span> <span class='ocrx_word' id='word_1_640' title='bbox 2810 1952 2902 2002; x_wconf 92' lang='lat' dir='ltr'><strong>aut</strong></span> <span class='ocrx_word' id='word_1_641' title='bbox 2929 1958 2958 2000; x_wconf 88' lang='lat' dir='ltr'><strong>a</strong></span> <span class='ocrx_word' id='word_1_642' title='bbox 2989 1945 3183 2018; x_wconf 89' lang='lat' dir='ltr'><strong>quibus</strong></span> <span class='ocrx_word' id='word_1_643' title='bbox 3212 1945 3509 2019; x_wconf 81' lang='lat' dir='ltr'><strong>baptizeris</strong></span> <span class='ocrx_word' id='word_1_644' title='bbox 3535 1952 3739 2023; x_wconf 79' lang='lat' dir='ltr'><strong>angelos</strong></span> 
     </span>
    </p>
   </div>
   <div class='ocr_carea' id='block_1_82' title="bbox 2155 2050 2354 2108">
    <p class='ocr_par' dir='ltr' id='par_1_82' title="bbox 2155 2050 2354 2108">
     <span class='ocr_line' id='line_1_82' title="bbox 2155 2050 2354 2108; baseline 0 -17"><span class='ocrx_word' id='word_1_645' title='bbox 2155 2050 2354 2108; x_wconf 68' lang='lat' dir='ltr'><strong>quaere.</strong></span> 
     </span>
    </p>
   </div>
   <div class='ocr_carea' id='block_1_83' title="bbox 2226 2129 3738 2212">
    <p class='ocr_par' dir='ltr' id='par_1_83' title="bbox 2226 2129 3738 2212">
     <span class='ocr_line' id='line_1_83' title="bbox 2226 2129 3738 2212; baseline 0.009 -26"><span class='ocrx_word' id='word_1_646' title='bbox 2226 2129 2316 2186; x_wconf 81' lang='lat'><strong>56.</strong></span> <span class='ocrx_word' id='word_1_647' title='bbox 2345 2130 2453 2188; x_wconf 89' lang='lat' dir='ltr'><strong>Sed</strong></span> <span class='ocrx_word' id='word_1_648' title='bbox 2477 2131 2800 2190; x_wconf 89' lang='lat' dir='ltr'><strong>arbitremur</strong></span> <span class='ocrx_word' id='word_1_649' title='bbox 2828 2143 2882 2191; x_wconf 90' lang='lat' dir='ltr'><strong>te</strong></span> <span class='ocrx_word' id='word_1_650' title='bbox 2903 2136 3208 2194; x_wconf 89' lang='lat' dir='ltr'><strong>convictum</strong></span> <span class='ocrx_word' id='word_1_651' title='bbox 3239 2139 3562 2208; x_wconf 86' lang='lat' dir='ltr'><strong>correxisse,</strong></span> <span class='ocrx_word' id='word_1_652' title='bbox 3599 2142 3738 2212; x_wconf 81' lang='lat' dir='ltr'><strong>Quis-</strong></span> 
     </span>
    </p>
   </div>
   <div class='ocr_carea' id='block_1_84' title="bbox 2153 2229 3738 2308">
    <p class='ocr_par' dir='ltr' id='par_1_84' title="bbox 2153 2229 3738 2308">
     <span class='ocr_line' id='line_1_84' title="bbox 2153 2229 3738 2308; baseline 0.005 -24"><span class='ocrx_word' id='word_1_653' title='bbox 2153 2229 2262 2300; x_wconf 87' lang='lat' dir='ltr'><strong>quis</strong></span> <span class='ocrx_word' id='word_1_654' title='bbox 2289 2246 2346 2286; x_wconf 88' lang='lat' dir='ltr'><strong>eo</strong></span> <span class='ocrx_word' id='word_1_655' title='bbox 2373 2232 2585 2288; x_wconf 87' lang='lat' dir='ltr'><strong>crimine</strong></span> <span class='ocrx_word' id='word_1_656' title='bbox 2619 2233 2757 2304; x_wconf 89' lang='lat' dir='ltr'><strong>quod</strong></span> <span class='ocrx_word' id='word_1_657' title='bbox 2793 2234 2953 2290; x_wconf 83' lang='lat' dir='ltr'><strong>nostri</strong></span> <span class='ocrx_word' id='word_1_658' title='bbox 2999 2235 3285 2308; x_wconf 85' lang='lat' dir='ltr'><strong>objiciunt,</strong></span> <span class='ocrx_word' id='word_1_659' title='bbox 3339 2245 3578 2308; x_wconf 83' lang='lat' dir='ltr'><strong>peccator</strong></span> <span class='ocrx_word' id='word_1_660' title='bbox 3618 2237 3738 2292; x_wconf 77' lang='lat' dir='ltr'><strong>inter</strong></span> 
     </span>
    </p>
   </div>
   <div class='ocr_carea' id='block_1_85' title="bbox 2154 2323 3738 2399">
    <p class='ocr_par' dir='ltr' id='par_1_85' title="bbox 2154 2323 3738 2399">
     <span class='ocr_line' id='line_1_85' title="bbox 2154 2323 3738 2399; baseline 0.004 -21"><span class='ocrx_word' id='word_1_661' title='bbox 2154 2337 2325 2378; x_wconf 88' lang='lat' dir='ltr'><strong>omnes</strong></span> <span class='ocrx_word' id='word_1_662' title='bbox 2353 2323 2579 2380; x_wconf 83' lang='lat' dir='ltr'><strong>homines</strong></span> <span class='ocrx_word' id='word_1_663' title='bbox 2615 2325 2805 2397; x_wconf 79' lang='lat' dir='ltr'><strong>fuerit,</strong></span> <span class='ocrx_word' id='word_1_664' title='bbox 2838 2327 2929 2397; x_wconf 86' lang='lat' dir='ltr'><strong>jus</strong></span> <span class='ocrx_word' id='word_1_665' title='bbox 2956 2325 3052 2382; x_wconf 89' lang='lat' dir='ltr'><strong>sibi</strong></span> <span class='ocrx_word' id='word_1_666' title='bbox 3081 2325 3416 2399; x_wconf 86' lang='lat' dir='ltr'><strong>Baptismatis</strong></span> <span class='ocrx_word' id='word_1_667' title='bbox 3447 2344 3555 2384; x_wconf 84' lang='lat' dir='ltr'><strong>non</strong></span> <span class='ocrx_word' id='word_1_668' title='bbox 3592 2345 3738 2384; x_wconf 76' lang='lat' dir='ltr'><strong>usur-</strong></span> 
     </span>
    </p>
   </div>
   <div class='ocr_carea' id='block_1_86' title="bbox 2153 2415 3738 2492">
    <p class='ocr_par' dir='ltr' id='par_1_86' title="bbox 2153 2415 3738 2492">
     <span class='ocr_line' id='line_1_86' title="bbox 2153 2415 3738 2492; baseline 0.003 -21"><span class='ocrx_word' id='word_1_669' title='bbox 2153 2426 2254 2488; x_wconf 84' lang='lat' dir='ltr'><strong>pet.</strong></span> <span class='ocrx_word' id='word_1_670' title='bbox 2286 2415 2471 2488; x_wconf 89' lang='lat' dir='ltr'><strong>Neque</strong></span> <span class='ocrx_word' id='word_1_671' title='bbox 2512 2417 2616 2474; x_wconf 90' lang='lat' dir='ltr'><strong>hoc</strong></span> <span class='ocrx_word' id='word_1_672' title='bbox 2655 2426 2842 2474; x_wconf 90' lang='lat' dir='ltr'><strong>contra</strong></span> <span class='ocrx_word' id='word_1_673' title='bbox 2884 2433 2985 2476; x_wconf 90' lang='lat' dir='ltr'><strong>nos</strong></span> <span class='ocrx_word' id='word_1_674' title='bbox 3027 2428 3143 2487; x_wconf 87' lang='lat' dir='ltr'><strong>est;</strong></span> <span class='ocrx_word' id='word_1_675' title='bbox 3175 2420 3298 2492; x_wconf 90' lang='lat' dir='ltr'><strong>quia</strong></span> <span class='ocrx_word' id='word_1_676' title='bbox 3330 2420 3378 2478; x_wconf 88' lang='lat' dir='ltr'><strong>si</strong></span> <span class='ocrx_word' id='word_1_677' title='bbox 3418 2421 3584 2477; x_wconf 85' lang='lat' dir='ltr'><strong>etiam</strong></span> <span class='ocrx_word' id='word_1_678' title='bbox 3629 2421 3738 2477; x_wconf 85' lang='lat' dir='ltr'><strong>talis</strong></span> 
     </span>
    </p>
   </div>
   <div class='ocr_carea' id='block_1_87' title="bbox 2153 2508 3777 2586">
    <p class='ocr_par' dir='ltr' id='par_1_87' title="bbox 2153 2508 3777 2586">
     <span class='ocr_line' id='line_1_87' title="bbox 2153 2508 3777 2586; baseline 0.004 -24"><span class='ocrx_word' id='word_1_679' title='bbox 2153 2508 2489 2579; x_wconf 89' lang='lat' dir='ltr'><strong>usurpaverit</strong></span> <span class='ocrx_word' id='word_1_680' title='bbox 2523 2515 2576 2566; x_wconf 90' lang='lat' dir='ltr'><strong>et</strong></span> <span class='ocrx_word' id='word_1_681' title='bbox 2618 2508 2844 2577; x_wconf 88' lang='lat' dir='ltr'><strong>dederit,</strong></span> <span class='ocrx_word' id='word_1_682' title='bbox 2890 2525 2999 2566; x_wconf 89' lang='lat' dir='ltr'><strong>non</strong></span> <span class='ocrx_word' id='word_1_683' title='bbox 3041 2525 3164 2568; x_wconf 91' lang='lat' dir='ltr'><strong>eum</strong></span> <span class='ocrx_word' id='word_1_684' title='bbox 3203 2511 3305 2568; x_wconf 89' lang='lat' dir='ltr'><strong>sibi</strong></span> <span class='ocrx_word' id='word_1_685' title='bbox 3347 2527 3612 2584; x_wconf 83' lang='lat' dir='ltr'><strong>usurpare</strong></span> <span class='ocrx_word' id='word_1_686' title='bbox 3647 2511 3734 2568; x_wconf 84' lang='lat' dir='ltr'><strong>de-</strong></span> <span class='ocrx_word' id='word_1_687' title='bbox 3776 2508 3777 2586; x_wconf 61' lang='lat'>1</span> 
     </span>
    </p>
   </div>
   <div class='ocr_carea' id='block_1_88' title="bbox 2151 2601 3736 2670">
    <p class='ocr_par' dir='ltr' id='par_1_88' title="bbox 2151 2601 3736 2670">
     <span class='ocr_line' id='line_1_88' title="bbox 2151 2601 3736 2670; baseline 0.001 -13"><span class='ocrx_word' id='word_1_688' title='bbox 2151 2601 2333 2658; x_wconf 91' lang='lat' dir='ltr'><strong>buisse</strong></span> <span class='ocrx_word' id='word_1_689' title='bbox 2369 2601 2490 2658; x_wconf 91' lang='lat' dir='ltr'><strong>dico</strong></span> <span class='ocrx_word' id='word_1_690' title='bbox 2514 2643 2529 2670; x_wconf 94' lang='lat'><strong>,</strong></span> <span class='ocrx_word' id='word_1_691' title='bbox 2575 2617 2684 2658; x_wconf 91' lang='lat' dir='ltr'><strong>non</strong></span> <span class='ocrx_word' id='word_1_692' title='bbox 2719 2612 2897 2659; x_wconf 91' lang='lat' dir='ltr'><strong>autem</strong></span> <span class='ocrx_word' id='word_1_693' title='bbox 2936 2601 3150 2660; x_wconf 89' lang='lat' dir='ltr'><strong>dedisse</strong></span> <span class='ocrx_word' id='word_1_694' title='bbox 3179 2617 3284 2660; x_wconf 91' lang='lat' dir='ltr'><strong>non</strong></span> <span class='ocrx_word' id='word_1_695' title='bbox 3309 2602 3452 2660; x_wconf 90' lang='lat' dir='ltr'><strong>dico.</strong></span> <span class='ocrx_word' id='word_1_696' title='bbox 3499 2603 3596 2662; x_wconf 88' lang='lat' dir='ltr'><strong>Ille</strong></span> <span class='ocrx_word' id='word_1_697' title='bbox 3620 2619 3736 2660; x_wconf 85' lang='lat' dir='ltr'><strong>vero</strong></span> 
     </span>
    </p>
   </div>
   <div class='ocr_carea' id='block_1_89' title="bbox 2152 2693 3735 2768">
    <p class='ocr_par' dir='ltr' id='par_1_89' title="bbox 2152 2693 3735 2768">
     <span class='ocr_line' id='line_1_89' title="bbox 2152 2693 3735 2768; baseline 0.003 -18"><span class='ocrx_word' id='word_1_698' title='bbox 2152 2693 2242 2766; x_wconf 92' lang='lat' dir='ltr'><strong>qui</strong></span> <span class='ocrx_word' id='word_1_699' title='bbox 2267 2697 2493 2768; x_wconf 85' lang='lat' dir='ltr'><strong>accepit,</strong></span> <span class='ocrx_word' id='word_1_700' title='bbox 2518 2696 2562 2752; x_wconf 89' lang='lat' dir='ltr'><strong>si</strong></span> <span class='ocrx_word' id='word_1_701' title='bbox 2590 2695 2750 2752; x_wconf 88' lang='lat' dir='ltr'><strong>homo</strong></span> <span class='ocrx_word' id='word_1_702' title='bbox 2769 2695 2943 2753; x_wconf 89' lang='lat' dir='ltr'><strong>bonus</strong></span> <span class='ocrx_word' id='word_1_703' title='bbox 2961 2696 3030 2753; x_wconf 89' lang='lat' dir='ltr'><strong>ab</strong></span> <span class='ocrx_word' id='word_1_704' title='bbox 3055 2696 3274 2754; x_wconf 87' lang='lat' dir='ltr'><strong>homine</strong></span> <span class='ocrx_word' id='word_1_705' title='bbox 3301 2697 3464 2763; x_wconf 88' lang='lat' dir='ltr'><strong>malo,</strong></span> <span class='ocrx_word' id='word_1_706' title='bbox 3493 2698 3541 2754; x_wconf 87' lang='lat' dir='ltr'><strong>si</strong></span> <span class='ocrx_word' id='word_1_707' title='bbox 3573 2696 3735 2755; x_wconf 77' lang='lat' dir='ltr'><strong>ﬁdelis</strong></span> 
     </span>
    </p>
   </div>
   <div class='ocr_carea' id='block_1_90' title="bbox 2151 2787 3732 2861">
    <p class='ocr_par' dir='ltr' id='par_1_90' title="bbox 2151 2787 3732 2861">
     <span class='ocr_line' id='line_1_90' title="bbox 2151 2787 3732 2861; baseline 0.003 -19"><span class='ocrx_word' id='word_1_708' title='bbox 2151 2801 2182 2842; x_wconf 92' lang='lat' dir='ltr'><strong>a</strong></span> <span class='ocrx_word' id='word_1_709' title='bbox 2213 2787 2436 2860; x_wconf 84' lang='lat' dir='ltr'><strong>perﬁdo,</strong></span> <span class='ocrx_word' id='word_1_710' title='bbox 2467 2789 2512 2844; x_wconf 91' lang='lat' dir='ltr'><strong>si</strong></span> <span class='ocrx_word' id='word_1_711' title='bbox 2540 2789 2658 2859; x_wconf 91' lang='lat' dir='ltr'><strong>pius</strong></span> <span class='ocrx_word' id='word_1_712' title='bbox 2682 2788 2750 2845; x_wconf 90' lang='lat' dir='ltr'><strong>ab</strong></span> <span class='ocrx_word' id='word_1_713' title='bbox 2775 2788 2976 2860; x_wconf 91' lang='lat' dir='ltr'><strong>impio;</strong></span> <span class='ocrx_word' id='word_1_714' title='bbox 3015 2789 3372 2861; x_wconf 87' lang='lat' dir='ltr'><strong>perniciosum</strong></span> <span class='ocrx_word' id='word_1_715' title='bbox 3408 2789 3518 2846; x_wconf 88' lang='lat' dir='ltr'><strong>erit</strong></span> <span class='ocrx_word' id='word_1_716' title='bbox 3556 2790 3698 2847; x_wconf 87' lang='lat' dir='ltr'><strong>danti</strong></span> <span class='ocrx_word' id='word_1_717' title='bbox 3717 2830 3732 2857; x_wconf 89' lang='lat'><strong>,</strong></span> 
     </span>
    </p>
   </div>
   <div class='ocr_carea' id='block_1_91' title="bbox 2152 2882 3736 2956">
    <p class='ocr_par' dir='ltr' id='par_1_91' title="bbox 2152 2882 3736 2956">
     <span class='ocr_line' id='line_1_91' title="bbox 2152 2882 3736 2956; baseline -0.001 -16"><span class='ocrx_word' id='word_1_718' title='bbox 2152 2898 2258 2940; x_wconf 89' lang='lat' dir='ltr'><strong>non</strong></span> <span class='ocrx_word' id='word_1_719' title='bbox 2285 2882 2582 2955; x_wconf 88' lang='lat' dir='ltr'><strong>accipienti.</strong></span> <span class='ocrx_word' id='word_1_720' title='bbox 2604 2882 2738 2940; x_wconf 91' lang='lat' dir='ltr'><strong>Illud</strong></span> <span class='ocrx_word' id='word_1_721' title='bbox 2765 2883 2960 2956; x_wconf 89' lang='lat' dir='ltr'><strong>quippe</strong></span> <span class='ocrx_word' id='word_1_722' title='bbox 2980 2891 3222 2940; x_wconf 89' lang='lat' dir='ltr'><strong>sanctum</strong></span> <span class='ocrx_word' id='word_1_723' title='bbox 3243 2883 3383 2940; x_wconf 88' lang='lat' dir='ltr'><strong>male</strong></span> <span class='ocrx_word' id='word_1_724' title='bbox 3402 2891 3645 2942; x_wconf 81' lang='lat' dir='ltr'><strong>utentem</strong></span> <span class='ocrx_word' id='word_1_725' title='bbox 3657 2884 3736 2955; x_wconf 82' lang='lat' dir='ltr'><strong>ju-</strong></span> 
     </span>
    </p>
   </div>
   <div class='ocr_carea' id='block_1_92' title="bbox 2151 2976 3777 3052">
    <p class='ocr_par' dir='ltr' id='par_1_92' title="bbox 2151 2976 3777 3052">
     <span class='ocr_line' id='line_1_92' title="bbox 2151 2976 3777 3052; baseline 0.001 -20"><span class='ocrx_word' id='word_1_726' title='bbox 2151 2976 2312 3045; x_wconf 88' lang='lat' dir='ltr'><strong>dicat,</strong></span> <span class='ocrx_word' id='word_1_727' title='bbox 2333 2977 2470 3033; x_wconf 89' lang='lat' dir='ltr'><strong>bene</strong></span> <span class='ocrx_word' id='word_1_728' title='bbox 2482 2985 2716 3034; x_wconf 90' lang='lat' dir='ltr'><strong>utentem</strong></span> <span class='ocrx_word' id='word_1_729' title='bbox 2737 2979 2754 3010; x_wconf 77' lang='grc' dir='ltr'>ί</span> <span class='ocrx_word' id='word_1_730' title='bbox 2772 2977 3091 3036; x_wconf 82' lang='lat' dir='ltr'><strong>sanctiﬁcat.</strong></span> <span class='ocrx_word' id='word_1_731' title='bbox 3104 2978 3162 3036; x_wconf 88' lang='lat' dir='ltr'><strong>Si</strong></span> <span class='ocrx_word' id='word_1_732' title='bbox 3177 2987 3354 3035; x_wconf 90' lang='lat' dir='ltr'><strong>autem</strong></span> <span class='ocrx_word' id='word_1_733' title='bbox 3369 2987 3426 3035; x_wconf 89' lang='lat' dir='ltr'><strong>et</strong></span> <span class='ocrx_word' id='word_1_734' title='bbox 3440 2979 3532 3036; x_wconf 83' lang='lat' dir='ltr'><strong>ille</strong></span> <span class='ocrx_word' id='word_1_735' title='bbox 3545 2980 3639 3052; x_wconf 89' lang='lat' dir='ltr'><strong>qui</strong></span> <span class='ocrx_word' id='word_1_736' title='bbox 3657 2993 3737 3034; x_wconf 87' lang='lat' dir='ltr'><strong>ac-</strong></span> <span class='ocrx_word' id='word_1_737' title='bbox 3776 2976 3777 3052; x_wconf 55' lang='grc' dir='ltr'><em>ξ</em></span> 
     </span>
    </p>
   </div>
   <div class='ocr_carea' id='block_1_93' title="bbox 2152 3059 3777 3143">
    <p class='ocr_par' dir='ltr' id='par_1_93' title="bbox 2152 3059 3777 3143">
     <span class='ocr_line' id='line_1_93' title="bbox 2152 3059 3777 3143; baseline 0.001 -17"><span class='ocrx_word' id='word_1_738' title='bbox 2152 3069 2314 3140; x_wconf 88' lang='lat' dir='ltr'><strong>cepit,</strong></span> <span class='ocrx_word' id='word_1_739' title='bbox 2338 3069 2518 3142; x_wconf 89' lang='lat' dir='ltr'><strong>inique</strong></span> <span class='ocrx_word' id='word_1_740' title='bbox 2543 3068 2776 3141; x_wconf 90' lang='lat' dir='ltr'><strong>accepit;</strong></span> <span class='ocrx_word' id='word_1_741' title='bbox 2797 3085 2896 3126; x_wconf 90' lang='lat' dir='ltr'><strong>nec</strong></span> <span class='ocrx_word' id='word_1_742' title='bbox 2927 3069 3006 3126; x_wconf 89' lang='lat' dir='ltr'><strong>sic</strong></span> <span class='ocrx_word' id='word_1_743' title='bbox 3041 3071 3351 3138; x_wconf 90' lang='lat' dir='ltr'><strong>rescissum,</strong></span> <span class='ocrx_word' id='word_1_744' title='bbox 3368 3070 3465 3128; x_wconf 87' lang='lat' dir='ltr'><strong>sed</strong></span> <span class='ocrx_word' id='word_1_745' title='bbox 3481 3059 3777 3143; x_wconf 81' lang='lat' dir='ltr'><strong>agnitum,</strong></span> 
     </span>
    </p>
   </div>
   <div class='ocr_carea' id='block_1_94' title="bbox 2150 3161 3777 3236">
    <p class='ocr_par' dir='ltr' id='par_1_94' title="bbox 2150 3161 3777 3236">
     <span class='ocr_line' id='line_1_94' title="bbox 2150 3161 3777 3236; baseline 0.002 -19"><span class='ocrx_word' id='word_1_746' title='bbox 2150 3161 2292 3234; x_wconf 92' lang='lat' dir='ltr'><strong>quod</strong></span> <span class='ocrx_word' id='word_1_747' title='bbox 2303 3176 2558 3234; x_wconf 87' lang='lat' dir='ltr'><strong>perverso</strong></span> <span class='ocrx_word' id='word_1_748' title='bbox 2569 3161 2798 3230; x_wconf 75' lang='lat' dir='ltr'><strong>oberat&#39;,</strong></span> <span class='ocrx_word' id='word_1_749' title='bbox 2817 3171 3060 3219; x_wconf 88' lang='lat' dir='ltr'><strong>correcto</strong></span> <span class='ocrx_word' id='word_1_750' title='bbox 3068 3163 3306 3234; x_wconf 85' lang='lat' dir='ltr'><strong>proderit</strong></span> <span class='ocrx_word' id='word_1_751' title='bbox 3319 3162 3734 3222; x_wconf 84' lang='lat' dir='ltr'><strong>Sacramcntmn.</strong></span> <span class='ocrx_word' id='word_1_752' title='bbox 3776 3177 3777 3236; x_wconf 45' lang='grc' dir='ltr'><em>ξ</em></span> 
     </span>
    </p>
   </div>
   <div class='ocr_carea' id='block_1_95' title="bbox 2223 3247 3777 3326">
    <p class='ocr_par' dir='ltr' id='par_1_95' title="bbox 2223 3247 3777 3326">
     <span class='ocr_line' id='line_1_95' title="bbox 2223 3247 3777 3326; baseline 0.003 -16"><span class='ocrx_word' id='word_1_753' title='bbox 2223 3253 2450 3311; x_wconf 84' lang='lat' dir='ltr'><strong>CAPUT</strong></span> <span class='ocrx_word' id='word_1_754' title='bbox 2489 3253 2686 3310; x_wconf 74' lang='lat' dir='ltr'><strong>XXIX.</strong></span> <span class='ocrx_word' id='word_1_755' title='bbox 2713 3283 2786 3296; x_wconf 91' lang='lat'><strong>——</strong></span> <span class='ocrx_word' id='word_1_756' title='bbox 2813 3255 2902 3310; x_wconf 78' lang='lat'><strong>&#39;57.</strong></span> <span class='ocrx_word' id='word_1_757' title='bbox 2933 3254 3023 3311; x_wconf 91' lang='lat' dir='ltr'><strong>Sic</strong></span> <span class='ocrx_word' id='word_1_758' title='bbox 3049 3256 3194 3311; x_wconf 91' lang='lat' dir='ltr'><strong>enim</strong></span> <span class='ocrx_word' id='word_1_759' title='bbox 3222 3265 3274 3313; x_wconf 90' lang='lat' dir='ltr'><strong>te</strong></span> <span class='ocrx_word' id='word_1_760' title='bbox 3300 3256 3502 3326; x_wconf 86' lang='lat' dir='ltr'><strong>putabo</strong></span> <span class='ocrx_word' id='word_1_761' title='bbox 3522 3256 3733 3324; x_wconf 85' lang='lat' dir='ltr'><strong>dixisse,</strong></span> <span class='ocrx_word' id='word_1_762' title='bbox 3776 3247 3777 3326; x_wconf 48' lang='lat'>3</span> 
     </span>
    </p>
   </div>
   <div class='ocr_carea' id='block_1_96' title="bbox 2153 3345 3777 3420">
    <p class='ocr_par' dir='ltr' id='par_1_96' title="bbox 2153 3345 3777 3420">
     <span class='ocr_line' id='line_1_96' title="bbox 2153 3345 3777 3420; baseline 0.001 -17"><span class='ocrx_word' id='word_1_763' title='bbox 2153 3361 2259 3404; x_wconf 92' lang='lat' dir='ltr'><strong>non</strong></span> <span class='ocrx_word' id='word_1_764' title='bbox 2289 3346 2424 3419; x_wconf 88' lang='lat' dir='ltr'><strong>jam,</strong></span> <span class='ocrx_word' id='word_1_765' title='bbox 2456 3348 2698 3418; x_wconf 83' lang='lat' dir='ltr'><strong>Quisquis</strong></span> <span class='ocrx_word' id='word_1_766' title='bbox 2723 3357 2975 3419; x_wconf 87' lang='lat' dir='ltr'><strong>peccator,</strong></span> <span class='ocrx_word' id='word_1_767' title='bbox 3003 3349 3128 3420; x_wconf 88' lang='lat' dir='ltr'><strong>quia</strong></span> <span class='ocrx_word' id='word_1_768' title='bbox 3153 3348 3256 3404; x_wconf 90' lang='lat' dir='ltr'><strong>nisi</strong></span> <span class='ocrx_word' id='word_1_769' title='bbox 3284 3347 3464 3418; x_wconf 87' lang='lat' dir='ltr'><strong>fallor,</strong></span> <span class='ocrx_word' id='word_1_770' title='bbox 3491 3351 3606 3420; x_wconf 90' lang='lat' dir='ltr'><strong>jam</strong></span> <span class='ocrx_word' id='word_1_771' title='bbox 3630 3365 3737 3407; x_wconf 83' lang='lat' dir='ltr'><strong>cer-</strong></span> <span class='ocrx_word' id='word_1_772' title='bbox 3776 3345 3777 3420; x_wconf 72' lang='grc' dir='ltr'><strong>ξ</strong></span> 
     </span>
    </p>
   </div>
   <div class='ocr_carea' id='block_1_97' title="bbox 2153 3437 3777 3518">
    <p class='ocr_par' dir='ltr' id='par_1_97' title="bbox 2153 3437 3777 3518">
     <span class='ocr_line' id='line_1_97' title="bbox 2153 3437 3777 3518; baseline 0.001 -22"><span class='ocrx_word' id='word_1_773' title='bbox 2153 3439 2238 3496; x_wconf 89' lang='lat' dir='ltr'><strong>nis</strong></span> <span class='ocrx_word' id='word_1_774' title='bbox 2267 3455 2426 3511; x_wconf 90' lang='lat' dir='ltr'><strong>quam</strong></span> <span class='ocrx_word' id='word_1_775' title='bbox 2454 3449 2656 3496; x_wconf 89' lang='lat' dir='ltr'><strong>temere</strong></span> <span class='ocrx_word' id='word_1_776' title='bbox 2692 3439 2895 3496; x_wconf 88' lang='lat' dir='ltr'><strong>dictum</strong></span> <span class='ocrx_word' id='word_1_777' title='bbox 2929 3440 3035 3507; x_wconf 89' lang='lat' dir='ltr'><strong>sit;</strong></span> <span class='ocrx_word' id='word_1_778' title='bbox 3083 3438 3179 3496; x_wconf 89' lang='lat' dir='ltr'><strong>sed</strong></span> <span class='ocrx_word' id='word_1_779' title='bbox 3203 3482 3218 3509; x_wconf 95' lang='lat'><strong>,</strong></span> <span class='ocrx_word' id='word_1_780' title='bbox 3265 3437 3516 3497; x_wconf 84' lang='lat' dir='ltr'><strong>Peccator</strong></span> <span class='ocrx_word' id='word_1_781' title='bbox 3547 3444 3734 3516; x_wconf 71' lang='lat' dir='ltr'><strong>qualem</strong></span> <span class='ocrx_word' id='word_1_782' title='bbox 3776 3437 3777 3518; x_wconf 52' lang='grc' dir='ltr'>ξ</span> 
     </span>
    </p>
   </div>
   <div class='ocr_carea' id='block_1_98' title="bbox 2154 3534 3731 3606">
    <p class='ocr_par' dir='ltr' id='par_1_98' title="bbox 2154 3534 3731 3606">
     <span class='ocr_line' id='line_1_98' title="bbox 2154 3534 3731 3606; baseline 0.003 -18"><span class='ocrx_word' id='word_1_783' title='bbox 2154 3534 2313 3589; x_wconf 82' lang='lat' dir='ltr'><strong>nostri</strong></span> <span class='ocrx_word' id='word_1_784' title='bbox 2351 3534 2653 3600; x_wconf 84' lang='lat' dir='ltr'><strong>describunt,</strong></span> <span class='ocrx_word' id='word_1_785' title='bbox 2684 3535 2910 3606; x_wconf 82' lang='lat' dir='ltr'><strong>quisquis</strong></span> <span class='ocrx_word' id='word_1_786' title='bbox 2937 3535 3070 3590; x_wconf 88' lang='lat' dir='ltr'><strong>inter</strong></span> <span class='ocrx_word' id='word_1_787' title='bbox 3096 3551 3270 3590; x_wconf 89' lang='lat' dir='ltr'><strong>omnes</strong></span> <span class='ocrx_word' id='word_1_788' title='bbox 3295 3536 3525 3592; x_wconf 76' lang='lat' dir='ltr'><strong>homines</strong></span> <span class='ocrx_word' id='word_1_789' title='bbox 3553 3537 3700 3606; x_wconf 66' lang='lat' dir='ltr'><strong>[ltuit</strong></span> <span class='ocrx_word' id='word_1_790' title='bbox 3717 3576 3731 3602; x_wconf 71' lang='grc' dir='ltr'><strong>ν</strong></span> 
     </span>
    </p>
   </div>
   <div class='ocr_carea' id='block_1_99' title="bbox 2145 3625 3777 3700">
    <p class='ocr_par' dir='ltr' id='par_1_99' title="bbox 2145 3625 3777 3700">
     <span class='ocr_line' id='line_1_99' title="bbox 2145 3625 3777 3700; baseline 0.004 -23"><span class='ocrx_word' id='word_1_791' title='bbox 2145 3626 2235 3698; x_wconf 86' lang='lat' dir='ltr'><strong>jus</strong></span> <span class='ocrx_word' id='word_1_792' title='bbox 2287 3625 2382 3681; x_wconf 90' lang='lat' dir='ltr'><strong>sibi</strong></span> <span class='ocrx_word' id='word_1_793' title='bbox 2423 3625 2756 3699; x_wconf 87' lang='lat' dir='ltr'><strong>Baptismatis</strong></span> <span class='ocrx_word' id='word_1_794' title='bbox 2825 3645 2927 3684; x_wconf 86' lang='lat' dir='ltr'><strong>non</strong></span> <span class='ocrx_word' id='word_1_795' title='bbox 2973 3637 3186 3699; x_wconf 84' lang='lat' dir='ltr'><strong>usurpet</strong></span> <span class='ocrx_word' id='word_1_796' title='bbox 3234 3644 3254 3683; x_wconf 93' lang='lat'><em>:</em></span> <span class='ocrx_word' id='word_1_797' title='bbox 3296 3629 3734 3700; x_wconf 84' lang='lat' dir='ltr'><strong>quemadmodum</strong></span> <span class='ocrx_word' id='word_1_798' title='bbox 3776 3625 3777 3700; x_wconf 54' lang='grc' dir='ltr'>ξ</span> 
     </span>
    </p>
   </div>
   <div class='ocr_carea' id='block_1_100' title="bbox 2152 3717 3777 3793">
    <p class='ocr_par' dir='ltr' id='par_1_100' title="bbox 2152 3717 3777 3793">
     <span class='ocr_line' id='line_1_100' title="bbox 2152 3717 3777 3793; baseline 0.003 -19"><span class='ocrx_word' id='word_1_799' title='bbox 2152 3718 2407 3789; x_wconf 86' lang='lat' dir='ltr'><strong>scriptum</strong></span> <span class='ocrx_word' id='word_1_800' title='bbox 2457 3727 2540 3775; x_wconf 88' lang='lat' dir='ltr'><strong>est</strong></span> <span class='ocrx_word' id='word_1_801' title='bbox 2565 3759 2581 3786; x_wconf 89' lang='lat'><strong>,</strong></span> <span class='ocrx_word' id='word_1_802' title='bbox 2615 3717 2874 3776; x_wconf 86' lang='lat' dir='ltr'><strong>Peccatori</strong></span> <span class='ocrx_word' id='word_1_803' title='bbox 2934 3729 3104 3776; x_wconf 89' lang='lat' dir='ltr'><strong>autem</strong></span> <span class='ocrx_word' id='word_1_804' title='bbox 3167 3720 3291 3775; x_wconf 89' lang='lat' dir='ltr'><strong>dicit</strong></span> <span class='ocrx_word' id='word_1_805' title='bbox 3340 3720 3503 3789; x_wconf 85' lang='lat' dir='ltr'><strong>Deus,</strong></span> <span class='ocrx_word' id='word_1_806' title='bbox 3559 3721 3734 3793; x_wconf 74' lang='lat' dir='ltr'><strong>thuid</strong></span> <span class='ocrx_word' id='word_1_807' title='bbox 3776 3717 3777 3793; x_wconf 52' lang='grc' dir='ltr'>ξ</span> 
     </span>
    </p>
   </div>
   <div class='ocr_carea' id='block_1_101' title="bbox 2154 3799 3777 3900">
    <p class='ocr_par' dir='ltr' id='par_1_101' title="bbox 2154 3799 3777 3900">
     <span class='ocr_line' id='line_1_101' title="bbox 2154 3799 3777 3900; baseline 0.002 -37"><span class='ocrx_word' id='word_1_808' title='bbox 2154 3818 2207 3862; x_wconf 91' lang='lat' dir='ltr'><strong>tu</strong></span> <span class='ocrx_word' id='word_1_809' title='bbox 2234 3825 2442 3864; x_wconf 88' lang='lat' dir='ltr'><strong>enarras</strong></span> <span class='ocrx_word' id='word_1_810' title='bbox 2455 3810 2850 3881; x_wconf 84' lang='lat' dir='ltr'><strong>justi/icationes</strong></span> <span class='ocrx_word' id='word_1_811' title='bbox 2875 3827 3042 3878; x_wconf 86' lang='lat' dir='ltr'><strong>meas,</strong></span> <span class='ocrx_word' id='word_1_812' title='bbox 3073 3820 3121 3866; x_wconf 89' lang='lat' dir='ltr'><strong>et</strong></span> <span class='ocrx_word' id='word_1_813' title='bbox 3148 3812 3366 3867; x_wconf 86' lang='lat' dir='ltr'><strong>assumis</strong></span> <span class='ocrx_word' id='word_1_814' title='bbox 3391 3821 3732 3868; x_wconf 75' lang='lat' dir='ltr'><strong>testamentum</strong></span> 
     </span>
    </p>
   </div>
   <div class='ocr_carea' id='block_1_102' title="bbox 2153 3902 3731 3976">
    <p class='ocr_par' dir='ltr' id='par_1_102' title="bbox 2153 3902 3731 3976">
     <span class='ocr_line' id='line_1_102' title="bbox 2153 3902 3731 3976; baseline 0.003 -20"><span class='ocrx_word' id='word_1_815' title='bbox 2153 3917 2322 3957; x_wconf 89' lang='lat' dir='ltr'><strong>meum</strong></span> <span class='ocrx_word' id='word_1_816' title='bbox 2358 3918 2447 3974; x_wconf 85' lang='lat' dir='ltr'><strong>per</strong></span> <span class='ocrx_word' id='word_1_817' title='bbox 2475 3917 2532 3958; x_wconf 91' lang='lat' dir='ltr'><strong>os</strong></span> <span class='ocrx_word' id='word_1_818' title='bbox 2558 3911 2699 3956; x_wconf 89' lang='lat' dir='ltr'><strong>tuum</strong></span> <span class='ocrx_word' id='word_1_819' title='bbox 2720 3903 2746 3957; x_wconf 69' lang='grc' dir='ltr'><strong><em>Ρ</em></strong></span> <span class='ocrx_word' id='word_1_820' title='bbox 2770 3903 2840 3958; x_wconf 83' lang='grc' dir='ltr'><strong>Ει</strong></span> <span class='ocrx_word' id='word_1_821' title='bbox 2872 3911 2934 3959; x_wconf 93' lang='lat' dir='ltr'><strong>ut</strong></span> <span class='ocrx_word' id='word_1_822' title='bbox 2960 3902 3271 3960; x_wconf 88' lang='lat' dir='ltr'><strong>ostenderet</strong></span> <span class='ocrx_word' id='word_1_823' title='bbox 3297 3904 3446 3974; x_wconf 90' lang='lat' dir='ltr'><strong>quali</strong></span> <span class='ocrx_word' id='word_1_824' title='bbox 3477 3904 3731 3976; x_wconf 77' lang='lat' dir='ltr'><strong>peccaturi</strong></span> 
     </span>
    </p>
   </div>
   <div class='ocr_carea' id='block_1_103' title="bbox 2154 3995 3731 4068">
    <p class='ocr_par' dir='ltr' id='par_1_103' title="bbox 2154 3995 3731 4068">
     <span class='ocr_line' id='line_1_103' title="bbox 2154 3995 3731 4068; baseline 0.003 -17"><span class='ocrx_word' id='word_1_825' title='bbox 2154 3995 2260 4052; x_wconf 92' lang='lat' dir='ltr'><strong>hoc</strong></span> <span class='ocrx_word' id='word_1_826' title='bbox 2287 3996 2524 4066; x_wconf 86' lang='lat' dir='ltr'><strong>diceret,</strong></span> <span class='ocrx_word' id='word_1_827' title='bbox 2558 4012 2625 4053; x_wconf 90' lang='lat' dir='ltr'><strong>ne</strong></span> <span class='ocrx_word' id='word_1_828' title='bbox 2652 4010 2843 4053; x_wconf 90' lang='lat' dir='ltr'><strong>omnes</strong></span> <span class='ocrx_word' id='word_1_829' title='bbox 2881 3996 3125 4053; x_wconf 89' lang='lat' dir='ltr'><strong>homines</strong></span> <span class='ocrx_word' id='word_1_830' title='bbox 3151 4011 3180 4052; x_wconf 91' lang='lat' dir='ltr'><strong>a</strong></span> <span class='ocrx_word' id='word_1_831' title='bbox 3208 3997 3554 4068; x_wconf 63' lang='lat' dir='ltr'><strong>praedicando</strong></span> <span class='ocrx_word' id='word_1_832' title='bbox 3584 3999 3731 4056; x_wconf 86' lang='lat' dir='ltr'><strong>verbo</strong></span> 
     </span>
    </p>
   </div>
   <div class='ocr_carea' id='block_1_104' title="bbox 2154 4089 3777 4168">
    <p class='ocr_par' dir='ltr' id='par_1_104' title="bbox 2154 4089 3777 4168">
     <span class='ocr_line' id='line_1_104' title="bbox 2154 4089 3777 4168; baseline 0.001 -21"><span class='ocrx_word' id='word_1_833' title='bbox 2154 4089 2272 4160; x_wconf 87' lang='lat' dir='ltr'><strong>ejus</strong></span> <span class='ocrx_word' id='word_1_834' title='bbox 2310 4105 2428 4146; x_wconf 90' lang='lat' dir='ltr'><strong>sese</strong></span> <span class='ocrx_word' id='word_1_835' title='bbox 2461 4090 2794 4147; x_wconf 89' lang='lat' dir='ltr'><strong>abstinerent</strong></span> <span class='ocrx_word' id='word_1_836' title='bbox 2817 4131 2832 4160; x_wconf 92' lang='lat'><strong>,</strong></span> <span class='ocrx_word' id='word_1_837' title='bbox 2873 4091 2963 4162; x_wconf 93' lang='lat' dir='ltr'><strong>qui</strong></span> <span class='ocrx_word' id='word_1_838' title='bbox 3005 4105 3106 4148; x_wconf 89' lang='lat' dir='ltr'><strong>nec</strong></span> <span class='ocrx_word' id='word_1_839' title='bbox 3137 4091 3341 4148; x_wconf 88' lang='lat' dir='ltr'><strong>sentire</strong></span> <span class='ocrx_word' id='word_1_840' title='bbox 3378 4091 3617 4159; x_wconf 89' lang='lat' dir='ltr'><strong>audent,</strong></span> <span class='ocrx_word' id='word_1_841' title='bbox 3646 4106 3732 4149; x_wconf 83' lang='lat' dir='ltr'><strong>nec</strong></span> <span class='ocrx_word' id='word_1_842' title='bbox 3776 4143 3777 4168; x_wconf 17' lang='grc' dir='ltr'>ἢ</span> 
     </span>
    </p>
   </div>
   <div class='ocr_carea' id='block_1_105' title="bbox 2155 4180 3777 4256">
    <p class='ocr_par' dir='ltr' id='par_1_105' title="bbox 2155 4180 3777 4256">
     <span class='ocr_line' id='line_1_105' title="bbox 2155 4180 3777 4256; baseline 0.003 -20"><span class='ocrx_word' id='word_1_843' title='bbox 2155 4180 2336 4238; x_wconf 89' lang='lat' dir='ltr'><strong>dicere</strong></span> <span class='ocrx_word' id='word_1_844' title='bbox 2362 4196 2422 4238; x_wconf 87' lang='lat' dir='ltr'><strong>se</strong></span> <span class='ocrx_word' id='word_1_845' title='bbox 2453 4190 2762 4252; x_wconf 88' lang='lat' dir='ltr'><strong>peccatores</strong></span> <span class='ocrx_word' id='word_1_846' title='bbox 2791 4197 2899 4238; x_wconf 92' lang='lat' dir='ltr'><strong>non</strong></span> <span class='ocrx_word' id='word_1_847' title='bbox 2923 4195 3065 4248; x_wconf 89' lang='lat' dir='ltr'><strong>esse,</strong></span> <span class='ocrx_word' id='word_1_848' title='bbox 3098 4182 3363 4253; x_wconf 90' lang='lat' dir='ltr'><strong>sequitur,</strong></span> <span class='ocrx_word' id='word_1_849' title='bbox 3389 4198 3625 4256; x_wconf 87' lang='lat' dir='ltr'><strong>eumque</strong></span> <span class='ocrx_word' id='word_1_850' title='bbox 3647 4184 3730 4240; x_wconf 86' lang='lat' dir='ltr'><strong>de-</strong></span> <span class='ocrx_word' id='word_1_851' title='bbox 3776 4199 3777 4210; x_wconf 45' lang='grc' dir='ltr'><strong>η</strong></span> 
     </span>
    </p>
   </div>
   <div class='ocr_carea' id='block_1_106' title="bbox 2155 4275 3777 4347">
    <p class='ocr_par' dir='ltr' id='par_1_106' title="bbox 2155 4275 3777 4347">
     <span class='ocr_line' id='line_1_106' title="bbox 2155 4275 3777 4347; baseline -0.002 -16"><span class='ocrx_word' id='word_1_852' title='bbox 2155 4275 2339 4332; x_wconf 89' lang='lat' dir='ltr'><strong>scribit</strong></span> <span class='ocrx_word' id='word_1_853' title='bbox 2366 4293 2379 4330; x_wconf 89' lang='lat'>:</span> <span class='ocrx_word' id='word_1_854' title='bbox 2408 4275 2489 4330; x_wconf 86' lang='lat' dir='ltr'><strong>Tu</strong></span> <span class='ocrx_word' id='word_1_855' title='bbox 2515 4291 2632 4330; x_wconf 85' lang='lat' dir='ltr'><strong>vero</strong></span> <span class='ocrx_word' id='word_1_856' title='bbox 2659 4276 2810 4332; x_wconf 87' lang='lat' dir='ltr'><strong>odisti</strong></span> <span class='ocrx_word' id='word_1_857' title='bbox 2832 4275 3154 4346; x_wconf 84' lang='lat' dir='ltr'><strong>disciplinam</strong></span> <span class='ocrx_word' id='word_1_858' title='bbox 3173 4315 3187 4342; x_wconf 91' lang='lat'><strong>,</strong></span> <span class='ocrx_word' id='word_1_859' title='bbox 3217 4284 3265 4330; x_wconf 87' lang='lat' dir='ltr'><strong>et</strong></span> <span class='ocrx_word' id='word_1_860' title='bbox 3289 4276 3516 4347; x_wconf 85' lang='lat' dir='ltr'><strong>abjecisti</strong></span> <span class='ocrx_word' id='word_1_861' title='bbox 3550 4292 3726 4333; x_wconf 78' lang='lat' dir='ltr'><strong>sermo-</strong></span> <span class='ocrx_word' id='word_1_862' title='bbox 3776 4321 3777 4328; x_wconf 48' lang='grc' dir='ltr'><strong>η</strong></span> 
     </span>
    </p>
   </div>
   <div class='ocr_carea' id='block_1_107' title="bbox 2155 4369 3728 4442">
    <p class='ocr_par' dir='ltr' id='par_1_107' title="bbox 2155 4369 3728 4442">
     <span class='ocr_line' id='line_1_107' title="bbox 2155 4369 3728 4442; baseline -0.002 -18"><span class='ocrx_word' id='word_1_863' title='bbox 2155 4385 2243 4424; x_wconf 84' lang='lat' dir='ltr'><strong>nes</strong></span> <span class='ocrx_word' id='word_1_864' title='bbox 2270 4386 2406 4424; x_wconf 88' lang='lat' dir='ltr'><strong>meos</strong></span> <span class='ocrx_word' id='word_1_865' title='bbox 2434 4378 2548 4441; x_wconf 83' lang='lat' dir='ltr'><strong>post</strong></span> <span class='ocrx_word' id='word_1_866' title='bbox 2576 4379 2642 4425; x_wconf 90' lang='lat' dir='ltr'><strong>te.</strong></span> <span class='ocrx_word' id='word_1_867' title='bbox 2677 4369 2749 4425; x_wconf 90' lang='lat' dir='ltr'><strong>0s</strong></span> <span class='ocrx_word' id='word_1_868' title='bbox 2776 4378 2919 4424; x_wconf 86' lang='lat' dir='ltr'><strong>tuum</strong></span> <span class='ocrx_word' id='word_1_869' title='bbox 2944 4369 3220 4426; x_wconf 83' lang='lat' dir='ltr'><strong>abundauit</strong></span> <span class='ocrx_word' id='word_1_870' title='bbox 3245 4370 3465 4438; x_wconf 87' lang='lat' dir='ltr'><strong>malitia,</strong></span> <span class='ocrx_word' id='word_1_871' title='bbox 3492 4380 3542 4425; x_wconf 82' lang='lat' dir='ltr'><strong>et</strong></span> <span class='ocrx_word' id='word_1_872' title='bbox 3567 4371 3728 4442; x_wconf 77' lang='lat' dir='ltr'><strong>lingua</strong></span> 
     </span>
    </p>
   </div>
   <div class='ocr_carea' id='block_1_108' title="bbox 2156 4458 3728 4534">
    <p class='ocr_par' dir='ltr' id='par_1_108' title="bbox 2156 4458 3728 4534">
     <span class='ocr_line' id='line_1_108' title="bbox 2156 4458 3728 4534; baseline 0 -20"><span class='ocrx_word' id='word_1_873' title='bbox 2156 4468 2244 4514; x_wconf 91' lang='lat' dir='ltr'><strong>tua</strong></span> <span class='ocrx_word' id='word_1_874' title='bbox 2268 4460 2504 4530; x_wconf 72' lang='lat' dir='ltr'><strong>amplexa</strong></span> <span class='ocrx_word' id='word_1_875' title='bbox 2545 4469 2618 4517; x_wconf 88' lang='lat' dir='ltr'><strong>est</strong></span> <span class='ocrx_word' id='word_1_876' title='bbox 2654 4459 2992 4516; x_wconf 81' lang='lat' dir='ltr'><strong>dolositatem.</strong></span> <span class='ocrx_word' id='word_1_877' title='bbox 3036 4458 3101 4516; x_wconf 88' lang='lat' dir='ltr'><strong>Si</strong></span> <span class='ocrx_word' id='word_1_878' title='bbox 3142 4460 3345 4516; x_wconf 82' lang='lat' dir='ltr'><strong>uidebas</strong></span> <span class='ocrx_word' id='word_1_879' title='bbox 3383 4463 3583 4534; x_wconf 78' lang='lat' dir='ltr'><strong>furem,</strong></span> <span class='ocrx_word' id='word_1_880' title='bbox 3625 4477 3728 4516; x_wconf 80' lang='lat' dir='ltr'><strong>con-</strong></span> 
     </span>
    </p>
   </div>
   <div class='ocr_carea' id='block_1_109' title="bbox 2155 4551 3721 4626">
    <p class='ocr_par' dir='ltr' id='par_1_109' title="bbox 2155 4551 3721 4626">
     <span class='ocr_line' id='line_1_109' title="bbox 2155 4551 3721 4626; baseline 0.001 -20"><span class='ocrx_word' id='word_1_881' title='bbox 2155 4551 2392 4606; x_wconf 84' lang='lat' dir='ltr'><strong>currebas</strong></span> <span class='ocrx_word' id='word_1_882' title='bbox 2419 4553 2468 4607; x_wconf 89' lang='lat' dir='ltr'><strong>ei</strong></span> <span class='ocrx_word' id='word_1_883' title='bbox 2479 4570 2499 4618; x_wconf 80' lang='lat'><strong>,°</strong></span> <span class='ocrx_word' id='word_1_884' title='bbox 2523 4561 2708 4608; x_wconf 87' lang='lat' dir='ltr'><strong>etcum</strong></span> <span class='ocrx_word' id='word_1_885' title='bbox 2735 4553 2982 4610; x_wconf 74' lang='lat' dir='ltr'><strong>adulteris</strong></span> <span class='ocrx_word' id='word_1_886' title='bbox 3001 4553 3284 4625; x_wconf 79' lang='lat' dir='ltr'><strong>portionem</strong></span> <span class='ocrx_word' id='word_1_887' title='bbox 3326 4563 3468 4611; x_wconf 81' lang='lat' dir='ltr'><strong>tuam</strong></span> <span class='ocrx_word' id='word_1_888' title='bbox 3496 4555 3721 4626; x_wconf 74' lang='lat' dir='ltr'><strong>ponebas.</strong></span> 
     </span>
    </p>
   </div>
   <div class='ocr_carea' id='block_1_110' title="bbox 2158 4644 3723 4718">
    <p class='ocr_par' dir='ltr' id='par_1_110' title="bbox 2158 4644 3723 4718">
     <span class='ocr_line' id='line_1_110' title="bbox 2158 4644 3723 4718; baseline 0 -18"><span class='ocrx_word' id='word_1_889' title='bbox 2158 4644 2354 4700; x_wconf 84' lang='lat' dir='ltr'><strong>Sedens</strong></span> <span class='ocrx_word' id='word_1_890' title='bbox 2377 4645 2617 4702; x_wconf 80' lang='lat' dir='ltr'><strong>adversus</strong></span> <span class='ocrx_word' id='word_1_891' title='bbox 2650 4650 2858 4718; x_wconf 83' lang='lat' dir='ltr'><strong>fratrem</strong></span> <span class='ocrx_word' id='word_1_892' title='bbox 2883 4657 3024 4702; x_wconf 89' lang='lat' dir='ltr'><strong>tuum</strong></span> <span class='ocrx_word' id='word_1_893' title='bbox 3052 4648 3350 4705; x_wconf 84' lang='lat' dir='ltr'><strong>detrahebas</strong></span> <span class='ocrx_word' id='word_1_894' title='bbox 3368 4691 3385 4717; x_wconf 92' lang='lat'><strong>,</strong></span> <span class='ocrx_word' id='word_1_895' title='bbox 3425 4659 3474 4703; x_wconf 88' lang='lat' dir='ltr'><strong>et</strong></span> <span class='ocrx_word' id='word_1_896' title='bbox 3499 4648 3723 4704; x_wconf 69' lang='lat' dir='ltr'><strong>adversus</strong></span> 
     </span>
    </p>
   </div>
   <div class='ocr_carea' id='block_1_111' title="bbox 2158 4738 3777 4813">
    <p class='ocr_par' dir='ltr' id='par_1_111' title="bbox 2158 4738 3777 4813">
     <span class='ocr_line' id='line_1_111' title="bbox 2158 4738 3777 4813; baseline 0.004 -22"><span class='ocrx_word' id='word_1_897' title='bbox 2158 4738 2324 4808; x_wconf 74' lang='lat' dir='ltr'><strong>ﬁlium</strong></span> <span class='ocrx_word' id='word_1_898' title='bbox 2333 4741 2507 4794; x_wconf 87' lang='lat' dir='ltr'><strong>matris</strong></span> <span class='ocrx_word' id='word_1_899' title='bbox 2523 4749 2622 4795; x_wconf 79' lang='lat' dir='ltr'><strong>tua:</strong></span> <span class='ocrx_word' id='word_1_900' title='bbox 2633 4740 3160 4808; x_wconf 83' lang='lat' dir='ltr'><strong>ponebasscandalum</strong></span> <span class='ocrx_word' id='word_1_901' title='bbox 3179 4741 3199 4813; x_wconf 96' lang='lat'>(</span> <span class='ocrx_word' id='word_1_902' title='bbox 3207 4741 3351 4797; x_wconf 88' lang='lat' dir='ltr'><strong>PsaI.</strong></span> <span class='ocrx_word' id='word_1_903' title='bbox 3372 4757 3518 4809; x_wconf 82' lang='lat' dir='ltr'><strong>xux,</strong></span> <span class='ocrx_word' id='word_1_904' title='bbox 3545 4738 3724 4808; x_wconf 60' lang='lat'><strong>£620)-</strong></span> <span class='ocrx_word' id='word_1_905' title='bbox 3776 4767 3777 4770; x_wconf 53' lang='grc' dir='ltr'><strong>η</strong></span> 
     </span>
    </p>
   </div>
   <div class='ocr_carea' id='block_1_112' title="bbox 2158 4829 3726 4904">
    <p class='ocr_par' dir='ltr' id='par_1_112' title="bbox 2158 4829 3726 4904">
     <span class='ocr_line' id='line_1_112' title="bbox 2158 4829 3726 4904; baseline -0.001 -19"><span class='ocrx_word' id='word_1_906' title='bbox 2158 4829 2272 4885; x_wconf 84' lang='lat' dir='ltr'><strong>Tali</strong></span> <span class='ocrx_word' id='word_1_907' title='bbox 2301 4845 2431 4902; x_wconf 90' lang='lat' dir='ltr'><strong>ergo</strong></span> <span class='ocrx_word' id='word_1_908' title='bbox 2461 4831 2726 4902; x_wconf 81' lang='lat' dir='ltr'><strong>peccaturi</strong></span> <span class='ocrx_word' id='word_1_909' title='bbox 2760 4831 2920 4897; x_wconf 89' lang='lat' dir='ltr'><strong>dicit,</strong></span> <span class='ocrx_word' id='word_1_910' title='bbox 2954 4831 3146 4901; x_wconf 84' lang='lat' dir='ltr'><strong>thuid</strong></span> <span class='ocrx_word' id='word_1_911' title='bbox 3170 4840 3226 4887; x_wconf 82' lang='lat' dir='ltr'><strong>tu</strong></span> <span class='ocrx_word' id='word_1_912' title='bbox 3253 4848 3468 4888; x_wconf 83' lang='lat' dir='ltr'><strong>euarras</strong></span> <span class='ocrx_word' id='word_1_913' title='bbox 3485 4832 3726 4904; x_wconf 74' lang='lat' dir='ltr'><strong>justiﬁca-</strong></span> 
     </span>
    </p>
   </div>
   <div class='ocr_carea' id='block_1_113' title="bbox 2159 4921 3728 4996">
    <p class='ocr_par' dir='ltr' id='par_1_113' title="bbox 2159 4921 3728 4996">
     <span class='ocr_line' id='line_1_113' title="bbox 2159 4921 3728 4996; baseline -0.002 -17"><span class='ocrx_word' id='word_1_914' title='bbox 2159 4925 2317 4981; x_wconf 88' lang='lat' dir='ltr'><strong>tiones</strong></span> <span class='ocrx_word' id='word_1_915' title='bbox 2331 4941 2486 4988; x_wconf 88' lang='lat' dir='ltr'><strong>meas,</strong></span> <span class='ocrx_word' id='word_1_916' title='bbox 2512 4933 2560 4979; x_wconf 89' lang='lat' dir='ltr'><strong>et</strong></span> <span class='ocrx_word' id='word_1_917' title='bbox 2579 4926 2792 4981; x_wconf 88' lang='lat' dir='ltr'><strong>assumis</strong></span> <span class='ocrx_word' id='word_1_918' title='bbox 2811 4933 3159 4980; x_wconf 85' lang='lat' dir='ltr'><strong>testamentum</strong></span> <span class='ocrx_word' id='word_1_919' title='bbox 3178 4941 3346 4981; x_wconf 87' lang='lat' dir='ltr'><strong>meum</strong></span> <span class='ocrx_word' id='word_1_920' title='bbox 3365 4941 3457 4996; x_wconf 82' lang='lat' dir='ltr'><strong>per</strong></span> <span class='ocrx_word' id='word_1_921' title='bbox 3477 4941 3533 4980; x_wconf 89' lang='lat' dir='ltr'><strong>os</strong></span> <span class='ocrx_word' id='word_1_922' title='bbox 3561 4921 3728 4978; x_wconf 70' lang='lat' dir='ltr'><strong>tuuis?</strong></span> 
     </span>
    </p>
   </div>
   <div class='ocr_carea' id='block_1_114' title="bbox 2159 5013 3724 5090">
    <p class='ocr_par' dir='ltr' id='par_1_114' title="bbox 2159 5013 3724 5090">
     <span class='ocr_line' id='line_1_114' title="bbox 2159 5013 3724 5090; baseline -0.002 -17"><span class='ocrx_word' id='word_1_923' title='bbox 2159 5017 2431 5088; x_wconf 89' lang='lat' dir='ltr'><strong>Tanquam</strong></span> <span class='ocrx_word' id='word_1_924' title='bbox 2458 5017 2694 5084; x_wconf 84' lang='lat' dir='ltr'><strong>diceret,</strong></span> <span class='ocrx_word' id='word_1_925' title='bbox 2723 5017 2945 5074; x_wconf 88' lang='lat' dir='ltr'><strong>Frustra</strong></span> <span class='ocrx_word' id='word_1_926' title='bbox 2972 5013 3074 5074; x_wconf 84' lang='lat' dir='ltr'><strong>hoc</strong></span> <span class='ocrx_word' id='word_1_927' title='bbox 3102 5017 3233 5074; x_wconf 89' lang='lat' dir='ltr'><strong>facis</strong></span> <span class='ocrx_word' id='word_1_928' title='bbox 3263 5035 3277 5074; x_wconf 90' lang='lat'><strong>:</strong></span> <span class='ocrx_word' id='word_1_929' title='bbox 3306 5027 3567 5090; x_wconf 89' lang='lat' dir='ltr'><strong>quantum</strong></span> <span class='ocrx_word' id='word_1_930' title='bbox 3593 5018 3655 5073; x_wconf 87' lang='lat' dir='ltr'><strong>ad</strong></span> <span class='ocrx_word' id='word_1_931' title='bbox 3683 5025 3724 5071; x_wconf 88' lang='lat' dir='ltr'><strong>te</strong></span> 
     </span>
    </p>
   </div>
   <div class='ocr_carea' id='block_1_115' title="bbox 2158 5112 3725 5185">
    <p class='ocr_par' dir='ltr' id='par_1_115' title="bbox 2158 5112 3725 5185">
     <span class='ocr_line' id='line_1_115' title="bbox 2158 5112 3725 5185; baseline -0.003 -16"><span class='ocrx_word' id='word_1_932' title='bbox 2158 5114 2366 5181; x_wconf 91' lang='lat' dir='ltr'><strong>attinet,</strong></span> <span class='ocrx_word' id='word_1_933' title='bbox 2398 5129 2502 5169; x_wconf 90' lang='lat' dir='ltr'><strong>non</strong></span> <span class='ocrx_word' id='word_1_934' title='bbox 2533 5113 2625 5170; x_wconf 91' lang='lat' dir='ltr'><strong>tibi</strong></span> <span class='ocrx_word' id='word_1_935' title='bbox 2653 5113 2896 5184; x_wconf 86' lang='lat' dir='ltr'><strong>prodest;</strong></span> <span class='ocrx_word' id='word_1_936' title='bbox 2923 5113 3024 5169; x_wconf 90' lang='lat' dir='ltr'><strong>hoc</strong></span> <span class='ocrx_word' id='word_1_937' title='bbox 3047 5113 3139 5170; x_wconf 93' lang='lat' dir='ltr'><strong>tibi</strong></span> <span class='ocrx_word' id='word_1_938' title='bbox 3159 5112 3226 5171; x_wconf 86' lang='lat' dir='ltr'><strong>ad</strong></span> <span class='ocrx_word' id='word_1_939' title='bbox 3245 5114 3506 5185; x_wconf 89' lang='lat' dir='ltr'><strong>judicium</strong></span> <span class='ocrx_word' id='word_1_940' title='bbox 3527 5113 3725 5170; x_wconf 78' lang='lat' dir='ltr'><strong>damna-</strong></span> 
     </span>
    </p>
   </div>
   <div class='ocr_carea' id='block_1_116' title="bbox 2157 5205 3756 5271">
    <p class='ocr_par' dir='ltr' id='par_1_116' title="bbox 2157 5205 3756 5271">
     <span class='ocr_line' id='line_1_116' title="bbox 2157 5205 3756 5271; baseline -0.003 -10"><span class='ocrx_word' id='word_1_941' title='bbox 2157 5207 2340 5271; x_wconf 92' lang='lat' dir='ltr'><strong>tionis,</strong></span> <span class='ocrx_word' id='word_1_942' title='bbox 2374 5220 2481 5260; x_wconf 91' lang='lat' dir='ltr'><strong>non</strong></span> <span class='ocrx_word' id='word_1_943' title='bbox 2509 5205 2574 5260; x_wconf 87' lang='lat' dir='ltr'><strong>ad</strong></span> <span class='ocrx_word' id='word_1_944' title='bbox 2606 5206 2854 5262; x_wconf 88' lang='lat' dir='ltr'><strong>meritum</strong></span> <span class='ocrx_word' id='word_1_945' title='bbox 2894 5206 3082 5262; x_wconf 88' lang='lat' dir='ltr'><strong>salutis</strong></span> <span class='ocrx_word' id='word_1_946' title='bbox 3113 5206 3330 5264; x_wconf 87' lang='lat' dir='ltr'><strong>valebit.</strong></span> <span class='ocrx_word' id='word_1_947' title='bbox 3362 5206 3721 5264; x_wconf 83' lang='lat' dir='ltr'><strong>Verumtamen</strong></span> <span class='ocrx_word' id='word_1_948' title='bbox 3749 5243 3756 5248; x_wconf 86' lang='lat'><strong>.</strong></span> 
     </span>
    </p>
   </div>
   <div class='ocr_carea' id='block_1_117' title="bbox 2157 5297 3725 5369">
    <p class='ocr_par' dir='ltr' id='par_1_117' title="bbox 2157 5297 3725 5369">
     <span class='ocr_line' id='line_1_117' title="bbox 2157 5297 3725 5369; baseline -0.002 -17"><span class='ocrx_word' id='word_1_949' title='bbox 2157 5298 2202 5352; x_wconf 87' lang='lat' dir='ltr'><strong>si</strong></span> <span class='ocrx_word' id='word_1_950' title='bbox 2232 5297 2392 5352; x_wconf 90' lang='lat' dir='ltr'><strong>etiam</strong></span> <span class='ocrx_word' id='word_1_951' title='bbox 2420 5298 2506 5352; x_wconf 91' lang='lat' dir='ltr'><strong>tali</strong></span> <span class='ocrx_word' id='word_1_952' title='bbox 2537 5306 2816 5368; x_wconf 88' lang='lat' dir='ltr'><strong>peccatore</strong></span> <span class='ocrx_word' id='word_1_953' title='bbox 2839 5306 3091 5354; x_wconf 89' lang='lat' dir='ltr'><strong>narrante</strong></span> <span class='ocrx_word' id='word_1_954' title='bbox 3109 5298 3520 5369; x_wconf 75' lang='lat' dir='ltr'><strong>iustiﬁcationes</strong></span> <span class='ocrx_word' id='word_1_955' title='bbox 3549 5298 3653 5363; x_wconf 81' lang='lat' dir='ltr'><strong>Dei,</strong></span> <span class='ocrx_word' id='word_1_956' title='bbox 3684 5305 3725 5352; x_wconf 87' lang='lat' dir='ltr'><strong>et</strong></span> 
     </span>
    </p>
   </div>
   <div class='ocr_carea' id='block_1_118' title="bbox 2157 5391 3721 5464">
    <p class='ocr_par' dir='ltr' id='par_1_118' title="bbox 2157 5391 3721 5464">
     <span class='ocr_line' id='line_1_118' title="bbox 2157 5391 3721 5464; baseline 0 -19"><span class='ocrx_word' id='word_1_957' title='bbox 2157 5399 2463 5448; x_wconf 89' lang='lat' dir='ltr'><strong>assumcnte</strong></span> <span class='ocrx_word' id='word_1_958' title='bbox 2494 5399 2867 5448; x_wconf 89' lang='lat' dir='ltr'><strong>testamentum</strong></span> <span class='ocrx_word' id='word_1_959' title='bbox 2893 5391 3010 5462; x_wconf 88' lang='lat' dir='ltr'><strong>ejus</strong></span> <span class='ocrx_word' id='word_1_960' title='bbox 3035 5405 3130 5462; x_wconf 89' lang='lat' dir='ltr'><strong>per</strong></span> <span class='ocrx_word' id='word_1_961' title='bbox 3153 5405 3216 5449; x_wconf 88' lang='lat' dir='ltr'><strong>os</strong></span> <span class='ocrx_word' id='word_1_962' title='bbox 3244 5407 3425 5462; x_wconf 91' lang='lat' dir='ltr'><strong>suum,</strong></span> <span class='ocrx_word' id='word_1_963' title='bbox 3459 5393 3534 5450; x_wconf 92' lang='lat' dir='ltr'><strong>illi</strong></span> <span class='ocrx_word' id='word_1_964' title='bbox 3558 5391 3640 5464; x_wconf 88' lang='lat' dir='ltr'><strong>qui</strong></span> <span class='ocrx_word' id='word_1_965' title='bbox 3673 5406 3721 5445; x_wconf 73' lang='lat' dir='ltr'><strong>et</strong></span> 
     </span>
    </p>
   </div>
   <div class='ocr_carea' id='block_1_119' title="bbox 2223 5573 3404 5638">
    <p class='ocr_par' dir='ltr' id='par_1_119' title="bbox 2223 5573 3404 5638">
     <span class='ocr_line' id='line_1_119' title="bbox 2223 5573 3404 5638; baseline -0.002 -12"><span class='ocrx_word' id='word_1_966' title='bbox 2223 5579 2238 5609; x_wconf 80' lang='grc' dir='ltr'>ί</span> <span class='ocrx_word' id='word_1_967' title='bbox 2266 5579 2339 5626; x_wconf 86' lang='lat' dir='ltr'><strong>Sic</strong></span> <span class='ocrx_word' id='word_1_968' title='bbox 2365 5588 2534 5626; x_wconf 89' lang='lat' dir='ltr'><strong>omnes</strong></span> <span class='ocrx_word' id='word_1_969' title='bbox 2556 5584 2661 5628; x_wconf 72' lang='lat' dir='ltr'><strong>Mss.</strong></span> <span class='ocrx_word' id='word_1_970' title='bbox 2688 5584 2744 5628; x_wconf 81' lang='lat' dir='ltr'><strong>At</strong></span> <span class='ocrx_word' id='word_1_971' title='bbox 2767 5575 2902 5636; x_wconf 91' lang='lat' dir='ltr'><strong>editi,</strong></span> <span class='ocrx_word' id='word_1_972' title='bbox 2930 5575 3052 5638; x_wconf 83' lang='lat' dir='ltr'><strong>bene</strong></span> <span class='ocrx_word' id='word_1_973' title='bbox 3067 5573 3404 5638; x_wconf 76' lang='lat' dir='ltr'><strong>accipientan.</strong></span> 
     </span>
    </p>
   </div>
   <div class='ocr_carea' id='block_1_120' title="bbox 2221 5636 3716 5701">
    <p class='ocr_par' dir='ltr' id='par_1_120' title="bbox 2221 5636 3716 5701">
     <span class='ocr_line' id='line_1_120' title="bbox 2221 5636 3716 5701; baseline -0.003 -13"><span class='ocrx_word' id='word_1_974' title='bbox 2221 5641 2240 5670; x_wconf 76' lang='grc'>³</span> <span class='ocrx_word' id='word_1_975' title='bbox 2265 5639 2401 5696; x_wconf 86' lang='lat' dir='ltr'><strong>Editi,</strong></span> <span class='ocrx_word' id='word_1_976' title='bbox 2421 5641 2546 5700; x_wconf 80' lang='lat' dir='ltr'><strong>quod</strong></span> <span class='ocrx_word' id='word_1_977' title='bbox 2569 5652 2656 5700; x_wconf 83' lang='lat' dir='ltr'><strong>per</strong></span> <span class='ocrx_word' id='word_1_978' title='bbox 2689 5653 2738 5690; x_wconf 85' lang='lat' dir='ltr'><strong>se</strong></span> <span class='ocrx_word' id='word_1_979' title='bbox 2760 5639 2944 5690; x_wconf 84' lang='lat' dir='ltr'><strong>aberat.</strong></span> <span class='ocrx_word' id='word_1_980' title='bbox 2971 5636 3118 5699; x_wconf 73' lang='lat' dir='ltr'><strong>Male;</strong></span> <span class='ocrx_word' id='word_1_981' title='bbox 3145 5636 3262 5701; x_wconf 85' lang='lat' dir='ltr'><strong>nam</strong></span> <span class='ocrx_word' id='word_1_982' title='bbox 3277 5643 3626 5689; x_wconf 75' lang='lat' dir='ltr'><strong>sacramentum</strong></span> <span class='ocrx_word' id='word_1_983' title='bbox 3647 5641 3716 5701; x_wconf 58' lang='lat' dir='ltr'><strong>per</strong></span> 
     </span>
    </p>
   </div>
   <div class='ocr_carea' id='block_1_121' title="bbox 2157 5700 3718 5764">
    <p class='ocr_par' dir='ltr' id='par_1_121' title="bbox 2157 5700 3718 5764">
     <span class='ocr_line' id='line_1_121' title="bbox 2157 5700 3718 5764; baseline -0.002 -12"><span class='ocrx_word' id='word_1_984' title='bbox 2157 5716 2214 5752; x_wconf 58' lang='grc' dir='ltr'><strong>δε</strong></span> <span class='ocrx_word' id='word_1_985' title='bbox 2233 5703 2421 5750; x_wconf 88' lang='lat' dir='ltr'><strong>nonnisi</strong></span> <span class='ocrx_word' id='word_1_986' title='bbox 2467 5701 2697 5764; x_wconf 57' lang='lat' dir='ltr'><strong>prodest.</strong></span> <span class='ocrx_word' id='word_1_987' title='bbox 2727 5702 2898 5752; x_wconf 80' lang='lat' dir='ltr'><strong>verius</strong></span> <span class='ocrx_word' id='word_1_988' title='bbox 2923 5713 3044 5764; x_wconf 83' lang='lat' dir='ltr'><strong>ergo</strong></span> <span class='ocrx_word' id='word_1_989' title='bbox 3085 5707 3189 5750; x_wconf 79' lang='lat' dir='ltr'><strong>Mss.</strong></span> <span class='ocrx_word' id='word_1_990' title='bbox 3236 5700 3353 5762; x_wconf 90' lang='lat' dir='ltr'><strong>duo,</strong></span> <span class='ocrx_word' id='word_1_991' title='bbox 3375 5701 3718 5764; x_wconf 56' lang='lat' dir='ltr'><strong>mginnneuﬂ</strong></span> 
     </span>
    </p>
   </div>
   <div class='ocr_carea' id='block_1_122' title="bbox 2160 5763 3152 5830">
    <p class='ocr_par' dir='ltr' id='par_1_122' title="bbox 2160 5763 3152 5830">
     <span class='ocr_line' id='line_1_122' title="bbox 2160 5763 3152 5830; baseline -0.002 -15"><span class='ocrx_word' id='word_1_992' title='bbox 2160 5777 2216 5819; x_wconf 87' lang='lat' dir='ltr'><strong>ac</strong></span> <span class='ocrx_word' id='word_1_993' title='bbox 2229 5766 2539 5829; x_wconf 80' lang='lat' dir='ltr'><strong>Georgianus,</strong></span> <span class='ocrx_word' id='word_1_994' title='bbox 2575 5763 2699 5828; x_wconf 78' lang='lat' dir='ltr'><strong>quod</strong></span> <span class='ocrx_word' id='word_1_995' title='bbox 2720 5777 2944 5830; x_wconf 82' lang='lat' dir='ltr'><strong>perverso</strong></span> <span class='ocrx_word' id='word_1_996' title='bbox 2973 5763 3152 5822; x_wconf 82' lang='lat' dir='ltr'><strong>aberat.</strong></span> 
     </span>
    </p>
   </div>
  </div>
