3792 6128
33 271 124 329 489
1339 267 1545 324 LIBER
1580 265 1954 326 SECUNDUS.

32 387 133 457 ejus
152 399 243 442 ore
267 385 521 453 audiunt,
551 386 805 451 credant,
845 385 1062 449 faciant,
1093 384 1400 452 proﬁciant;
1431 397 1608 438 nonne

32 480 112 535 illo
131 481 420 550 reprobate
453 480 849 547 laudabuntur,
878 478 973 533 illo
1001 477 1216 548 culpato
1240 475 1610 547 justilicabun-

34 582 123 636 tur,
146 571 238 627 illo
265 571 531 628 damnato
558 571 990 636 coronabantur;
1019 569 1268 640 quoniam
1293 576 1614 624 curaverunt

35 661 232 718 obedire
253 663 495 719 Domino
519 663 739 728 dicenti,
771 661 900 731 Qua
921 661 1130 726 dicunt,
1163 660 1346 731 facite;
1375 675 1488 732 quae
1516 675 1613 713 au-

33 763 114 808 tem
137 753 353 824 faciunt,
391 756 564 827 facere
591 753 745 808 nolite
772 769 789 806 :
815 752 991 807 dicunt
1016 751 1148 806 enim
1166 793 1182 820 ,
1213 761 1262 805 et
1290 767 1391 805 non
1417 751 1614 822 faciunt

33 845 221 917 (Matth.
246 863 415 913 nm,
450 847 546 918 5)?
570 845 720 904 Sicut
746 861 875 917 ergo
895 845 998 902 iste
1021 853 1292 916 peccator,
1320 844 1364 899 si
1390 843 1479 914 jus
1509 843 1612 900 sibi

32 937 334 1009 praedicandi
369 941 683 996 testamenti
712 938 880 994 divini
921 938 1292 1009 usurpaverit,
1337 936 1438 992 sibi
1479 937 1612 994 nihil

28 1030 242 1100 prodest,
287 1032 642 1089 audientibus
671 1039 850 1088 autem
880 1041 936 1089 et
963 1031 1280 1088 facientibus
1306 1046 1412 1086 non
1453 1031 1569 1102 ipse
1591 1072 1609 1100 ,

35 1121 114 1178 sed
149 1123 287 1194 quod
332 1123 604 1196 praedicat
641 1123 902 1195 prodest:
931 1124 1003 1179 ita
1032 1132 1087 1180 et
1123 1123 1222 1200 ille
1258 1123 1347 1194 qui
1377 1124 1467 1193 jus
1505 1122 1610 1177 Ba-

31 1215 269 1284 ptismatis
301 1215 412 1272 sibi
462 1231 722 1287 usurpare
769 1231 876 1272 non
925 1215 1140 1281 debuit,
1183 1215 1284 1272 sibi
1323 1222 1482 1271 nocet
1520 1215 1611 1285 qui

33 1308 205 1365 bonum
230 1309 379 1367 male
412 1310 716 1382 usurpavit,
761 1323 870 1365 non
895 1309 944 1366 ei
970 1310 1063 1381 qui
1092 1309 1295 1366 bonum
1320 1308 1462 1365 bene
1488 1323 1611 1380 per-

33 1403 166 1472 cepit.

87 1492 306 1550 CAPUT
359 1494 540 1550 XXX.
562 1525 634 1536 -
656 1495 746 1553 58.
780 1493 942 1552 Vides
968 1509 1078 1550 non
1106 1495 1278 1550 solum
1307 1503 1360 1552 te
1384 1511 1490 1551 non
1515 1509 1612 1566 po-

37 1587 177 1643 tuisse
201 1586 461 1644 refellere
483 1587 628 1660 quod
655 1603 756 1660 ego
781 1595 968 1644 contra
994 1587 1315 1644 Petilianum
1351 1586 1482 1653 dixi,
1515 1585 1611 1642 sed

36 1688 203 1750 quanta
230 1680 354 1737 luce
395 1681 641 1738 veritatis
676 1679 852 1736 modis
880 1679 1130 1736 omnibus
1169 1678 1446 1736 refellatur
1469 1677 1609 1750 quod

37 1782 191 1827 cutura
216 1788 302 1829 me
332 1773 456 1844 ipse
481 1773 685 1830 dixisti.
713 1773 781 1828 Et
809 1771 986 1829 adhuc
1011 1772 1188 1845 pergis
1206 1779 1265 1828 et
1291 1771 1443 1840 dicis,
1475 1771 1611 1843 quod

39 1880 212 1919 causam
235 1873 474 1920 nostram
498 1882 602 1920 non
624 1864 835 1935 probam
856 1864 1126 1938 faciamus,
1149 1872 1198 1920 et
1216 1865 1436 1934 quodam
1462 1864 1610 1918 modo

41 1969 292 2028 peccatores
321 1975 420 2016 nos
449 1977 558 2015 esse
581 1960 853 2030 fateamur,
884 1959 1125 2029 quoniam
1151 1957 1275 2012 dum
1311 1957 1455 2012 nobis
1480 1957 1612 2027 obji-

41 2052 143 2106 citur
163 2094 176 2118 ,
217 2054 308 2125 jus
351 2051 691 2125 Baptismatis
717 2068 820 2124 qua
858 2049 1001 2106 nobis
1046 2049 1247 2104 licentia
1272 2049 1610 2114 uindicemus;

41 2164 120 2201 non
148 2147 207 2202 de
231 2149 419 2203 merito
443 2157 652 2202 actuum
669 2189 683 2212 ,
733 2162 838 2200 non
862 2145 926 2200 de
951 2144 1240 2200 innocentia
1285 2144 1398 2198 uiue
1422 2153 1612 2197 tracta-

41 2255 154 2302 mus,
189 2240 278 2294 sed
309 2240 620 2310 cuicumque
647 2239 798 2293 licere
822 2237 1060 2292 dicimus.
1108 2236 1341 2292 Attende
1367 2244 1514 2291 certe
1543 2251 1611 2291 ex

43 2331 107 2386 his
127 2349 236 2402 quae
256 2332 402 2389 dicta
425 2339 576 2401 sunt,
599 2347 708 2388 non
735 2331 1056 2401 cuicumque
1078 2330 1239 2386 licere
1264 2344 1365 2385 nos
1388 2328 1608 2396 dicere;

41 2423 115 2477 sed
141 2424 183 2478 ei
212 2438 435 2494 pmnam
466 2438 586 2480 esse
608 2465 624 2492 ,
665 2423 756 2496 qui
788 2433 1034 2478 sanctum
1073 2429 1268 2477 tractat
1291 2421 1511 2486 illicite;
1557 2428 1615 2477 et

45 2527 141 2568 eum
184 2529 304 2571 esse
345 2514 728 2586 corrigendum
755 2556 770 2582 ,
813 2528 922 2570 non
964 2521 1206 2568 sanctum
1247 2511 1389 2583 quod
1430 2510 1614 2567 illicite

45 2612 223 2674 tractat,
254 2607 448 2664 illicite
465 2605 878 2663 rescindendum
913 2623 926 2660 :
956 2605 1094 2662 sicut
1117 2604 1360 2660 homines
1389 2618 1496 2659 non
1527 2603 1607 2659 Ie-

47 2697 199 2768 gitime
234 2701 353 2772 lege
379 2708 601 2756 utentes
627 2698 822 2771 corrigi
864 2697 1147 2762 volumus,
1195 2712 1302 2752 non
1336 2697 1505 2768 ipsam
1532 2695 1611 2752 le-

45 2805 140 2860 gem
176 2794 377 2850 irritam
404 2793 689 2860 ducimus;
721 2792 861 2849 sicut
895 2792 990 2849 Dei
1018 2798 1398 2848 testamentum
1428 2789 1612 2846 illicite

47 2897 123 2952 per
141 2899 198 2942 os
222 2901 376 2943 suum
403 2893 769 2943 assumentem
795 2884 1242 2957 reprehendimus
1260 2926 1277 2953 ,
1304 2899 1408 2940 non
1435 2884 1608 2955 ipsum

51 2969 395 3036 testamentum
443 2993 704 3052 negamus
730 2987 822 3034 aut
859 2977 1155 3034 scindimus
1187 2995 1200 3032 :
1235 2991 1334 3033 nec
1362 2976 1484 3034 ideo
1511 2992 1613 3033 nos

52 3071 321 3138 peccavisse
347 3070 698 3138 conﬁtemur,
729 3070 853 3141 quia
877 3078 932 3127 et
960 3069 1014 3126 in
1044 3077 1328 3140 peccatore
1357 3067 1500 3138 quod
1527 3077 1612 3124 est

52 3160 187 3230 ipsius
208 3163 596 3235 improbemus,
618 3161 762 3234 quod
787 3170 966 3218 autem
998 3161 1095 3218 Dei
1123 3169 1206 3216 cst
1232 3160 1559 3216 honoramus
1592 3177 1606 3215 :

54 3255 151 3324 quia
187 3256 238 3312 in
265 3257 439 3314 Deum
479 3255 790 3313 credentem
818 3270 924 3312 non
952 3268 1020 3309 ex
1062 3253 1286 3309 occultis
1313 3251 1561 3308 humanis
1589 3251 1607 3282 ⁸

55 3348 249 3416 pendere
274 3352 548 3417 volumus,
577 3348 672 3406 sed
693 3349 748 3404 in
774 3347 1003 3404 Domino
1025 3346 1242 3418 gloriari
1267 3345 1335 3402 de
1354 3361 1461 3417 quo
1485 3360 1608 3402 cer-

55 3447 122 3497 tus
140 3453 213 3500 est
229 3487 243 3513 ,
271 3445 648 3502 admonemus.
678 3442 864 3514 Neque
890 3440 1035 3497 enim
1060 3448 1116 3496 et
1140 3439 1429 3511 Apostolus
1451 3439 1610 3495 malas

54 3544 143 3587 sua:
161 3535 494 3594 conscientire
518 3533 829 3602 difﬁdebat,
868 3531 967 3590 sed
995 3546 1149 3602 spem
1185 3531 1454 3587 credentis
1482 3530 1609 3601 poni

55 3623 236 3681 nolebat
268 3627 321 3682 in
351 3626 602 3694 homine,
646 3635 702 3681 et
731 3626 782 3680 in
824 3625 938 3680 Deo
979 3624 1241 3680 stabiliter
1269 3621 1604 3688 collocabat,

56 3729 152 3773 cum
168 3718 379 3788 diceret,
409 3719 590 3792 Neque
613 3719 701 3791 qui
730 3719 927 3790 plantat
967 3727 1043 3773 est
1069 3717 1266 3792 aliquid
1284 3757 1299 3784 ,
1326 3734 1485 3788 neque
1520 3717 1610 3787 qui

56 3808 188 3881 rigat;
221 3814 306 3869 sed
331 3815 422 3887 qui
461 3815 823 3870 incrementum
848 3811 938 3866 dat
977 3810 1116 3867 Deus
1159 3811 1204 3885 (Ι
1233 3809 1354 3868 Cor.
1395 3827 1452 3867 ιιι
1475 3853 1491 3878 ,
1525 3812 1606 3883 7).

58 3897 146 3957 Non
169 3909 336 3978 Itaque
361 3921 483 3974 nos,
513 3905 755 3962 dicentes
779 3903 922 3976 quod
949 3903 1207 3974 scriptum
1231 3911 1335 3968 est,
1367 3902 1488 3958 Non
1515 3919 1608 3959 no-

59 3991 130 4059 bis,
170 3994 399 4067 Domine,
453 4013 557 4052 non
601 3996 765 4064 nobis,
811 3995 900 4054 sed
939 3995 1131 4050 nomini
1170 4006 1257 4050 tuo
1285 3997 1353 4050 da
1389 3996 1608 4068 gloriam

61 4084 198 4154 (Psat.
226 4106 348 4148 exui
372 4133 388 4156 ,
434 4090 490 4162 l)
516 4131 530 4156 ,
562 4104 878 4146 accusamus
904 4097 1143 4144 nostram
1177 4088 1561 4144 conscientiam
1587 4105 1603 4144 :

58 4177 131 4233 sed
161 4196 247 4239 vos
281 4183 335 4240 in
375 4183 655 4239 hominum
689 4181 930 4237 moribus
967 4194 1155 4236 eorum
1199 4194 1351 4250 spem
1379 4179 1470 4251 qui
1511 4180 1608 4236 ba-

61 4270 284 4336 ptizantur
310 4275 436 4348 poni
472 4274 748 4340 volentes,
777 4288 886 4330 non
927 4272 1219 4346 agnoscitis
1247 4281 1482 4328 vestram
1508 4285 1602 4328 su-

60 4362 278 4428 perbiam.

114 4454 314 4516 CAPUT
334 4458 698 4516 κιαι-59.
709 4457 1018 4530 Quid,quod
1029 4457 1191 4515 etiam
1205 4456 1344 4513 beati
1357 4456 1607 4530 Cypriani

63 4551 342 4609 mentionem
365 4553 544 4610 facere
563 4551 792 4620 audetis,
818 4551 966 4608 velut
990 4549 1082 4606 ille
1105 4557 1290 4606 auctor
1316 4549 1387 4605 sit
1412 4556 1608 4604 vestra:

66 4638 329 4716 divisionis,
371 4653 551 4703 tantus
585 4644 836 4702 defensor
873 4644 1152 4700 catholicae
1187 4644 1405 4700 unitatis
1430 4651 1486 4700 et
1511 4658 1609 4715 pa-

67 4734 154 4790 cis?
177 4737 342 4796 Primo
369 4749 489 4797 esto
528 4739 582 4796 in
618 4738 857 4795 Ecclesia
881 4779 898 4807 ,
935 4752 1096 4809 quam
1126 4746 1339 4793 constat
1373 4737 1609 4794 tenuisse

68 4838 114 4880 ac
133 4829 427 4897 pmdicasse
451 4831 814 4905 Cyprianum;
846 4838 901 4887 et
927 4838 1053 4886 tunc
1076 4828 1217 4886 aude
1242 4829 1390 4887 velut
1418 4839 1606 4886 aucto-

68 4931 156 4973 rem
179 4927 441 4983 sententia:
468 4936 571 4981 tua:
597 4925 876 4982 nominare
901 4923 1224 4996 Cyprianum
1252 4942 1265 4978 :
1291 4923 1463 4995 primo
1483 4922 1608 4978 imi-

75 5017 162 5068 tare
180 5017 417 5087 pietatem
447 5018 910 5090 ltumilitatemque
935 5017 1207 5090 Cypriani,
1242 5025 1299 5073 et
1326 5025 1453 5073 tunc
1478 5031 1606 5087 pro-

71 5098 133 5160 ler
151 5111 410 5168 concilium
437 5111 711 5184 Cypriani.
760 5109 871 5166 Nos
898 5109 1043 5166 enim
1093 5110 1297 5165 nullam
1339 5109 1608 5180 Cypriano

41 5191 252 5258 Jacitnus
285 5204 551 5276 iniuriam,
581 5219 703 5260 cum
733 5203 849 5274 ejus
875 5202 1143 5274 quaslibet
1169 5201 1417 5269 litteras,
1455 5216 1487 5256 a
1515 5215 1608 5257 ca-

76 5292 224 5349 nonica
262 5298 558 5355 divinarum
604 5298 1000 5368 Scripturarum
1045 5296 1365 5352 auctoritate
1412 5294 1608 5351 distin-

78 5383 261 5448 guimus.
286 5390 466 5464 Neque
493 5391 638 5449 enim
677 5391 796 5447 sine
823 5405 984 5447 causa
1016 5398 1122 5446 tam
1150 5389 1351 5445 salubri
1376 5387 1609 5460 vigilan-

79 5473 132 5529 tia
156 5493 301 5540 canon
320 5484 714 5544 ecclesiasticus
732 5483 1054 5540 constitutus
1075 5491 1178 5549 est,
1201 5481 1268 5537 ad
1289 5496 1450 5553 quem
1475 5480 1609 5536 certi

80 5562 410 5642 Prollhetarum
439 5587 495 5636 et
523 5577 902 5650 Apostolorum
932 5576 1050 5632 libri
1087 5575 1424 5647 pertineant,
1467 5589 1606 5646 quos

129 5746 219 5826 fite
237 5753 403 5826 aliquot
438 5767 542 5810 MSS.
573 5756 661 5826 alii
672 5755 890 5826 quidam,
915 5767 979 5806 ea:
1001 5751 1197 5825 occultis
1219 5752 1444 5826 Ιιιιηιαηω
1485 5765 1604 5804 con-

86 5816 264 5864 stantiae.
286 5816 415 5881 mm,
438 5834 503 5872 ex
526 5816 723 5872 occultis
743 5816 990 5868 hominum
1013 5816 1330 5869 conscientia.

307 5905 530 5966 SANCT.
585 5908 858 5966 AUGUST.
893 5903 1006 5963 IX.

3209 285 3312 341 490

1725 385 1944 440 omnino
1963 384 2202 457 judicare
2226 405 2332 446 non
2357 393 2665 461 audeamus,
2691 403 2747 450 et
2771 395 3064 452 secundum
3084 411 3220 469 quos
3240 399 3309 455 de

1721 478 1935 534 caeteris
1961 479 2156 537 litteris
2192 483 2276 538 vel
2307 484 2545 543 ﬁdelium
2572 487 2656 544 vel
2694 488 2989 545 inﬁdelium
3032 491 3201 547 libere
3222 492 3314 563 ju-

1722 567 1989 627 dicemus.
2023 572 2256 631 Proinde
2275 618 2291 642 ,
2321 591 2442 632 cum
2467 578 2611 635 dicat
2641 580 2928 652 Apostolus
2947 624 2962 649 ,
2993 583 3146 652 cujus
3176 583 3311 653 Epi-

1723 661 1880 718 stolas
1911 663 1964 719 in
1991 667 2308 723 auctoritate
2341 671 2597 726 canonica
2626 671 2843 743 vigent,
2893 673 3148 743 Quotquot
3189 691 3310 748 ergo

1721 758 1951 829 perfecti,
1983 758 2079 814 hoc
2106 762 2404 833 sapiamus;
2425 773 2469 819 et
2492 766 2536 820 si
2561 763 2684 837 quid
2703 769 2851 823 aliter
2878 770 3078 841 sapitis,
3102 771 3158 825 id
3176 787 3309 843 quo-

1719 863 1816 918 que
1838 851 1977 906 vobis
2005 850 2145 909 Deus
2164 855 2402 910 reuelabit
2428 858 2444 889 ί
2471 856 2728 932 (Philipp.
2765 877 2854 929 ιιι,
2885 861 2976 934 15)
3011 880 3024 917 :
3056 864 3314 934 quamdiu

1720 940 1881 997 aliter
1908 944 2087 1014 sapuit
2113 944 2418 1018 Cyprianus
2440 991 2454 1016 ,
2485 950 2530 1005 si
2559 951 2757 1023 scripta
2780 954 2896 1024 ejus
2939 969 3059 1011 esse
3099 965 3313 1012 constat

1721 1049 1842 1104 qua:
1869 1051 1966 1106 pro
1985 1037 2138 1094 vobis
2163 1040 2482 1110 proferenda
2503 1043 2831 1102 arbitramini
2858 1063 2873 1112 ;
2905 1049 3156 1120 quamdiu
3180 1066 3311 1123 ergo

1719 1128 1789 1186 de
1817 1129 1918 1187 hac
1946 1148 2007 1188 re
2035 1133 2194 1190 aliter
2219 1137 2397 1206 sapuit
2422 1153 2580 1208 quam
2607 1140 2802 1195 veritas
2834 1141 3140 1213 diligentius
3177 1159 3309 1200 con-

1717 1221 1952 1280 siderata
1982 1225 2252 1296 patefecit,
2276 1228 2448 1286 donec
2466 1230 2518 1286 ei
2544 1231 2689 1288 Deus
2715 1231 2768 1288 id
2789 1249 3000 1306 quoque
3022 1237 3304 1304 revelaret,

1717 1313 1972 1372 ineﬁ‘abili
2000 1317 2160 1374 laude
2199 1321 2474 1378 charitatis
2500 1323 2756 1379 unitatem
2789 1339 3080 1399 pacemque
3114 1327 3305 1384 catho-

1717 1409 1876 1464 licam
1899 1411 2060 1467 etiam
2087 1428 2210 1468 cum
2241 1415 2463 1487 collegis
2487 1417 2619 1484 suis,
2653 1432 2681 1472 a
2708 1419 2900 1489 quibus
2925 1420 3079 1477 aliter
3101 1422 3298 1492 sapuit,

1717 1518 1824 1558 non
1852 1505 2088 1577 reliquit.

1788 1593 2014 1653 CAPUT
2052 1597 2364 1655 XXXII.—
2386 1602 2477 1658 ιο.
2501 1602 2676 1659 Verba
2720 1605 2837 1676 ejus
2873 1621 2938 1662 ex
2976 1607 3201 1677 epistola
3241 1609 3310 1666 ad

1716 1690 2034 1748 Jubaianum
2056 1694 2326 1750 inseruisti
2348 1697 2540 1754 litteris
2556 1699 2682 1762 tuis,
2700 1700 2894 1771 quibus
2909 1701 2987 1756 eis
3003 1704 3023 1733 ³
3043 1703 3309 1772 placuisse

1718 1795 2068 1851 monstrares,
2098 1787 2449 1858 baptizandos
2474 1806 2568 1846 eos
2609 1805 2728 1846 esse
2757 1792 2811 1846 in
2854 1793 3086 1849 Ecclesia
3117 1795 3307 1851 catho-

1717 1878 1840 1944 lica,
1859 1881 1948 1951 qui
1973 1881 2173 1937 fuerint
2192 1881 2242 1936 in
2270 1882 2463 1939 haeresi
2482 1885 2566 1940 vel
2587 1885 2876 1942 schismate
2897 1887 3169 1958 baptizati.
3196 1890 3310 1961 Ego

1718 1969 1876 2041 hujus
1914 1972 2154 2042 epistolae
2195 1974 2514 2045 auctoritate,
2550 1991 2656 2032 non
2697 1986 2914 2045 teneor;
2946 1981 3069 2050 quia
3099 1980 3309 2038 litteras

1716 2062 1970 2136 Cypriani
1998 2081 2104 2121 non
2132 2076 2188 2122 ut
2211 2068 2496 2123 eanonicas
2524 2068 2719 2136 habeo,
2745 2069 2840 2125 sed
2867 2085 2961 2126 eas
2988 2087 3055 2127 ex
3085 2075 3308 2130 αιτιοιιί-

1717 2156 1798 2212 cis
1823 2157 2128 2225 considero,
2158 2166 2215 2215 et
2235 2159 2377 2229 quod
2405 2160 2457 2215 in
2482 2161 2561 2216 eis
2585 2161 2883 2217 divinarum
2909 2162 3306 2235 Scripturarum

1716 2248 2022 2304 auctoritati
2051 2251 2331 2321 congruit,
2359 2266 2479 2307 cum
2523 2251 2681 2308 laude
2726 2254 2843 2324 ejus
2883 2255 3121 2326 accipio;
3164 2259 3308 2329 quod

1717 2348 1895 2396 autem
1936 2356 2041 2396 non
2080 2343 2363 2414 congruit,
2391 2359 2513 2399 cum
2544 2359 2673 2416 pace
2701 2345 2818 2417 ejus
2846 2363 3064 2420 respuo.
3097 2350 3174 2405 Ac
3213 2366 3310 2422 per

1717 2433 1822 2490 hoc
1840 2476 1855 2502 ,
1884 2435 1930 2490 si
1956 2450 2017 2491 ea
2045 2452 2165 2508 quae
2191 2439 2627 2496 commemorasti
2657 2441 2724 2497 ab
2755 2442 2848 2499 illo
2875 2443 2942 2499 ad
2982 2443 3304 2503 Jubaianum

1719 2526 1937 2597 scripta,
1963 2526 2031 2583 de
2051 2528 2229 2599 aliquo
2251 2529 2388 2586 libro
2407 2531 2786 2602 Apostolorum
2808 2535 2891 2590 vel
2914 2535 3307 2606 Prophetarum

1717 2618 1977 2674 canonico
2001 2619 2258 2676 recitares
2278 2663 2294 2689 ,
2322 2622 2448 2693 quid
2477 2624 2698 2680 omnino
2725 2625 3153 2685 contradicerem
3199 2646 3307 2687 non

1719 2708 1994 2765 haberem.
2039 2710 2196 2767 Nunc
2237 2728 2367 2769 vero
2412 2715 2662 2785 quoniam
2706 2719 3023 2774 canonicum
3071 2737 3178 2776 non
3228 2732 3310 2778 est

1717 2800 1861 2872 quod
1891 2802 2108 2871 recitas,
2135 2818 2198 2858 ea
2223 2803 2470 2861 libertate
2491 2806 2558 2862 ad
2585 2821 2743 2878 quam
2769 2823 2869 2864 nos
2894 2812 3103 2867 vocavit
3126 2813 3310 2869 Domi-

1716 2907 1838 2960 nus,
1871 2893 1987 2963 ejus
2017 2893 2116 2949 viri
2143 2896 2296 2967 cujus
2320 2895 2534 2953 laudem
2562 2900 2776 2970 assequi
2804 2915 2908 2956 non
2939 2902 3124 2972 valeo,
3154 2906 3308 2975 cujus

1717 2983 1901 3040 multis
1930 2984 2123 3042 litteris
2148 3002 2268 3044 mea
2294 2989 2490 3059 scripta
2512 3005 2621 3046 non
2649 3006 2904 3064 comparo
2923 3035 2938 3059 ,
2971 2996 3122 3065 cujus
3161 2997 3309 3070 inge-

1718 3079 1864 3134 nium
1891 3078 2079 3152 diligo,
2108 3081 2261 3151 cujus
2280 3097 2375 3139 ore
2402 3083 2662 3153 delector,
2690 3086 2842 3157 cujus
2862 3088 3179 3147 cha‘ritatem
3207 3095 3311 3150 mi-

1715 3187 1827 3239 ror,
1850 3171 2002 3243 cujus
2029 3175 2342 3247 martyrium
2369 3191 2620 3246 veneror,
2643 3178 2746 3235 hoc
2771 3182 2912 3252 quod
2933 3183 3088 3240 aliter
3108 3187 3305 3258 sapuit,

1716 3279 1822 3321 non
1847 3266 2073 3335 accipio.
2103 3266 2220 3322 Non
2247 3268 2473 3339 accipio,
2505 3270 2742 3342 inquam,
2766 3273 2908 3343 quod
2933 3274 3000 3330 de
3032 3275 3307 3347 baptizan-

1715 3357 1799 3412 dis
1823 3357 2088 3413 hmreticis
2109 3367 2165 3414 et
2191 3358 2548 3416 schismaticis
2570 3361 2757 3418 beatus
2785 3364 3080 3436 Cyprianus
3107 3372 3304 3438 sensit;

1714 3451 1837 3521 quia
1867 3449 1970 3505 hoc
1999 3449 2239 3507 Ecclesia
2261 3468 2366 3507 non
2389 3454 2602 3524 accipit,
2627 3471 2724 3525 pro
2748 3471 2852 3527 qua
2877 3459 3064 3515 beatus
3087 3461 3308 3534 Cypria-

1715 3557 1816 3597 nus
1854 3541 2168 3613 sanguinem
2212 3542 2368 3599 fudit.
2413 3544 2519 3601 Sed
2548 3545 2671 3616 quia
2700 3547 2878 3603 dicitis
2903 3564 3027 3606 eum
3068 3568 3166 3623 pro
3206 3555 3308 3611 hac

1714 3635 1979 3692 sententia
2007 3633 2194 3706 legalia
2216 3636 2535 3694 documenta
2561 3639 2803 3696 ﬁrmasse
2827 3658 2840 3693 :
2865 3657 3168 3715 quanquam
3198 3663 3304 3704 non

1713 3728 1805 3785 ille
1832 3729 2152 3786 documenta
2182 3730 2370 3802 legalia
2401 3730 2616 3788 ﬁrmare
2641 3733 2846 3803 potuit,
2875 3735 2969 3791 sed
3008 3738 3087 3793 eis
3127 3742 3305 3812 potius

1715 3836 2066 3894 quaecumque
2091 3831 2239 3879 recte
2266 3823 2436 3879 sensit
2458 3824 2572 3894 ipse
2597 3824 2827 3882 ﬁrmavit
2857 3847 2870 3882 :
2902 3829 3145 3904 relinque
3177 3849 3306 3906 ergo

1713 3914 1908 3984 scripta
1937 3913 2214 3986 Cypriani,
2241 3923 2295 3971 et
2318 3929 2380 3970 ea
2410 3915 2524 3986 ipsa
2551 3916 2742 3988 legalia
2763 3919 3081 3977 documenta
3111 3925 3305 3996 quibus

1713 4020 1836 4061 eum
1862 4005 1998 4062 dicis
2014 4023 2187 4074 Ausum
2213 4023 2334 4063 esse
2362 4023 2742 4065 commemora.
2777 4011 2830 4067 Si
2864 4027 2970 4068 non
2996 4029 3059 4070 ea
3081 4014 3307 4074 demon-

1714 4110 1954 4157 stravero
1999 4071 2234 4157 vestram
2279 4115 2497 4156 causam
2534 4101 2670 4157 nihil
2711 4103 2968 4173 adjuvare
3009 4106 3061 4171 ³,
3105 4109 3299 4166 vicisti.

1714 4191 2052 4263 Quapropter
2072 4193 2144 4247 ita
2167 4192 2271 4247 hoc
2290 4191 2543 4264 Cypriani
2571 4207 2676 4247 non
2702 4195 2930 4265 accipio,
2950 4200 3194 4267 quamvis
3220 4202 3304 4256 in-

1713 4285 1877 4342 ferior
1903 4283 2390 4354 incomparabiliter
2414 4283 2714 4356 Cypriano;
2743 4286 2881 4341 sicut
2912 4288 3039 4344 illud
3071 4295 3302 4361 apostoli

1713 4377 1858 4435 Petri
1884 4375 2024 4448 quod
2065 4375 2265 4432 Gentes
2293 4373 2576 4430 Judaizare
2604 4375 2828 4446 cogebat
2857 4377 3050 4451 (Galat.
3079 4396 3150 4448 ιι,
3185 4384 3299 4455 14),

1713 4483 1814 4525 nec
1833 4467 2060 4539 accipio,
2091 4482 2190 4523 nec
2216 4466 2373 4532 facio,
2402 4467 2646 4538 quamvis
2666 4467 2888 4524 inferior
2911 4471 3306 4544 incomparabi-

1713 4565 1835 4620 liter
1859 4564 2040 4620 Petro.
2068 4561 2176 4618 Vos
2205 4570 2382 4616 autem
2405 4561 2493 4634 qui
2513 4561 2712 4633 scripta
2732 4563 2987 4636 Cypriani
3009 4567 3165 4624 nobis
3187 4577 3304 4626 tan-

1712 4673 1872 4731 quam
1919 4655 2257 4711 ﬁrmamenta
2303 4655 2578 4713 canonicae
2623 4659 2956 4716 auctoritatis
3003 4665 3295 4736 opponitis,

1714 4747 1968 4822 quidquid
1991 4747 2059 4805 de
2069 4747 2339 4820 Cypriano
2358 4758 2544 4805 contra
2563 4765 2659 4806 vos
2670 4750 2926 4821 'prolerre
2949 4757 3297 4828 potuerimus,

1713 4858 1934 4900 necesse
1960 4850 2044 4899 est
2066 4842 2291 4910 cedatis,
2311 4855 2367 4899 et
2391 4843 2592 4914 justum
2624 4854 2706 4900 est
2729 4854 2788 4900 ut
2814 4846 2937 4903 victi
2966 4852 3205 4921 taceatis,
3237 4871 3302 4913 ac

1714 4950 1811 4992 vos
1838 4933 2124 5006 aliquando
2148 4935 2217 4991 ab
2241 4951 2425 4992 errore
2456 4936 2924 5006 perniciosissimae
2949 4939 3304 5004 dissensionis

1715 5029 1781 5086 ad
1809 5029 2067 5085 unitatem
2094 5028 2412 5084 catholicam
2439 5030 2783 5086 convertatis.

1786 5121 2010 5180 CAPUT
2048 5120 2291 5177 XXXIII.
2313 5151 2387 5163 —
2412 5122 2504 5177 41.
2533 5120 2707 5190 Unde,
2729 5137 2797 5179 ne
2825 5123 3042 5198 longum
3071 5128 3260 5188 faciam
3286 5177 3302 5201 ,

1717 5231 1782 5271 ex
1811 5213 1911 5270 hac
1931 5214 2045 5284 ipsa
2066 5213 2290 5284 epistola
2316 5212 2380 5268 ad
2401 5211 2739 5279 Jubaianum,
2763 5218 2979 5275 attende
3003 5221 3128 5291 quid
3157 5223 3306 5292 inge-

1716 5323 1854 5375 ram,
1875 5307 2017 5379 quod
2048 5315 2283 5364 vestrum
2309 5314 2514 5363 evertat
2541 5315 2596 5363 et
2624 5308 2868 5365 absumat
2888 5327 3146 5370 errorem.
3169 5314 3304 5372 Cum

1718 5401 1860 5458 enim
1883 5397 2206 5472 persuadere
2231 5406 2519 5455 conaretur
2538 5398 2621 5455 vel
2641 5408 2858 5458 sanctus
2877 5401 3191 5476 Cyprianus,
3219 5409 3302 5463 vel

1783 5561 1801 5592 ι
1828 5565 1897 5622 tta
1913 5557 2284 5622 Cygirannensis
2306 5556 2567 5622 codex.“
2590 5557 2725 5622 editi,
2752 5559 2992 5622 reuelauit.

1781 5624 1801 5654 ¹
1826 5618 2076 5682 ωιιϊίΘΞ.
2101 5626 2157 5670 At
2193 5620 2535 5683 manuscripti,
2572 5619 2675 5683 eis;
2711 5618 2901 5672 Scilicet
2938 5625 3154 5686 Cypriani
3199 5626 3300 5676 col-

1718 5685 1889 5797 ἰθζίῗίε
1908 5746 1958 5796 in
1983 5753 2086 5797 Mss.
2114 5751 2170 5796 At
2192 5745 2241 5810 in
2262 5745 2528 5810 plerisque
2570 5747 2728 5808 editis,
2755 5752 2963 5797 nostram
2986 5756 3180 5798 causam
3215 5753 3304 5802 ml-

1784 5759 1804 5782 δ
1826 5759 1889 5797 tta
1908 5760 1958 5796 ιιι
1985 5759 2086 5797 MSS.
2114 5759 2170 5796 Al.
2192 5759 2241 5794 ιιι

1725 5814 1923 5872 iuvare;
1947 5810 2141 5872 omisso,
2168 5759 2310 5860 nihil.)

2770 5894 3034 5974 (Sciam)
