3792 6138
406 282 411 298 ‘
467 288 570 350 set

469 404 794 476 quicumque
819 396 962 454 illam
983 391 1197 466 scripsit
1224 394 1525 466 epistolam,
1550 393 1830 450 haereticos
1861 392 1927 447 ad
1957 390 2062 446 Ec-

470 495 692 552 clesiam
721 491 998 547 venientes
1022 487 1295 558 baptizare
1323 496 1608 557 oportere;
1640 485 1783 557 quod
1812 484 2062 539 videlicet

402 612 405 614 ·
474 589 779 659 Baptismus
809 581 986 639 nullus
1013 579 1351 650 deputandus
1377 587 1550 644 esset,
1577 593 1735 650 quem
1765 577 1896 632 foris
1922 573 2063 646 apud

469 683 760 740 haereticos
787 679 1151 750 accepissent;
1181 676 1433 746 opposuit
1458 674 1559 729 sibi
1585 673 1965 744 quaestionem,
2009 679 2064 727 et

470 779 550 833 ait
573 796 587 832 :
613 775 718 833 Sed
737 774 870 829 dicet
895 773 1098 841 aliquis,
1129 769 1268 838 Quid
1295 785 1412 840 ergo
1442 768 1526 837 ﬁet
1555 767 1618 821 de
1647 767 1726 820 his
1750 768 1833 838 qui
1855 765 1907 818 in
1933 779 2065 836 prte-

478 873 677 926 teritum
699 869 762 923 de
782 867 960 922 heresi
984 866 1052 919 ad
1080 863 1361 920 Ecclesium
1383 863 1652 927 uenientes,
1672 861 1780 915 sine
1800 858 2062 928 Baptism

475 938 686 1017 admissi
709 959 864 1014 sunt?
892 957 1082 1013 Potens
1111 965 1182 1011 est
1211 954 1459 1009 Dominus
1491 953 1836 1008 misericordia
1866 968 1958 1006 sua
1985 951 2066 1004 in-

471 1053 789 1127 dulgentiam
828 1051 984 1114 dare,
1017 1057 1064 1103 et
1097 1065 1182 1101 eos
1211 1047 1296 1116 qui
1335 1046 1402 1100 ad
1448 1044 1728 1098 Ecclesium
1772 1043 2066 1113 simpliciter

473 1145 685 1200 admissi
712 1144 765 1197 iu
794 1140 1025 1199 Ecclesia
1046 1138 1382 1205 dormierunt,
1403 1138 1465 1190 ab
1490 1135 1737 1190 Ecclesia!
1761 1151 1868 1190 sum
1891 1151 2065 1189 mune-

470 1239 612 1294 ribus
639 1254 741 1292 non
770 1251 1026 1307 separare.
1062 1233 1164 1288 Ista
1193 1231 1352 1286 nobis
1381 1229 1698 1300 simplicitas
1729 1228 1955 1293 suflicit,
1978 1228 2065 1282 cui

475 1327 842 1385 testimonium
870 1324 1114 1396 perhibet
1139 1323 1256 1392 ipse
1281 1319 1598 1392 Cyprianus,
1628 1327 1833 1375 tantum
1866 1319 2063 1374 bonum

474 1421 780 1492 intelligens
804 1434 926 1475 esse
951 1418 1204 1476 unitatem
1242 1416 1484 1484 corporis
1511 1413 1748 1478 Christi,
1779 1421 1838 1468 ut
1863 1413 1916 1467 in
1944 1428 2064 1468 eam

475 1514 788 1584 simpliciter
813 1511 1096 1578 admissos,
1122 1510 1281 1565 etiam
1304 1509 1421 1563 illos
1442 1523 1577 1579 quos
1601 1523 1723 1564 esse
1748 1508 1865 1563 sine
1885 1507 2065 1578 Bapti-

473 1621 597 1663 smo
619 1604 994 1669 arbitrabatur,
1025 1603 1093 1658 de
1121 1601 1301 1656 divina
1338 1600 1708 1656 misericordia
1749 1600 1944 1656 mereri
1974 1602 2061 1656 in-

475 1699 826 1770 dulgentiam,
854 1706 910 1752 et
937 1696 1006 1752 ab
1032 1694 1288 1756 Ecclesiae
1315 1693 1628 1749 muneribus
1656 1707 1760 1748 non
1789 1692 2064 1762 separari,

474 1794 562 1865 pia
577 1791 898 1863 cogitatione
922 1796 1295 1860 praesumeret.
1316 1786 1443 1841 Haec
1461 1784 1792 1842 consuetudo
1813 1784 2067 1840 Ecclesia:

471 1885 574 1942 fuit
599 1893 723 1940 ante
746 1882 1036 1940 concilium
1064 1879 1337 1951 Cypriani,
1371 1878 1490 1936 hunc
1513 1877 1752 1948 superari
1783 1885 1839 1932 et
1866 1877 2067 1934 auferri

473 1993 584 2034 non
631 1975 802 2047 potuit
845 1988 942 2030 nec
981 1973 1211 2029 concilio
1249 1969 1533 2042 Cypriani;
1563 1979 1619 2024 ut
1654 1984 1722 2024 ex
1752 1968 1943 2024 haeresi
1971 1983 2064 2024 ve-

472 2071 707 2135 nientes,
733 2083 840 2123 non
865 2065 1080 2138 quidem
1106 2065 1224 2119 sine
1249 2064 1520 2132 Baptismn
1541 2103 1555 2126 ,
1588 2061 1726 2115 sicut
1754 2060 1915 2126 dicit,
1942 2061 2064 2130 quia

475 2162 619 2218 idem
643 2159 945 2230 Baptismus
971 2157 1134 2212 etiam
1161 2153 1290 2209 foris
1315 2154 1394 2208 eis
1418 2153 1610 2219 inerat,
1639 2151 1734 2209 sed
1763 2167 1867 2205 non
1897 2150 2064 2221 prod-

480 2264 632 2322 erat,
659 2263 1032 2307 verumtamen
1073 2246 1407 2317 simpliciter,
1434 2247 1572 2301 sicut
1608 2246 1736 2302 item
1777 2245 1936 2310 dicit,
1968 2243 2067 2299 ad-

482 2347 636 2406 missi
675 2345 744 2401 de
785 2343 880 2399 Dei
904 2339 1269 2400 misericordia
1297 2338 1676 2409 indulgentiam
1707 2345 2064 2404 mererentur,

479 2452 539 2498 et
562 2457 590 2494 a
621 2436 933 2494 muneribus
959 2450 1063 2490 non
1089 2440 1468 2504 separarentur
1490 2431 1762 2493 Ecclesiae.
1794 2431 1921 2486 Haec
1941 2430 2069 2484 sim-

481 2533 712 2604 plicitas,
741 2527 911 2599 magis
937 2542 1096 2599 quam
1113 2525 1418 2595 duplicitas,
1448 2523 1701 2586 Ecclesiae
1726 2521 1925 2592 placuit
1949 2521 2071 2577 uni-

478 2639 651 2681 versm
676 2629 790 2677 toto
816 2630 1077 2676 terrarum
1105 2617 1237 2673 orbe
1257 2615 1486 2672 dilusm.

551 2713 641 2770 η.
669 2711 772 2768 Cui
809 2711 1108 2783 Cyprianus
1145 2709 1260 2778 ipse
1287 2706 1445 2777 quale
1474 2705 1840 2763 testimonium
1882 2704 2068 2776 perhi-

479 2810 624 2875 bent,
645 2805 768 2862 audi
793 2820 859 2861 ex
877 2803 1101 2876 epistola
1121 2818 1281 2874 quam
1302 2802 1370 2858 dc
1388 2800 1606 2858 Uuitate
1625 2800 1946 2871 conscripsit
1965 2800 2066 2872 (a).

481 2901 672 2966 Atella,
702 2898 895 2970 inquit,
923 2897 1127 2954 radium
1151 2896 1274 2950 solis
1298 2913 1330 2948 a
1354 2911 1584 2966 corpore,
1614 2894 1912 2950 divisionem
1941 2894 2070 2950 lucis

479 2997 652 3052 unitas
670 3010 770 3048 non
793 2992 948 3064 capit.
980 2989 1054 3047 Ab
1076 2988 1255 3044 arbore
1280 2990 1460 3060 frange
1483 3004 1705 3055 ramum,
1735 2991 1928 3061 fractus
1957 3004 2070 3058 ger.

481 3090 677 3146 minare
703 3088 816 3142 non'
834 3085 1032 3158 poterit.
1064 3083 1110 3138 Α
1145 3086 1284 3154 {ante
1324 3081 1542 3153 preside
1583 3082 1746 3136 rivum
1771 3124 1785 3146 ,
1830 3082 2070 3150 praecisus

481 3181 685 3238 arescit.
713 3179 770 3235 in
799 3177 884 3233 his
907 3174 1160 3249 Cypriani
1181 3173 1362 3230 verbis
1388 3188 1497 3228 non
1525 3172 1870 3241 intelligimus
1893 3171 2068 3227 lucem

481 3291 593 3334 non
615 3287 806 3344 capere
831 3269 1170 3335 divisionem,
1196 3266 1296 3321 nisi
1321 3266 1374 3320 in
1400 3265 1601 3320 sanctis
1628 3278 1794 3335 regno
1819 3263 1915 3318 Dei
1945 3278 2072 3333 prm-

479 3367 784 3433 destiuatis,
814 3363 904 3431 qui
927 3360 1094 3421 dividi
1115 3361 1182 3416 ab
1202 3359 1440 3414 Ecclesia
1465 3358 1612 3413 nullo
1636 3355 1796 3411 modo
1817 3364 2066 3425 possunt;

480 3471 538 3519 et
578 3476 684 3519 non
720 3455 1024 3531 geminare
1066 3467 1272 3509 ramum
1321 3449 1580 3515 fractum,
1612 3448 1801 3504 salutis
1852 3455 2070 3503 aeternae

482 3554 725 3628 germine
749 3549 1042 3619 accipimus
1066 3564 1081 3600 :
1109 3544 1410 3600 ariditatem
1432 3556 1566 3597 vero
1585 3538 1682 3595 rivi
1709 3555 1740 3595 a
1767 3539 1912 3594 fonte
1933 3555 2071 3609 prae-

483 3645 606 3710 cisi,
639 3644 690 3697 in
719 3657 787 3698 eo
811 3639 958 3711 quod
987 3638 1186 3693 Sancto
1214 3634 1414 3705 Spiritu
1432 3641 1724 3688 vacuantur
1749 3631 1838 3701 qui
1866 3631 1933 3685 ab
1954 3630 2072 3684 uui-

481 3744 599 3792 tate
646 3739 1000 3803 separantur,
1044 3727 1421 3797 agnoscimus;
1467 3739 1574 3778 non
1622 3723 1676 3776 in
1733 3729 2070 3778 sacramento

482 3825 746 3898 Baptismi
767 3867 783 3892 ,
814 3822 955 3895 quod
981 3829 1036 3877 et
1062 3819 1189 3875 boui
1216 3826 1272 3874 et
1299 3817 1424 3872 mali
1466 3815 1666 3871 habere
1706 3825 1961 3886 possunt,
1997 3817 2071 3876 ita

483 3918 618 3976 foris
645 3925 849 3987 aperte,
873 3909 1320 3985 quemadmodum
1347 3908 1489 3962 intus
1505 3907 1710 3962 occulte
1729 3907 1798 3968 ab
1817 3906 2072 3961 Ecclesia:

486 4010 768 4068 sanctitate
794 4002 1045 4074 separati.
1064 3999 1171 4058 Sed
1191 3999 1334 4054 unde
1357 4012 1518 4054 nemo
1541 3996 1768 4074 dubitat,
1797 3996 1939 4067 quod
1963 3998 1981 4028 ί
2003 3997 2072 4052 de

485 4103 658 4176 ipsius
679 4098 931 4156 Ecclesiae
958 4093 1281 4152 fecunditate
1300 4099 1414 4147 toto
1434 4099 1694 4146 terrarum
1717 4087 1846 4144 orbe
1865 4087 2071 4144 diffusa:

485 4194 718 4254 senserit
733 4191 1050 4264 Cyprianus,
1080 4186 1294 4243 attende
1317 4186 1368 4240 in
1389 4184 1473 4249 his
1497 4199 1615 4255 quae
1639 4183 1937 4254 subiungit:
1959 4183 2067 4251 Sic,

485 4287 680 4360 inquit,
710 4295 756 4340 et
783 4283 1012 4338 Ecclesia
1035 4279 1244 4336 Domini
1267 4279 1398 4334 lucet
1425 4279 1654 4349 perfusa,
1688 4294 1776 4346 per
1805 4275 1973 4331 orbem
1992 4287 2070 4332 to.

485 4391 598 4436 tum
629 4378 801 4434 radios
823 4391 942 4431 suos
973 4372 1222 4446 porrigit;
1262 4386 1419 4424 unum
1445 4377 1611 4423 tamen
1639 4367 1810 4423 lumen
1836 4378 1908 4422 est
1936 4367 2070 4439 quod

484 4471 668 4542 ubique
683 4466 1010 4536 dilftmditur,
1031 4480 1121 4519 nec
1139 4462 1309 4517 unitas
1326 4461 1552 4532 corporis
1572 4469 1854 4530 separatur.
1877 4458 2068 4515 Rumor

485 4581 604 4620 suos
631 4563 686 4616 in
713 4560 997 4614 universam
1023 4565 1211 4610 terram
1235 4555 1384 4626 copia
1407 4555 1648 4608 ubertatis
1671 4553 1913 4618 extendit,
1946 4570 2070 4624 pro~

483 4657 698 4728 ﬂuentes
743 4649 949 4723 largiter
991 4648 1126 4702 rivos
1174 4645 1328 4700 latius
1371 4643 1648 4715 expandit;
1692 4660 1852 4699 unum
1900 4653 2068 4704 tamen

485 4756 639 4818 caput
664 4752 754 4810 est,
773 4751 818 4799 et
847 4742 989 4813 origo
1015 4755 1140 4807 una,
1157 4745 1203 4792 et
1230 4753 1336 4792 una
1362 4746 1523 4791 mater
1538 4736 1860 4806 fecunditatis
1874 4752 2068 4793 succes-

485 4837 625 4895 sibus
650 4836 875 4907 copiosa.
898 4833 1049 4889 lianc
1068 4828 1360 4887 Ecclesium
1382 4825 1678 4901 Cyprianus
1699 4828 1752 4882 in
1777 4827 2068 4898 Scripturis

486 4929 686 4986 sanctis
716 4925 1052 4997 promissam,
1084 4923 1138 4977 in
1165 4922 1414 4978 universo
1440 4918 1640 4975 mundo
1668 4919 1951 4987 redditam,
1980 4921 2066 4976 di-

479 5021 637 5088 lexit,
671 5018 859 5084 tenuit,
885 5013 1278 5072 commendavit
1297 5027 1315 5067 :
1335 5027 1493 5082 quam
1521 5011 1711 5082 perditi
1739 5011 2066 5069 schismatici

482 5112 575 5169 vel
607 5109 844 5168 haeretici
875 5107 1020 5164 velut
1054 5123 1086 5166 a
1122 5105 1277 5163 malis
1301 5119 1360 5160 se
1387 5103 1696 5164 discernere
1725 5119 1786 5160 ac
1813 5119 2066 5174 separare

445 5275 447 5277 ι
483 5204 783 5275 cupientes,
799 5199 1150 5256 seditionibus
1164 5197 1345 5269 impiis
1365 5195 1718 5266 reliquerunt.
1731 5195 1831 5264 Qui
1855 5211 1920 5252 ne
1939 5211 2066 5255 suos

487 5298 668 5356 exitus
704 5293 898 5364 impios
923 5293 1072 5348 vanis
1102 5289 1533 5348 excusationibus
1558 5288 1774 5345 abluere
1801 5303 2065 5348 conaren-

496 5400 620 5458 tur,
666 5393 847 5443 saneta
889 5382 1161 5453 Scriptura
1206 5380 1450 5453 praedixit
1473 5399 1486 5435 :
1510 5378 1678 5438 Filius
1702 5380 1866 5438 ηιαιίιε
1887 5381 1994 5452 ipse
2015 5400 2070 5438 se

554 5503 573 5535 ι
596 5498 748 5550 aditi:
772 5494 864 5547 sed
881 5493 994 5545 inde
1018 5506 1158 5546 nemo
1189 5492 1391 5545 dubitat.
1416 5489 1539 5553 quid
1562 5503 1688 5542 vero.
1737 5498 1794 5542 At
1828 5500 1934 5543 Mss.
1972 5509 2068 5546 non

485 5565 692 5622 habent,
713 5572 842 5622 vero,
862 5557 956 5608 nisi
998 5557 1121 5622 forte
1143 5557 1195 5606 in
1216 5555 1518 5622 interlineari
1541 5555 1699 5617 simio
1715 5561 1772 5622 et
1804 5567 1834 5608 a
1857 5559 2069 5622 semiuda

484 5592 2070 5686 miiiinwg'ﬁiérﬁfﬁﬁéwfﬁifsaindﬁgﬁ

488 5686 672 5739 dubitat
700 5679 872 5748 {quod
909 5695 1014 5748 non
1057 5679 1119 5730 ad
1158 5680 1441 5743 superiora,
1488 5679 1576 5730 sed
1616 5679 1676 5729 ad
1717 5682 2070 5745 subsequentia

486 5745 1052 5816 οωμίηο.-τέῖεξτθμε¹ωιξς
1078 5806 1104 5816 .,
1145 5811 1154 5816 -
1210 5811 1237 5816 _
1311 5803 1368 5816 .-
1564 5805 1594 5816 ,.

553 5809 625 5876 (a)
648 5810 786 5859 Liber
800 5809 866 5860 de
885 5805 1193 5871 Simplicitate
1210 5803 1511 5856 Prmlatorum
1529 5805 1673 5856 etiam
1687 5807 1956 5860 inea-ibitur

1214 274 1490 338 CONTRA
1528 275 1958 338 CRESCONIUM
1999 275 2460 345 DONATISTAM,
2502 275 2559 333 S.
2602 273 2972 334 AUGUSTINI

2166 391 2364 460 justum
2411 391 2567 459 dicit,
2597 392 2785 445 exitum
2827 401 2997 445 autem
3038 406 3189 446 suum
3235 407 3340 446 non
3376 390 3545 446 abluit
3591 383 3787 462 (Prae.1

2170 499 2317 550 XXIV,
2350 493 2463 554 post
2495 483 2532 555 ᾗ
2555 483 2661 540 .22
2698 501 2798 538 sec.
2827 481 3166 558 LXX).Quia
3207 499 3308 540 nec
3347 492 3581 555 propter
3609 484 3776 538 malos

2168 577 2258 647 qui
2287 577 2534 632 videntur
2560 593 2680 634 esse
2708 577 2872 646 intus,
2905 577 3188 634 deserendi
3215 587 3342 634 sunt
3368 578 3491 634 boui
3520 577 3633 650 qui
3661 591 3776 633 vere

2169 679 2292 726 sunt
2316 670 2481 726 intus.

2238 762 2465 820 CAPUT
2485 763 2726 820 XXXIV.
2755 794 2831 807 -—
2850 766 2938 821 45.
2958 765 3094 820 Hinc
3114 765 3302 821 beatus
3317 764 3642 837 Cyprianus
3656 765 3779 836 quid

2168 856 2396 912 senserit
2435 858 2614 928 accipe
2643 873 2709 912 ex
2736 858 2962 928 epistola
3009 871 3169 932 quam
3208 857 3424 928 scripsit
3451 857 3520 914 ad
3554 859 3758 930 presby

2168 957 2342 1005 terum
2372 951 2657 1006 Maximum
2679 959 2734 1006 et
2762 961 3007 1016 caeteros,
3034 951 3226 1022 quibus
3252 951 3320 1007 de
3347 951 3714 1008 schismatico
3735 968 3780 1008 et

2169 1040 2425 1098 baeretico
2452 1058 2636 1099 errore
2659 1044 2725 1099 ad
2747 1043 3046 1100 Ecclesiam
3073 1043 3420 1100 redeuntibus
3446 1045 3778 1116 gratulatur.

2173 1153 2195 1189 t
2228 1136 2360 1192 Nam
2387 1139 2489 1193 etsi
2515 1138 2786 1206 videntur,
2818 1157 2838 1191 ι
2866 1139 3058 1208 inquit,
3087 1157 3106 1192 ι
3132 1140 3183 1193 in
3213 1139 3454 1195 Ecclesia
3482 1153 3621 1194 esse
3651 1138 3787 1193 ziza-r

2169 1229 2276 1293 uia,
2311 1243 2419 1284 non
2449 1237 2628 1285 tamen
2660 1230 2906 1300 impediri
2939 1230 3101 1286 debet
3128 1238 3222 1284 aut
3251 1230 3386 1285 ﬁdes
3415 1239 3506 1285 aut
3530 1229 3787 1286 Charitas,

2169 1333 2376 1386 nostra,
2404 1331 2464 1377 ut
2483 1322 2737 1393 quoniam
2759 1324 2961 1378 zizauia
2983 1339 3102 1380 esse
3130 1323 3184 1378 in
3208 1323 3452 1380 Ecclesia
3474 1317 3787 1392 cernimusg

2169 1414 2271 1486 ipsi
2300 1416 2366 1471 de
2395 1416 2636 1472 Ecclesia
2668 1417 3006 1473 recedamus.
3039 1416 3202 1472 Nobis
3225 1416 3610 1472 tantummodo
3639 1416 3787 1472 labo-I

2169 1506 2394 1562 randum
2427 1515 2548 1574 est,
2594 1517 2651 1562 ut
2693 1507 3018 1562 frumentum
3057 1522 3178 1564 esse
3218 1509 3519 1577 possimus;
3567 1517 3635 1561 ut
3663 1523 3787 1561 cum

2171 1601 2399 1669 coeperit
2426 1600 2752 1655 frumentum
2778 1599 3062 1656 dominicis
3091 1599 3302 1656 horreis
3327 1599 3513 1662 condi,
3536 1598 3787 1654 fructum.

2169 1706 2271 1762 pro
2317 1707 2480 1761 opere
2522 1700 2706 1746 nostro
2746 1701 2801 1746 et
2842 1692 3026 1748 labore
3070 1693 3364 1762 capiamus.
3397 1692 3706 1762 Apostolus
3734 1693 3778 1745 in

2171 1782 2406 1852 Epistula
2447 1797 2544 1839 sua
2583 1783 2713 1838 dicit
2743 1800 2757 1837 :
2789 1783 2856 1837 In
2886 1783 3037 1838 domo
3062 1793 3233 1839 autem
3262 1801 3452 1856 magna
3478 1801 3587 1838 non
3619 1786 3787 1838 solum

2171 1890 2291 1929 vasa
2319 1883 2437 1929 sunt
2462 1890 2617 1929 aurea
2642 1884 2690 1928 et
2717 1885 2976 1945 argentea,
3003 1875 3094 1930 sed
3120 1885 3167 1930 et
3196 1875 3367 1946 lignea
3394 1884 3444 1930 et
3474 1876 3706 1946 ﬁctilia;
3745 1885 3787 1926 rt:

2170 1967 2404 2038 quadam
2429 1967 2632 2038 quidem
2658 1967 2928 2036 honorata,
2955 1969 3192 2039 quaedam
3214 1969 3529 2024 inhonorata
3555 1969 3628 2040 (ll
3655 1969 3787 2023 Tim.

2169 2075 2232 2127 ιι,
2258 2060 2373 2131 ‘20).
2397 2060 2506 2117 Nos
2533 2077 2751 2132 operam
2777 2061 2992 2128 demus,
3014 2070 3069 2118 et
3095 2073 3355 2133 quantum
3385 2078 3688 2134 possumus
3715 2065 3788 2118 la-

2171 2151 2454 2220 boremus,
2487 2160 2546 2208 ut
2571 2168 2665 2208 vas
2693 2169 2912 2208 aureum
2942 2163 2997 2209 et
3024 2163 3336 2225 argenteum
3368 2157 3563 2212 simus.
3599 2159 3776 2212 Caete-

2170 2260 2290 2300 rum
2321 2245 2498 2300 fictilia
2523 2260 2648 2300 vasa
2675 2245 3016 2318 confringere
3059 2247 3288 2304 Domino
3312 2247 3416 2305 soli
3447 2263 3772 2305 concessum

2159 2346 2274 2402 est,
2298 2339 2382 2394 cui
2416 2340 2561 2411 virga
2587 2339 2758 2395 ferrea
2787 2340 2910 2395 data
2941 2348 3024 2396 est
3053 2339 3225 2415 (Psal.
3254 2359 3328 2408 ιι,
3355 2342 3438 2414 9).
3493 2343 3636 2401 Esse
3678 2361 3778 2399 non

2171 2437 2349 2498 potest
2372 2430 2544 2499 major
2561 2429 2781 2485 domino
2808 2445 2908 2486 suo
2936 2447 3126 2488 servus
3149 2432 3328 2503 (Joan.
3355 2449 3444 2489 xm
3467 2476 3484 2499 ,
3513 2434 3646 2507 16);
3695 2450 3780 2488 ue-

2173 2535 2281 2591 que
2309 2521 2592 2592 quisquam
2623 2522 2748 2589 sibi,
2773 2522 2918 2594 quod
2945 2523 3046 2579 soli
3072 2523 3210 2580 Filio
3234 2523 3397 2580 Pater
3425 2525 3641 2593 tribuit,
3665 2526 3773 2579 rin-

2171 2613 2352 2671 dlcare
2376 2633 2391 2671 :
2414 2624 2472 2671 ut
2496 2630 2556 2672 se
2580 2624 2730 2686 putet
2754 2625 2848 2673 aut
2874 2616 2940 2672 ad
2965 2632 3148 2673 aream
3175 2617 3546 2674 ventilandam
3568 2627 3628 2675 et
3654 2635 3787 2689 pura

2173 2708 2426 2781 gaudam,
2461 2710 2634 2780 palam
2665 2708 2808 2766 ferre
2827 2709 2938 2780 jam
2967 2725 3149 2781 posse,
3177 2718 3266 2764 aut
3295 2725 3326 2765 a
3353 2709 3640 2766 frumento
3663 2710 3772 2765 uni-

2173 2816 2328 2856 versa
2360 2801 2562 2856 zizania
2594 2801 2831 2857 humano
2852 2801 3054 2871 judicio
3078 2817 3335 2872 separare
3354 2803 3399 2858 ⁸.
3427 2803 3680 2874 Superba
3704 2815 3774 2858 est

2170 2894 2272 2950 ista
2298 2892 2610 2963 obstinatio,
2629 2903 2685 2951 et
2703 2894 2959 2966 sacrilega
2988 2895 3351 2966 praesumptio,
3374 2912 3545 2967 quam
3574 2897 3678 2953 sibi
3701 2896 3768 2949 fu-

2173 3001 2267 3042 ror
2297 3001 2496 3056 pravus
2524 2987 2752 3042 assumit
2771 3006 2786 3042 :
2807 2995 2864 3042 et
2888 2987 3015 3042 dum
3045 2987 3146 3043 sibi
3177 3003 3393 3059 semper
3409 2989 3637 3060 quidam
3668 2991 3774 3059 plus

2175 3094 2337 3149 quam
2373 3080 2520 3135 mitis
2553 3079 2758 3151 justitia
2787 3081 3032 3150 deposcit
3066 3091 3380 3149 assumunt,
3414 3083 3483 3138 de
3540 3083 3771 3139 Ecclesia

2169 3181 2438 3241 pereunt;
2465 3181 2520 3227 et
2548 3171 2674 3226 dum
2703 3187 2763 3228 se
2790 3173 3086 3228 insolenter
3111 3174 3395 3242 extollunt,
3426 3175 3550 3245 ipso
3576 3192 3677 3232 suo
3700 3187 3776 3229 tu-

2174 3277 2324 3317 more
2349 3263 2555 3329 caecati,
2579 3263 2818 3319 veritatis
2840 3265 3020 3319 lumen
3049 3266 3318 3321 amittunt.
3347 3287 3365 3320 ι
3383 3267 3575 3336 Vides,
3594 3269 3771 3334 frater,

2174 3355 2466 3411 secundum
2497 3356 2802 3427 Scripturas
2826 3357 3037 3414 divinas
3063 3359 3166 3414 hoc
3195 3361 3526 3431 praecepisse
3555 3362 3773 3434 Cypria-

2175 3463 2325 3515 num,
2353 3449 2514 3504 etiam
2545 3459 2764 3521 propter
2793 3450 3001 3505 malos:
3029 3452 3120 3522 qui
3150 3465 3271 3506 eum
3303 3453 3410 3507 sint
3439 3469 3466 3506 a
3495 3455 3661 3510 bonis
3677 3455 3770 3508 rita

2173 3541 2521 3612 moribusque
2545 3541 2896 3612 spiritualiter
2925 3543 3178 3611 separati,
3211 3546 3575 3614 corporaliter
3603 3557 3767 3601 tamen

2173 3631 2254 3691 eis
2283 3635 2337 3690 in
2365 3635 2604 3692 Ecclesia
2630 3635 2879 3691 videntur
2902 3651 3022 3692 esse
3061 3637 3305 3706 permixti
3333 3655 3502 3709 usque
3548 3640 3604 3694 in
3638 3641 3765 3695 diem

2171 3726 2357 3798 judicii
2377 3768 2391 3793 ,
2421 3743 2528 3798 quo
2564 3727 2724 3783 etiam
2762 3728 3118 3797 corporaliter
3145 3727 3355 3783 debitas
3381 3731 3766 3800 separabantur

2175 3818 2242 3874 ad
2270 3835 2478 3890 pmnas.
2515 3819 2630 3875 Non
2661 3828 2746 3876 est
2772 3819 3014 3875 Ecclesia
3041 3821 3338 3876 deserenda
3370 3830 3632 3894 tanquam
3662 3823 3764 3878 fru-

2175 3919 2357 3967 menta
2387 3921 2608 3982 propter
2634 3911 2843 3983 paleam
2872 3913 2953 3968 vel
2982 3913 3188 3969 zizania
3211 3957 3228 3982 ,
3268 3924 3521 3986 tauquam
3555 3918 3763 3973 domum

2176 4004 2457 4075 magnam'
2473 4012 2691 4075 propter
2716 4019 2841 4059 vasa
2871 4003 3209 4060 inhonorata.
3235 4005 3415 4075 Vides,
3448 4008 3627 4075 audis,
3651 4025 3762 4063 scn-

2175 4094 2264 4159 tis,
2295 4101 2463 4163 capis,
2495 4094 2764 4166 intelligis,
2797 4105 2999 4166 quanto
3040 4097 3243 4152 scelere
3263 4139 3278 4162 ,
3309 4107 3536 4168 propter
3565 4116 3661 4157 eos
3683 4099 3757 4170 qui

2173 4186 2328 4242 vobis
2356 4189 2470 4243 sive
2495 4198 2643 4244 recte
2669 4188 2781 4244 sive
2801 4204 2924 4242 cum
2951 4187 3190 4242 fallimini
3217 4189 3526 4260 diSplicent,
3558 4207 3758 4264 separe—

2174 4279 2304 4333 mini
2335 4278 2403 4333 ab
2433 4279 2671 4335 Ecclesia
2700 4295 2820 4349 quae
2868 4288 2980 4335 toto
3017 4281 3148 4335 orbe
3189 4280 3529 4350 diffunditur,
3560 4287 3646 4339 cui
3686 4299 3752 4336 sc-

2175 4372 2405 4428 cundum
2422 4371 2724 4443 Scripturas
2738 4373 2966 4438 divinas,
2981 4380 3088 4427 tam
3113 4388 3385 4443 maguum,
3401 4382 3512 4429 tam
3532 4377 3751 4436 firmum,

2171 4472 2283 4518 tam
2317 4464 2519 4518 clarum
2559 4474 2718 4535 atque
2759 4462 3088 4519 luculentum
3125 4465 3493 4521 testimonium
3529 4467 3757 4538 perbibet

2171 4555 2491 4628 Cyprianus.

2244 4646 2468 4703 CAPUT
2506 4646 2820 4702 XXXV.—
2864 4649 2952 4703 44.
2992 4646 3354 4714 Quamobrem
3391 4653 3614 4707 attende
3649 4651 3754 4707 dili-

2173 4750 2361 4812 genter
2381 4740 2447 4796 de
2474 4749 2581 4796 tota
2611 4740 2712 4798 ista
2737 4741 3035 4810 qumstioue
3059 4741 3274 4797 brevem
3300 4742 3750 4800 ratiocinationem

2172 4852 2368 4892 meam.
2391 4833 2448 4892 Si
2469 4843 2616 4891 recte
2645 4835 2698 4890 in
2728 4835 3021 4890 Ecclesium
3048 4835 3379 4905 recipiuntur
3404 4851 3471 4891 ex
3495 4836 3748 4893 haereticis

2171 4932 2484 5000 venientes,
2529 4939 2586 4985 ut
2613 4930 2668 4984 iu
2703 4930 2782 4985 eis
2815 4944 2969 4985 error
2998 4929 3242 4999 proprius
3269 4929 3593 5001 corrigatur,
3635 4930 3750 4986 diri-

2173 5040 2299 5080 num
2330 5031 2509 5081 autem
2536 5023 2942 5080 Sacrameutum
2976 5039 3082 5078 non
3109 5022 3473 5090 rescindatur;
3501 5025 3638 5083 bene
3658 5027 3749 5080 illic

2171 5117 2510 5174 viventibus'
2527 5125 2777 5188 tauquam
2801 5117 3083 5172 frumentis
3106 5115 3387 5173 dominicis
3414 5120 3745 5189 gratulamur.

2173 5211 2232 5270 Si
2258 5221 2434 5268 autem
2456 5255 2472 5280 ,
2509 5211 2645 5266 sicut
2676 5211 2872 5282 putatis
2895 5253 2908 5276 ,
2942 5219 2996 5266 et
3021 5211 3349 5282 Cyprianum
3379 5211 3534 5267 vobis
3572 5213 3624 5268 in
3663 5214 3776 5267 hac,

2175 5303 2440 5360 sententia
2483 5301 2667 5359 favere
2710 5300 2955 5372 iactatis,
2999 5315 3106 5357 nou
3151 5302 3350 5358 habent
3391 5301 3743 5374 Baptismum;

2239 5502 2259 5567 ξ
2283 5506 2358 5551 Er.
2393 5495 2538 5567 Lugd.
2565 5509 2684 5567 yen.
2710 5501 2781 5567 sic
2802 5499 2976 5567 legunt
2999 5499 3131 5550 hunc
3149 5499 3308 5551 locum
3333 5515 3347 5550 :
3376 5505 3434 5567 5t
3457 5501 3742 5567 purgandum

2171 5563 2367 5629 meum
2386 5561 2701 5635 mium
2734 5561 2844 5624 iam
2861 5561 2994 5635 terre
3013 5575 3172 5635 rm.
3215 5569 3300 5621 αυι
3321 5577 3355 5614 α
3648 5562 3739 5616 υπέ-

2176 5623 2363 5676 ὺενδαηι
2384 5623 2620 5688 sicanium
2643 5623 2849 5688 humano
2861 5623 3056 5686 judicio
3076 5637 3328 5688 separare.
3372 5623 3451 5676 'tu.

2241 5689 2267 5760 ξ
2295 5687 2520 5760 sicediti,
2548 5687 2782 5760 mendose
2805 5699 2818 5734 :
2845 5687 3257 5760 nam.verborum
3287 5694 3533 5760 structam
3556 5689 3741 5754 postulat

2176 5757 2231 5800 υι
3391 5755 3452 5802 ἰ
3786 5829 3787 5912 ψ
