3812 6132
60 271 154 340 49.3

61 395 190 444 certe
199 383 418 450 admissi
437 380 747 460 simpliciter
761 385 829 443 ad
845 386 1132 450 Ecclesiam
1143 429 1156 454 ,
1172 388 1462 443 secundum
1476 405 1597 445 eum
1611 420 1636 431 -

58 478 166 540 detn
183 476 529 550 Cyprianum,
558 488 776 550 propter
800 481 1044 534 meritum
1071 481 1238 550 ipsius
1262 481 1278 510 ¹
1307 481 1524 539 unitatis
1553 482 1637 535 in-

57 569 364 646 diligentiam
389 569 489 636 Dei
508 581 796 638 merentur,
820 588 917 626 nec
943 573 1010 629 ab
1038 573 1291 633 Ecclesiae
1324 574 1633 636 muneribus

55 672 372 735 separantur,
399 663 467 720 Et
497 664 815 735 quicumque
842 665 958 719 illos
985 666 1276 724 secundum
1308 682 1510 732 morem
1539 683 1638 721 an...

58 754 323 828 teriorem,
365 753 568 832 dequo
618 772 720 822 non
754 757 916 810 tacuit
943 757 1276 831 Cyprianus,
1323 759 1638 836 simpliciter

55 848 355 914 admittunt.
401 857 461 914 fil
505 857 650 906 recte
679 864 742 912 ac
788 851 992 920 pacifici
1025 851 1243 921 vivunt,
1278 853 1415 916 inter
1446 853 1636 915 eadem

53 940 300 996 frumenta
331 940 531 1010 horreo
559 943 821 1008 destinata
847 945 1190 1018 deputantur.
1215 945 1312 1014 Qui
1342 955 1518 1012 autem
1549 946 1633 1010 vel

51 1035 264 1090 scientes
288 1045 479 1102 contra
507 1037 785 1104 veritatem
826 1039 880 1102 in
924 1039 1003 1097 eis
1045 1040 1367 1112 reeipiendis
1406 1049 1632 1107 contenv

52 1126 174 1200 tiose
193 1126 472 1198 dimicant,
499 1129 584 1198 vel
609 1131 790 1204 pravis
811 1140 968 1204 atque
997 1133 1264 1203 perversis
1290 1134 1528 1196 moribus
1548 1135 1632 1190 vi.

50 1231 191 1286 vunt,
220 1221 270 1278 in
298 1222 520 1290 zizauiis
561 1232 617 1282 et
655 1225 804 1296 palea
830 1223 1058 1288 ﬂammis
1085 1224 1261 1290 debita
1295 1225 1629 1287 tolerantur:

50 1322 250 1394 propter
288 1330 383 1370 eos
425 1326 604 1382 tamen
646 1317 940 1376 Ecclesiam
972 1336 1093 1391 quae
1123 1336 1216 1390 per
1243 1328 1408 1386 ιοιυω
1441 1318 1628 1384 orbem

53 1415 295 1476 iturarum
325 1410 564 1482 copiosis
599 1413 937 1476 successibus
963 1414 1234 1481 dilatatur,
1271 1414 1372 1478 hoc
1399 1424 1481 1474 est
1509 1416 1623 1474 fru-

49 1506 208 1561 menta
233 1499 510 1566 dominica
530 1542 545 1572 ,
574 1517 690 1573 qua:
714 1519 882 1575 usque
918 1505 985 1560 ad
1014 1521 1243 1572 messem
1281 1507 1478 1582 pariter
1504 1523 1626 1564 cre-

50 1601 186 1658 scunt
218 1594 300 1656 vel
341 1609 514 1664 usque
537 1596 605 1650 ad
629 1599 1034 1658 ventilationem
1063 1602 1263 1672 pariter
1287 1602 1624 1674 trilurantur,

49 1699 140 1748 non
164 1700 280 1754 esse
306 1686 628 1757 deSerenda,
658 1690 886 1759 imperat
915 1692 1079 1758 Deus,
1112 1694 1269 1756 testis
1295 1705 1378 1752 est
1401 1693 1626 1767 Cypria-

50 1792 153 1844 nus.
184 1780 258 1846 Ac
288 1795 388 1852 per
419 1781 555 1850 hoc,
587 1784 633 1840 si
664 1784 719 1839 in
743 1786 1121 1846 communione
1158 1787 1626 1852 Sacramentorum

50 1868 158 1936 mali
198 1871 469 1938 maculant
512 1872 709 1940 bonos,
742 1876 958 1946 quando
998 1878 1329 1950 temporibus
1369 1879 1625 1954 Cypriani

50 1961 117 2015 vel
141 1975 260 2018 ante
287 1962 622 2046 Cyprianum
648 1968 764 2034 sine
788 1969 1080 2038 Baptisnto,
1107 1971 1248 2036 sicut
1276 1972 1491 2042 putatis,
1516 1973 1626 2030 iun-

48 2053 183 2120 rctici
211 2056 662 2128 suscipiebantur,
688 2060 978 2126 Ecclesiam
1003 2063 1227 2140 periisse
1248 2063 1430 2132 dicite,
1455 2075 1510 2129 et
1529 2080 1624 2124 vos

50 2144 170 2200 unde
208 2147 312 2201 nati
358 2146 570 2214 fueritis
598 2151 884 2220 ostendite.
921 2151 978 2208 Si
1012 2163 1225 2222 autem,
1253 2155 1395 2232 quod
1428 2158 1623 2222 veritas

49 2238 186 2294 etiam
217 2253 310 2314 per
336 2238 662 2312 Cyprianum
695 2242 850 2308 docet
872 2285 886 2309 ,
917 2259 1036 2299 cum
1077 2260 1176 2316 pro
1209 2246 1462 2308 Ecclesiae
1491 2263 1623 2319 pace

51 2328 189 2382 etiam
215 2330 422 2406 cognita
453 2330 654 2396 zizania
683 2333 998 2402 tolerantur,
1025 2334 1289 2391 frumenta
1312 2353 1416 2400 non
1442 2352 1644 2403 macu-'

52 2415 148 2471 lant
173 2435 184 2471 :
214 2419 377 2475 Filius
408 2422 577 2476 malus
604 2423 714 2496 ipse
738 2440 791 2477 se
818 2426 1020 2497 justum
1044 2427 1200 2494 dicit,
1229 2429 1418 2483 exitum
1452 2441 1622 2495 autem

52 2527 178 2574 suum
203 2531 299 2567 non
320 2514 520 2593 abluit;
540 2517 660 2590 quia
682 2517 750 2574 de
773 2517 1014 2585 Ecclesia
1041 2531 1260 2594 propter
1282 2524 1452 2582 malos
1472 2525 1621 2590 exire

52 2619 139 2664 non
169 2605 362 2668 debuit.

109 2695 319 2754 CAPUT
355 2697 602 2755 XXXVI.
627 2703 804 2766 ——45.
848 2703 1042 2760 iterum
1073 2706 1214 2773 dico,
1244 2717 1299 2772 et
1322 2717 1371 2774 te
1392 2709 1460 2776 ab
1478 2708 1618 2777 bac'

50 2786 365 2848 invictissima
411 2794 621 2849 ratione
664 2794 1002 2862 dissimulare
1052 2813 1156 2853 non
1205 2800 1368 2854 sino:
1411 2801 1464 2866 Si
1510 2819 1617 2866 non

51 2883 482 2939 communicantes
506 2887 737 2956 peccatis
760 2889 1041 2954 maiorum,
1068 2901 1284 2960 propter
1310 2893 1476 2961 ipsam
1503 2904 1618 2952 tan-

51 2973 145 3034 tum
171 2976 600 3040 communionem
624 2977 1091 3045 Sacramentorum
1117 2982 1241 3036 mali
1267 2984 1494 3054 perdunt
1523 2986 1618 3052 bo-

51 3073 158 3126 nos;
186 3067 391 3134 quando
423 3067 478 3121 in
509 3071 836 3138 praeteritum
867 3087 934 3126 ex
978 3073 1166 3132 haeresi
1208 3075 1272 3128 ad
1319 3076 1615 3136 Ecclesiam

49 3155 291 3212 venientes
318 3160 438 3222 sine
469 3160 735 3240 baptismo
764 3163 979 3230 admissi
1008 3175 1150 3230 sunt,
1177 3169 1493 3244 contagione
1520 3187 1615 3228 sua

50 3236 195 3295 bonos
235 3246 413 3315 utique
462 3236 828 3315 perdiderunt.
875 3249 991 3304 Jam
1027 3259 1150 3306 tunc
1198 3236 1457 3332 ergornon
1501 3267 1618 3311 erat

49 3327 278 3396 Ecclesia,
310 3353 472 3406 quam
502 3335 798 3408 Cyprianus
841 3349 1078 3407 teneret,
1124 3329 1466 3412 prmdicaret,
1518 3362 1616 3402 nec

51 3423 172 3478 unde
200 3437 377 3495 postea
410 3429 650 3484 Donatus
670 3431 860 3486 exiret.
890 3432 945 3487 Si
973 3441 1150 3488 autem
1167 3433 1342 3490 bonos
1365 3438 1614 3508 contagio

50 3513 125 3569 ilia
155 3534 250 3573 nou
279 3522 533 3593 perdidit,
567 3537 669 3579 nec
694 3538 879 3579 eorum
907 3541 1040 3594 quos
1066 3528 1330 3581 accusatis
1369 3531 1615 3599 contagio

49 3605 370 3665 christianum
399 3612 590 3667 orbem
619 3614 846 3683 perdere
877 3617 1047 3685 potuit
1076 3634 1090 3676 :
1117 3618 1282 3684 nolite
1305 3619 1614 3682 calumniari

49 3701 276 3768 separati,
307 3711 360 3758 et
379 3703 452 3757 ad
483 3705 774 3760 Ecclesiam
801 3707 967 3762 redite
997 3708 1243 3765 correcti.
1275 3712 1612 3767 thciiianum

47 3794 93 3838 et
113 3792 273 3846 socios
300 3795 438 3863 ejus,
467 3805 654 3862 contra
683 3813 818 3866 quos
845 3808 970 3860 tunc
989 3801 1269 3861 Secundus
1291 3803 1614 3875 Tigisitanus

47 3883 284 3938 contraxit
307 3885 650 3956 condiditque
670 3890 974 3957 concilium,
1000 3907 1219 3950 necesse
1238 3904 1321 3951 est
1337 3896 1431 3951 tibi
1457 3913 1617 3954 accu-

47 3982 166 4038 sare,
205 3976 330 4030 mihi
375 3993 489 4032 non
527 3987 611 4033 est
657 3995 879 4037 necesse
925 3983 1232 4042 defendere.
1277 3988 1484 4044 Accusa
1519 4006 1614 4046 eos

46 4065 234 4129 quantis
259 4069 462 4128 viribus
489 4079 642 4140 potes
667 4090 682 4126 :
706 4073 749 4127 si
777 4072 1089 4131 innocentes
1113 4076 1348 4146 fuerunt,
1381 4081 1511 4136 nihil
1536 4083 1615 4139 eis

48 4161 274 4226 tanquam
301 4161 583 4220 frumentis
611 4165 784 4220 oberit
816 4170 1106 4224 ventositas
1133 4179 1253 4237 tua;
1285 4174 1329 4228 si
1361 4188 1614 4233 nocentes

47 4243 256 4319 fuerunt,
290 4271 398 4312 non
427 4256 728 4314 debuerunt
758 4269 976 4330 prepter
999 4262 1087 4318 illa
1116 4265 1319 4320 zizania
1346 4266 1614 4326 frumenta

48 4335 224 4431 deseri,
239 4347 434 4416 quibus
449 4349 578 4405 nihil
596 4349 899 4409 obfuerunt.
932 4355 1137 4410 Accusa
1157 4367 1411 4427 quantum
1441 4371 1611 4431 potes;

49 4429 187 4492 vinco
209 4437 373 4496 sinon
402 4441 618 4512 probas,
642 4443 797 4499 vinco
822 4445 866 4500 si
895 4446 1090 4515 probas
1121 4465 1135 4502 :
1168 4449 1344 4518 vinco,
1373 4453 1610 4523 inquam,

51 4521 89 4575 si
115 4541 213 4584 non
241 4535 455 4602 probas,
480 4536 659 4606 judice
687 4545 740 4594 te
769 4537 920 4609 ipso;
961 4541 1120 4596 vinco
1155 4543 1200 4597 si
1229 4521 1460 4615 probas,
1479 4521 1616 4606 teste

51 4613 314 4686 οἵω-ἰδίω.
343 4627 480 4696 Quid
497 4643 592 4686 eos
612 4629 692 4685 vis
718 4629 921 4686 fuisse?
941 4631 997 4688 Si
1029 4613 1358 4706 innocentes,
1388 4656 1484 4695 cur
1508 4642 1617 4698 fru-

52 4713 226 4776 mentis
265 4717 570 4790 dominicis,
613 4737 737 4778 cum
777 4724 895 4778 sitis
923 4726 1148 4796 zinania,
1179 4731 1618 4792 caiumniamini?

50 4796 97 4853 Si
122 4818 384 4881 nocentes,
410 4829 507 4870 cur
523 4830 555 4870 a
581 4815 862 4872 frumentis
879 4817 1160 4876 dominicis
1185 4836 1397 4895 propter
1415 4828 1616 4887 zizania

49 4903 384 4963 separamini?
411 4905 597 4964 Elstat
613 4908 636 4942 ³
656 4908 892 4966 Ecclesia
911 4914 1115 4968 cunctis
1138 4915 1280 4973 clara
1310 4928 1467 4991 atque
1489 4937 1620 4978 con-

53 4984 244 5057 Spicua;
274 4998 471 5070 quippe
488 5000 678 5057 civitas
700 5018 820 5074 quae
840 5003 1092 5061 abscondi
1122 5024 1229 5064 non
1257 4984 1432 5080 potest
1457 5029 1618 5086 super

52 5089 266 5174 montem
288 5093 574 5148 constituta
603 5093 821 5165 (Matth.
844 5113 900 5165 ν,
934 5099 1044 5171 il),
1072 5116 1166 5171 per
1191 5119 1349 5174 quam
1375 5105 1622 5164 domina-

43 5173 131 5250 tur
153 5173 389 5241 Christus
409 5201 442 5241 a
466 5187 603 5244 mari
622 5205 790 5262 usque
815 5192 880 5248 ad
906 5209 1074 5263 mare,
1119 5206 1173 5252 et
1212 5173 1243 5253 a
1281 5198 1499 5259 ﬂumine
1527 5221 1618 5261 ns-

58 5271 148 5368 tiﬂe
172 5267 237 5325 ad
261 5277 514 5342 terminos
537 5281 682 5337 orbis
707 5290 862 5339 terra;
883 5283 1055 5360 (Ρωι.
1085 5305 1230 5357 uxr,
1257 5289 1336 5366 8),
1365 5303 1615 5368 tanquam

262 5365 490 5428 Abmhzn
530 5373 939 5445 multiplicatum
990 5381 1128 5437 sicut
1167 5361 1337 5441 stellae
1374 5361 1517 5458 coeli,
1561 5400 1617 5447 et

61 5454 356 5524 aleatorem
382 5465 576 5535 maris,
623 5467 676 5522 in
704 5483 812 5540 quo
840 5469 1229 5533 benedicuntur
1267 5494 1454 5539 omnes
1480 5454 1616 5555 gen-

62 5579 379 5718 ωζηιᾶἑξὲξυίβέ
390 5604 584 5664 prapter
604 5599 832 5653 mittat:
845 5607 1003 5657 tamen
1205 5611 1369 5676 Abest,
1387 5617 1562 5681 tmen,
1585 5629 1615 5669 a

120 5708 134 5738 ,
280 5708 296 5718 .

120 5708 611 5850 ’Ἠεῗεὲιαῶιξιᾳὲέ
632 5798 758 5854 Mss,
788 5797 979 5846 enatat.

1414 273 1617 333 LIBER
1655 271 2034 335 SECUNDUS.

3238 295 3344 354 «ιρι

1745 399 1846 448 tes.
1879 392 2028 450 Hanc
2057 393 2215 456 etiam
2249 394 2434 452 beatus
2465 393 2762 467 Cyprianus
2791 396 2862 458 ita
2887 402 3250 476 commendat,
3280 418 3337 462 ut

1745 497 1862 544 eam
1889 482 2032 538 dicat
2055 484 2264 540 Domini
2292 485 2409 545 luce
2435 486 2728 557 perfusam,
2764 490 2941 553 radios
2965 508 3092 556 suos
3120 510 3216 568 per
3243 512 3336 553 or-

1744 572 1865 628 bem
1896 583 2153 631 terrarum
2187 578 2479 650 porrigere,
2514 596 2690 636 ramos
2725 597 2851 640 suos
2895 600 2988 654 per
3029 588 3336 646 universam

1746 673 1941 719 terram
1969 667 2120 738 copia
2170 669 2432 724 ubertatis
2489 672 2797 729 extendere.
2831 675 2955 732 Haec
2985 678 3111 740 aut’
3141 679 3195 734 in
3223 680 3334 737 fru-
3394 687 3405 708 ‘

1742 756 1936 812 mentis
1966 758 2077 812 suis
2105 774 2208 813 non
2234 770 2595 828 accusaretur,
2628 774 2718 818 aut
2749 774 2967 839 propter
2993 768 3193 830 zizania
3227 787 3336 829 non

1743 845 2122 905 desereretur:
2151 868 2312 907 unum
2357 854 2548 910 horum
2588 856 2740 912 vobis
2779 862 2940 916 etiam
2981 877 3075 918 vos
3116 863 3218 934 ipsi
3247 882 3335 921 re-

1743 939 2025 1010 Spondetc,
2075 943 2300 998 alterum
2340 945 2590 1020 Cypriani
2642 952 2856 1006 monitis
2903 953 3111 1010 discite.
3165 957 3337 1027 ipsius

1739 1029 1882 1092 enim
1911 1033 2067 1087 verba
2098 1043 2221 1092 sunt
2247 1038 2551 1094 attestantis
2576 1048 2629 1093 et
2664 1041 2890 1098 dicentis
2925 1061 2938 1100 :
2982 1043 3120 1104 Nam
3147 1051 3241 1104 etsi
3265 1050 3337 1104 vi-

1739 1119 1923 1175 dentur
1948 1123 2002 1176 in
2025 1123 2253 1179 Ecclesia
2280 1144 2388 1181 esse
2406 1129 2626 1200 zizania,
2657 1149 2758 1185 non
2786 1143 2951 1189 tamen
2981 1136 3216 1208 impediri
3240 1140 3333 1194 de-

1739 1211 1817 1268 bet
1841 1222 1930 1267 aut
1964 1215 2092 1283 ﬁdes
2136 1227 2223 1276 aut
2267 1219 2490 1274 charitas
2527 1232 2721 1290 nostra,
2764 1233 2818 1277 ut
2855 1227 3094 1297 quoniam
3136 1231 3336 1286 zizania

1736 1320 1843 1360 esse
1867 1306 1919 1360 in
1949 1304 2182 1363 Ecclesia
2207 1312 2478 1381 cernimus,
2523 1314 2622 1383 ipsi
2659 1313 2722 1370 de
2746 1313 2976 1371 Ecclesia
3017 1322 3332 1378 recedamus.

1807 1395 2034 1457 CAPUT
2083 1399 2349 1457 XXXVII.
2371 1433 2444 1444 —
2461 1404 2550 1459 46.
2595 1405 2704 1461 Vos
2723 1410 3040 1480 contagione
3069 1412 3333 1469 malorum

1735 1491 1988 1552 Afrorum
2020 1494 2317 1553 Ecclesiam
2345 1497 2570 1569 periisse
2588 1498 2766 1554 dicitis
2786 1501 2858 1556 de
2883 1502 3014 1558 orbe
3044 1512 3331 1573 terrarum,

1737 1592 1793 1646 et
1819 1584 1872 1639 in
1902 1596 2053 1658 parte
2081 1588 2268 1646 Donati
2299 1590 2416 1664 ejus
2442 1589 2694 1662 reliquias
2721 1595 3048 1651 remansisse
3079 1604 3332 1668 tanquam

1734 1676 1788 1730 in
1818 1676 2101 1738 frumentis
2132 1695 2163 1735 a
2187 1681 2409 1738 zizaniis
2434 1693 2486 1738 et
2514 1685 2664 1754 palea
2690 1685 2979 1764 separatis;
3007 1700 3192 1748 contra
3221 1689 3330 1764 Cy-

1732 1770 1980 1839 prianum
2005 1773 2339 1842 apertissime
2381 1776 2696 1844 sentientes,
2730 1779 2817 1852 qui
2848 1779 2977 1836 dicit
3021 1798 3121 1839 nec
3155 1783 3330 1843 malo-

1733 1877 1848 1915 rum
1877 1865 2232 1936 permixtione
2256 1865 2424 1920 bonos
2462 1868 2636 1939 perire
2666 1869 2718 1922 in
2760 1870 3021 1944 Ecclesia,
3067 1891 3166 1938 nec
3203 1893 3328 1935 eos-

1731 1952 1853 2010 dem
1885 1956 2052 2011 maios
2088 1972 2243 2027 posse
2269 1967 2389 2012 ante
2417 1967 2627 2034 tempus
2652 1961 2840 2034 judicii
2878 1965 3043 2021 divini
3085 1984 3116 2023 a
3154 1969 3326 2028 bono.

1729 2061 1847 2104 rum
1887 2049 2236 2117 permixtione
2271 2053 2529 2121 separari.
2563 2053 2667 2108 Vos
2693 2054 2869 2126 itaque
2905 2059 3198 2116 secundum
3233 2079 3325 2120 ve-

1729 2143 1897 2191 strum
1926 2153 2186 2207 errorem,
2233 2141 2316 2196 vel
2356 2143 2531 2212 potius
2572 2143 2838 2212 furorem,
2881 2163 3135 2212 accusare
3173 2155 3322 2224 cogi-

1728 2227 1880 2293 mini,
1931 2245 2035 2284 non
2084 2231 2258 2288 solum
2307 2232 2650 2296 Caecilianum
2708 2247 2762 2292 et
2814 2239 3146 2302 ordinatores
3184 2243 3320 2316 ejus,

1727 2334 1912 2375 verum
1939 2322 2099 2376 etiam
2128 2324 2244 2378 illas
2268 2324 2540 2392 Ecclesiae
2566 2343 2698 2402 quas
2728 2329 2781 2385 in
2808 2331 3096 2402 Scripturis
3118 2346 3324 2407 aposto-

1726 2409 1841 2466 licis
1877 2423 1932 2468 et
1957 2415 2230 2470 canonicis
2258 2418 2459 2486 pariter
2484 2419 2738 2492 legimus,
2771 2437 2878 2478 non
2918 2425 3089 2488 solum
3126 2427 3324 2484 Roma-

1724 2519 1936 2573 norum,
1967 2523 2071 2576 quo
2100 2523 2170 2562 ex
2201 2507 2378 2565 Africa
2409 2511 2664 2568 ordinare
2694 2516 2874 2584 paucis
2904 2518 3094 2572 vestris
3135 2520 3322 2578 soletis

1725 2595 2056 2664 episcopum,
2087 2614 2271 2660 verum
2319 2602 2479 2658 etiam
2510 2601 2940 2675 Corinthiorum,
2986 2607 3316 2680 Galatarum,

1729 2683 2099 2756 Ephesiorum,
2131 2689 2710 2762 Titessaioniceusium,
2740 2694 3162 2769 Coiossensium,
3190 2703 3322 2758 Phi-

1724 2779 2042 2852 iippensium
2073 2825 2088 2849 ,
2144 2784 2211 2840 ad
2254 2801 2389 2858 quas
2429 2788 2763 2864 apertissime
2810 2791 2996 2848 scribit
3043 2795 3320 2865 apostolus

1724 2870 1952 2938 Paulus;
1999 2873 2525 2950 Jerosoiymitanam,
2583 2895 2743 2949 quam
2795 2883 2999 2952 primus
3047 2888 3320 2962 apostolus

1721 2959 1952 3019 Jacobus
1990 2967 2300 3038 episcopatu
2349 2984 2448 3025 suo
2501 2972 2678 3037 rexit;
2727 2959 3185 3048 Antiochensetn,
3227 2981 3319 3038 ubi

1722 3057 1894 3124 primo
1921 3057 2172 3128 appellati
2195 3069 2319 3115 sunt
2342 3060 2590 3133 discipuli
2621 3062 2905 3121 Christiani
2933 3066 3068 3136 (Act.
3097 3086 3176 3142 ιι,
3199 3071 3316 3147 26);

1721 3147 2124 3218 Smyrnensem,
2158 3151 2586 3227 Thyatirensem,
2617 3155 2962 3232 Sardensem,
2990 3162 3318 3235 Pergamen-

1721 3257 1856 3306 scm,
1909 3243 2436 3315 Philadelphensem,
2483 3249 2890 3322 Laodicensem,
2941 3254 3010 3310 ad
3057 3272 3187 3328 quas
3236 3270 3323 3318 est

1720 3335 2070 3408 Apocalypsis
2117 3341 2347 3410 apostoli
2397 3340 2640 3398 Joannis.
2703 3343 2806 3400 Tot
2866 3347 2996 3404 alias
3047 3350 3319 3412 Ecciesias

1719 3426 1896 3495 Ponti,
1928 3429 2298 3500 Cappadocia,
2335 3434 2498 3504 Asiae,
2531 3436 2826 3510 Bithynius,
2866 3441 2931 3496 ad
2962 3458 3093 3513 quas
3134 3446 3320 3503 scribit

1719 3522 1995 3589 apostolus
2026 3524 2217 3580 Petrus
2245 3525 2292 3598 (ι
2321 3525 2464 3582 Petr.
2491 3544 2529 3594 ι,
2558 3527 2634 3602 1),
2678 3540 2734 3586 et
2771 3532 3030 3605 quidquid
3075 3537 3216 3593 aliud
3258 3555 3320 3596 se

1703 3611 1915 3694 Paulus
1943 3614 2011 3680 ab
2038 3614 2338 3682 Jerusalem
2379 3635 2549 3691 usque
2595 3619 2662 3676 a'd
2704 3623 2976 3696 iliyricum
3023 3627 3319 3702 Evangelio

1720 3707 2012 3776 repievisse
2053 3717 2278 3764 testatur
2304 3710 2482 3783 (Rom.
2515 3730 2603 3780 xv,
2631 3715 2722 3789 19)
2751 3735 2764 3771 :
2793 3725 2851 3772 ut
2877 3727 3080 3777 taceam
3109 3723 3177 3780 de
3200 3726 3320 3783 aliis

1720 3805 1828 3854 tam
1859 3799 1982 3856 latis
1999 3811 2160 3874 atque
2188 3803 2470 3861 immensis
2501 3813 2764 3865 terrarum
2795 3813 3061 3883 partibus,
3103 3817 3154 3871 in
3183 3833 3320 3889 quas

1720 3903 1786 3954 ex
1809 3890 1890 3945 his
1914 3894 2224 3962 apostolicis
2252 3895 2521 3953 laboribus
2547 3909 2600 3954 et
2625 3901 3043 3972 plantatiouibus
3067 3922 3318 3980 porrecta

1720 3981 1886 4036 crevit
1911 3992 1965 4037 et
1992 3986 2188 4040 crescit
2218 3985 2485 4044 Ecclesia.
2522 3989 2656 4047 istas
2694 4003 2839 4050 certe
2870 3996 3155 4072 Ecelesias,
3184 4019 3318 4075 quas

1721 4089 1786 4130 ex
1836 4075 2052 4131 Litteris
2094 4077 2291 4135 divinis
2341 4089 2502 4151 atque
2548 4087 2820 4142 canonicis
2852 4091 3160 4162 nominavi,
3207 4104 3318 4154 tam

1720 4164 1880 4235 longe
1914 4166 1983 4220 ab
2025 4168 2202 4223 Africa
2248 4172 2596 4242 constitutas,
2645 4185 2895 4249 tanquam
2947 4182 3204 4252 perierint
3246 4203 3319 4246 ex

1721 4257 1951 4327 peccatis
1981 4259 2232 4315 Afrorum
2272 4277 2528 4321 accusare
2555 4266 2837 4338 cogimlni,
2884 4287 2954 4327 ne
2993 4277 3317 4348 corrigatis‘

1720 4364 1961 4404 errorem
1985 4351 2076 4422 qui
2101 4367 2200 4409 vos
2227 4354 2294 4410 ad
2323 4365 2527 4413 tantum
2553 4359 2731 4418 scelus
2750 4361 2953 4421 nefaria
2979 4366 3315 4434 dissensione

1721 4441 2013 4512 compellit.

1792 4534 1880 4589 ιτ.
1923 4533 2029 4590 Nos
2059 4544 2240 4593 autem
2270 4548 2329 4594 ut
2359 4540 2518 4596 istum
2546 4558 2788 4602 errorem
2831 4557 3071 4607 vestrum
3106 4549 3317 4612 facilius

1720 4627 2120 4696 convincamus,
2154 4645 2254 4686 nec
2280 4632 2426 4702 ipsos
2454 4633 2637 4704 Afros,
2681 4654 2908 4709 quorum
2939 4641 3074 4700 falso
3101 4647 3310 4706 crimen

1722 4717 1775 4771 in
1825 4725 2050 4774 caeteras
2102 4721 2262 4776 etiam
2311 4733 2499 4794 gentes
2541 4728 2864 4798 perfundere
2920 4733 3158 4805 audetis;
3210 4753 3316 4797 nec

1721 4809 1887 4880 ipsos,
1912 4811 2147 4882 inquam,
2176 4813 2465 4872 defendere
2494 4821 2755 4891 cogimur.
2787 4823 2996 4882 Habent
3020 4829 3163 4884 enim
3187 4845 3313 4889 cum

1722 4899 1829 4956 illis
1855 4903 2223 4958 transmarinis
2252 4904 2506 4963 Ecciesiis
2531 4911 2838 4970 societatem
2879 4918 3050 4989 regni,
3081 4919 3128 4977 si
3155 4922 3314 4980 inno-

1722 4998 1904 5046 centes
1928 4991 2143 5049 fuerunt
2175 5013 2187 5048 :
2216 4995 2260 5050 si
2288 5005 2465 5052 autem
2507 5011 2780 5072 nocentes,
2823 5014 3072 5082 tanquam
3108 5011 3315 5072 zizania

1721 5082 2019 5151 frumentis,
2061 5101 2162 5142 nec
2191 5087 2242 5142 in
2276 5088 2454 5145 Africa
2489 5091 2682 5151 obesse
2709 5104 2995 5165 potuerunt
3017 5104 3115 5168 eis,
3138 5107 3316 5176 quise

1725 5185 1940 5246 propter
1963 5177 2084 5234 illos
2109 5181 2269 5235 etiam
2296 5183 2539 5254 cognitos
2575 5185 2644 5240 ab
2682 5186 2882 5247 unitate
2927 5192 3184 5253 Ecclesia:
3219 5212 3312 5255 se-

1723 5282 1911 5338 parare
1939 5270 2244 5327 noluerunt.
2277 5271 2348 5330 Ut
2388 5276 2532 5333 enim
2557 5278 2796 5335 omittam
2824 5297 2982 5354 quam
3021 5287 3174 5344 multi
3217 5305 3313 5349 eos

1723 5360 2049 5418 crediderint
2091 5365 2440 5435 innocentes,
2479 5369 2674 5440 quibus
2701 5371 2907 5430 facinus
2933 5392 3120 5435 eorum
3148 5381 3310 5439 etiam

1722 5453 1769 5508 si
1792 5453 2005 5524 aliquod
2034 5455 2152 5524 fuit,
2181 5465 2358 5513 tamen
2377 5459 2736 5520 demonstrari
2762 5481 2866 5522 non
2897 5469 3100 5539 potuit;
3128 5481 3184 5528 et
3207 5475 3312 5529 uti-

1721 5562 1827 5619 que.
1859 5547 1993 5611 istos
2017 5563 2118 5608 nec
2141 5565 2236 5610 vos
2267 5553 2492 5623 potestis
2533 5554 2716 5620 dicere
2743 5548 2977 5630 peccatis
3003 5562 3193 5628 alienis
3221 5566 3310 5628 in-

1720 5746 1753 5796 h
1785 5684 1802 5717 ⁸
1829 5690 1927 5735 Hoc
1946 5681 2054 5735 loco
2085 5685 2134 5735 in
2156 5689 2351 5739 excusis
2381 5696 2615 5746 mutatum
2655 5700 2791 5756 erat,
2815 5702 2897 5748 aut
2915 5733 2931 5760 ,
2971 5698 3055 5761 in,
3093 5707 3142 5754 ut
3171 5714 3309 5761 :non

1756 5760 1870 5796 ene.

1756 5760 1870 5798 CliP.

1786 5811 1804 5840 ¹¹
1829 5809 1962 5872 Fditi,
1988 5823 2075 5862 nec
2095 5811 2351 5877 corripitis.
2382 5823 2432 5867 At
2458 5823 2583 5877 Mss,
2607 5831 2665 5870 ne
2688 5817 2957 5884 corrigens.
