3812 6130
459 316 566 375 ωὕ

461 427 691 504 cognitis
712 423 946 498 potuisse
965 418 1217 476 maculari
1248 435 1260 470 :
1289 416 1384 474 sed
1405 425 1463 470 ut
1486 415 1602 484 hos,
1631 417 1870 488 inquam,
1889 416 2052 472 omit-

461 533 595 593 tam,
623 522 722 592 ipsi
748 517 840 590 qui
867 530 960 572 eos
984 521 1240 570 nocentes
1268 512 1353 568 vel
1379 521 1640 568 noverant
1663 512 1745 568 vel
1766 510 2049 582 putabant,

464 612 709 688 quamvis
737 610 790 666 in
818 607 1083 665 Africanis
1122 605 1379 662 Ecclesiis
1416 603 1710 670 constituti,
1743 619 1863 660 cum
1905 603 2052 659 vide-

463 717 588 766 rent
617 720 711 762 eos
738 701 880 776 apud
922 700 1194 757 Ecclesias
1235 698 1619 755 transmarinas
1662 712 1769 754 non
1815 697 2054 768 potuisse

462 796 730 864 convinci,
759 809 862 851 nec
897 791 1123 848 crimina
1158 805 1345 846 eorum
1388 791 1547 860 longe
1591 789 1804 859 lateque
1847 785 2053 843 diﬂ'usis

464 888 724 947 membris
749 885 1002 943 Ecclesiae
1031 883 1411 949 demonstrari,
1442 883 1486 938 si
1517 897 1575 937 se
1615 881 1812 937 vellent
1838 888 2054 952 propter

460 985 588 1042 illos
602 997 737 1054 quos
754 981 922 1036 malos
941 985 1220 1044 noverant,
1242 992 1272 1032 a
1296 976 1674 1033 communione
1696 983 1774 1031 tot
1793 975 2052 1046 gentium,

464 1076 659 1148 quibus
683 1089 780 1131 eos
811 1071 1098 1128 ostendere
1142 1084 1250 1126 non
1293 1068 1561 1136 valebant,
1603 1067 1751 1124 velut
1789 1064 2058 1138 pestiferae

465 1168 799 1242 contagionis
824 1167 1015 1223 timore
1026 1179 1307 1236 separare;
1328 1171 1535 1219 teneret
1549 1176 1666 1229 eos,
1686 1177 1791 1216 non
1809 1176 1928 1232 ego,
1950 1176 2058 1216 non

469 1274 550 1331 tu,
569 1279 677 1321 non
699 1263 953 1329 Donatus,
968 1275 1074 1315 non
1094 1257 1430 1324 Caecilianus,
1453 1255 1547 1311 sed
1577 1255 1691 1326 ipse
1710 1269 1870 1324 quem
1886 1252 2062 1309 nomi-

468 1374 602 1415 nare
643 1372 803 1412 ausus
842 1369 904 1409 es
944 1351 1276 1425 Cyprianus;
1319 1359 1374 1408 et
1399 1349 1604 1406 diceret
1641 1363 1704 1404 ea
1741 1347 1904 1404 verba
1940 1362 2059 1420 quae

472 1448 687 1519 scripsit
715 1446 781 1502 ad
807 1444 1116 1500 Maximum.

542 1538 768 1597 CAPUT
799 1535 1088 1593 XXXVIII.
1123 1536 1302 1591 —b8.
1343 1534 1475 1590 Etsi
1499 1533 1750 1600 uidentur,
1788 1531 1980 1602 inquit,
2007 1531 2062 1585 in

470 1633 704 1690 Ecclesia
727 1649 834 1688 esse
849 1630 1068 1695 zizania,
1102 1645 1204 1683 non
1239 1637 1405 1682 tamen
1443 1626 1682 1698 impediri
1710 1624 1851 1679 debet
1879 1632 1968 1678 aut
1998 1623 2064 1693 ﬁ-

470 1728 560 1783 des
585 1734 676 1780 aut
699 1724 921 1779 charitas
945 1731 1136 1788 nostra,
1165 1731 1219 1775 ut
1241 1721 1480 1792 quoniam
1513 1719 1711 1773 zizania
1739 1735 1848 1773 esse
1878 1718 1931 1771 in
1957 1714 2062 1771 Ec-

468 1817 624 1874 clesia
647 1815 915 1880 cernimus,
950 1813 1051 1883 ipsi
1075 1811 1138 1866 de
1165 1811 1394 1866 Ecclesia
1416 1810 1727 1865 recedamus.
1757 1807 1922 1862 Nobis
1948 1816 2064 1863 tan-

470 1905 731 1962 tummodo
757 1902 1092 1959 laborandum
1117 1909 1210 1968 est,
1234 1909 1289 1955 ut
1318 1905 1628 1972 frumentum
1653 1916 1759 1953 esse
1782 1898 2064 1969 possimus;

469 2009 526 2055 ut
569 2015 684 2055 cum
725 1996 929 2068 ceperit
977 1997 1284 2068 frumentum
1333 1991 1599 2047 dominicis
1649 1991 1842 2046 horreis
1889 1990 2061 2057 condi,

473 2095 694 2165 fructum
717 2104 809 2159 pro
834 2102 983 2159 opere
1007 2093 1177 2141 nostro
1205 2093 1253 2139 et
1284 2084 1456 2138 labore
1476 2083 1756 2155 capiamus.
1793 2082 2065 2153 Apostolus

470 2185 525 2239 in
549 2182 784 2256 Epistula
808 2197 901 2236 sua
927 2179 1054 2234 dicit
1083 2197 1102 2233 :
1136 2197 1156 2232 ι
1184 2177 1252 2232 In
1276 2177 1427 2232 domo
1453 2187 1622 2232 autem
1645 2194 1832 2249 magna
1856 2193 1960 2232 non
1982 2195 2066 2233 so-

473 2276 582 2330 lum
607 2289 727 2329 vasa
744 2280 860 2326 sunt
879 2287 1035 2325 aurea
1055 2279 1103 2325 et
1130 2279 1388 2342 argentea,
1417 2269 1508 2324 sed
1531 2279 1578 2323 et
1605 2269 1771 2341 lignea
1795 2278 1842 2324 et
1864 2270 2066 2340 ﬁctilia;

472 2375 520 2422 et
559 2363 795 2437 qucedam
831 2361 1033 2434 quidem
1066 2362 1334 2429 honorata,
1367 2361 1600 2433 quaedam
1624 2361 1927 2416 inhonorata
1955 2381 1974 2414 i
1999 2360 2068 2435 (ll

472 2457 610 2515 Tim.
635 2474 693 2522 ιι,
728 2457 845 2528 20).
885 2454 997 2511 Nos
1050 2471 1257 2526 operam
1303 2455 1512 2524 demus,
1542 2466 1588 2510 et
1619 2465 1862 2527 quantum
1883 2472 2066 2528 possu-

470 2567 584 2606 mus
608 2548 912 2614 laboremus,
943 2555 998 2602 ut
1021 2563 1109 2602 uas
1128 2564 1338 2602 aureum
1355 2557 1405 2602 et
1429 2557 1721 2619 argenteum
1750 2549 1927 2604 simus.
1955 2546 2067 2605 οω-

475 2653 638 2700 terum
663 2642 842 2714 ﬁctilia
882 2656 1003 2697 vasa
1041 2641 1359 2715 confringere
1389 2639 1612 2696 Domino
1645 2642 1743 2696 soli
1775 2658 2068 2698 concessum

470 2746 578 2802 est,
624 2735 706 2791 cui
751 2735 893 2807 virga
936 2738 1101 2806 ferrea
1143 2733 1263 2788 data
1307 2744 1381 2789 est
1422 2732 1596 2806 (Psal.
1628 2751 1685 2801 ιι,
1709 2734 1787 2806 9).
1812 2735 1938 2790 Esse
1964 2753 2067 2792 non

468 2838 630 2903 potest
656 2829 822 2900 major
862 2827 1067 2882 domino
1104 2843 1197 2882 suo
1231 2843 1402 2883 servus
1433 2827 1614 2898 (Joan.
1649 2844 1768 2896 xiii,
1804 2829 1930 2902 16);
1973 2848 2065 2887 nec

468 2921 735 2993 quisquam
766 2917 882 2987 sibi,
911 2918 1047 2990 quod
1071 2916 1170 2973 soli
1200 2916 1338 2973 Filio
1361 2917 1520 2974 Pater
1543 2919 1739 2986 tribuit,
1766 2922 2027 2977 vindicare
2045 2939 2066 2978 :

466 3021 526 3067 ut
553 3029 606 3067 se
627 3019 764 3083 putet
789 3019 876 3064 aut
912 3009 982 3063 ad
1014 3026 1185 3064 aream
1227 3009 1579 3065 uentilaudam
1621 3021 1668 3066 et
1719 3013 2060 3084 purgandum,

470 3101 644 3172 palam
669 3105 804 3174 ferre
820 3100 935 3171 jam
958 3117 1121 3173 posse,
1153 3109 1241 3155 aut
1268 3119 1300 3155 a
1321 3102 1576 3170 frumento
1595 3103 1829 3159 universa
1865 3105 2065 3161 zizania

471 3194 704 3249 humano
732 3193 930 3266 judicio
965 3209 1218 3261 separare.
1254 3191 1487 3266 Superba
1533 3205 1604 3250 est
1641 3195 1738 3250 ista
1772 3198 2060 3268 obstinatio,

466 3300 516 3345 et
543 3288 789 3360 sacrilega
822 3287 1170 3360 prtesumptio,
1202 3305 1355 3360 quam
1383 3287 1479 3343 sibi
1508 3291 1658 3360 furor
1691 3306 1875 3362 pravus
1919 3307 2064 3348 assu-

469 3381 560 3436 mit
590 3395 610 3435 :
636 3388 684 3436 et
711 3379 834 3435 dum
857 3378 952 3434 sibi
979 3395 1175 3452 semper
1196 3379 1407 3453 quidam
1433 3380 1548 3451 plus
1579 3397 1733 3452 quam
1761 3382 1896 3438 mitis
1905 3383 2064 3455 justi-

1203 301 1473 359 CONTRA
1511 297 1939 358 ClllﬂSCONlle
1984 298 2438 368 DONATISTAM,
2471 302 2529 357 ὃ.
2571 295 2941 356 AUGUSTINI

3663 292 3796 350 496

2160 416 2231 469 tia
2260 415 2485 486 deposcit
2511 423 2797 481 assumunt,
2846 413 2908 466 de
2937 410 3163 466 Ecclesia
3195 417 3440 482 pereunt;
3468 415 3516 464 et
3547 408 3680 463 dum
3715 425 3788 463 se

2159 510 2434 566 insolenter
2472 508 2737 575 extollunt,
2785 507 2899 578 ipso
2938 522 3029 561 suo
3073 513 3268 560 tumore
3295 503 3492 571 cacati,
3533 502 3791 558 ueritus}

2161 602 2332 658 lumen
2373 601 2628 656 amittunt.
2665 599 2758 655 llis
2787 598 3036 672 Cypriani
3076 596 3255 654 verbis
3298 596 3468 654 Deum
3511 596 3796 652 timentes

2161 693 2218 750 in
2257 692 2496 750 Ecclesia
2543 700 2874 759 tenerentur,
2923 691 3015 764 qui
3056 690 3256 748 vellent
3303 688 3373 745 ab
3413 705 3477 746 ea
3522 688 3798 761 separari

2164 793 2381 855 propter
2410 783 2654 856 cognitos
2701 782 2901 850 malos;
2947 782 3141 854 quibus
3178 780 3360 838 verbis
3397 795 3495 838 vos
3541 781 3798 838 damna-

2163 879 2315 945 mini,
2341 879 2432 951 qni
2458 878 2690 950 separati
2719 877 2982 934 accusatis
3008 885 3063 933 et
3090 875 3285 933 bonos.
3330 874 3426 932 llis
3453 873 3644 931 verbis
3672 873 3801 947 εγ-

2164 972 2384 1044 prianus
2413 980 2469 1028 et
2499 986 2600 1027 nos
2624 978 2771 1026 tenet
2793 970 2845 1025 in
2869 969 3030 1025 domo
3061 967 3176 1037 Dei,
3218 967 3370 1039 cujus
3394 965 3658 1024 decorem
3696 965 3800 1022 di-

2163 1063 2320 1131 lexit;
2347 1063 2580 1124 etiamsi.
2613 1061 2757 1134 quod
2788 1075 3061 1134 nunquam
3088 1061 3264 1117 facere
3290 1059 3564 1132 potuistis,
3614 1075 3648 1114 a
3676 1074 3796 1115 vo-

2164 1155 2250 1212 bis
2270 1165 2550 1212 accusatos
2570 1162 2626 1211 et
2651 1154 3048 1211 demonstratos
3070 1153 3375 1219 traditores,
3405 1161 3462 1209 et
3488 1153 3798 1224 quoslibet

2166 1251 2301 1306 alios
2325 1251 2497 1308 malos
2523 1265 2684 1307 nosse
2710 1265 3025 1322 possemus;
3073 1265 3143 1307 ne
3185 1249 3332 1307 illam
3383 1258 3613 1321 propter
3645 1261 3802 1303 vasa

2167 1342 2304 1399 facta
2329 1341 2384 1398 in
2411 1342 2789 1399 contumeliam
2809 1341 3140 1397 deseramus.
3172 1341 3265 1397 His
3287 1341 3463 1396 verbis
3482 1340 3655 1397 etiam
3683 1353 3805 1394 vos

2169 1435 2222 1490 in
2249 1435 2566 1491 catholicam
2606 1449 2793 1506 paceni
2829 1442 3100 1489 correctos
3139 1431 3391 1504 pacificus
3429 1428 3802 1497 introducat,

2168 1542 2238 1583 ue
2263 1525 2590 1598 quibuslibet
2615 1524 2851 1597 peccatis
2874 1525 3068 1581 alienis
3092 1539 3187 1580 seu
3217 1523 3358 1580 veris
3378 1538 3474 1580 seu
3504 1522 3666 1578 falsis
3700 1521 3805 1576 of-

2169 1618 2326 1686 fensi,
2355 1627 2542 1674 contra
2584 1617 2882 1673 Ecclesiam
2909 1616 3108 1672 Christi
3143 1617 3195 1672 in
3239 1624 3354 1672 toto
3380 1615 3586 1671 mundo
3623 1613 3802 1672 Scri—

2169 1712 2340 1783 pturis
2379 1710 2784 1769 fructificantem
2823 1719 2982 1783 atque
3028 1719 3383 1777 crescentem,
3421 1709 3567 1766 mala
3624 1715 3801 1764 tanta

2164 1801 2399 1874 jactetis,
2446 1818 2514 1859 ne
2553 1811 2770 1874 propter
2807 1802 3010 1858 zizania
3054 1802 3293 1860 triticum
3349 1801 3662 1868 accusetis,
3717 1816 3805 1856 ne.

2170 1906 2390 1968 propter
2417 1896 2626 1967 paleam
2653 1895 2920 1952 frumenta
2949 1895 3233 1964 deseratis,
3274 1910 3345 1951 ne
3387 1905 3611 1967 propter
3645 1908 3806 1951 vasa

2170 1987 2490 2044 inhonorata
2514 1998 2666 2045 extra
2688 1988 2907 2044 domum
2930 2003 3176 2060 magnam
3205 1987 3550 2044 remaneatis.

2241 2088 2330 2144 49.
2372 2089 2511 2145 Ecce
2539 2099 2795 2162 quantum
2827 2105 2926 2146 nos
2947 2090 3045 2146 abs
3070 2097 3122 2145 te
3149 2097 3609 2146 commemoratus
3636 2088 3797 2147 bea—

2172 2188 2256 2237 tus
2297 2178 2594 2254 Cyprianus
2633 2183 2856 2254 adjuvit,
2905 2183 3011 2247 cui,
3047 2181 3117 2238 de
3159 2181 3433 2253 Baptismo
3471 2182 3802 2252 repetendo

2153 2271 2217 2352 .si
2242 2271 2369 2342 quid
2392 2273 2545 2328 aliter
2565 2273 2760 2344 sapuit,
2790 2288 2888 2345 pro
2917 2274 3082 2328 tantis
3105 2272 3312 2329 meritis
3337 2271 3797 2344 ﬂagrantissima:

2171 2364 2451 2422 charitatis
2479 2366 2856 2438 corrigendum
2887 2365 3072 2438 procul
3100 2365 3267 2422 dubio
3303 2364 3568 2422 Dominus
3614 2381 3798 2423 neve-

2172 2459 2303 2515 lavit
2333 2477 2347 2515 :
2379 2461 2503 2532 quia
2529 2461 2582 2516 in
2611 2476 2673 2516 ea
2703 2460 2811 2516 vite
2836 2459 3132 2531 permansit
3160 2468 3410 2532 tanquam
3439 2468 3800 2516 sarmentum

2173 2558 2323 2610 tanto
2352 2552 2524 2609 fructu
2549 2554 2695 2625 pacis
2721 2561 2777 2609 et
2801 2552 3108 2610 dilectionis
3148 2553 3482 2626 opulentum,
3511 2561 3576 2609 ut
3610 2552 3800 2610 etiam

2172 2646 2220 2702 si
2239 2644 2367 2717 quid
2397 2645 2450 2700 in
2475 2659 2544 2701 eo
2571 2643 2906 2716 purgandum
2943 2644 3290 2716 reperiretur,
3314 2643 3360 2700 si
3385 2643 3531 2700 nulla
3558 2658 3623 2700 re
3649 2644 3796 2711 alia,

2172 2745 2319 2793 certe
2344 2735 2478 2792 falce
2506 2736 2748 2808 martyrii
2780 2744 3118 2808 purgaretur.
3145 2739 3462 2807 Quanquam
3491 2735 3687 2807 itaque
3721 2737 3797 2793 ad

2173 2841 2412 2884 errorem
2442 2836 2677 2884 vestrum
2703 2825 3152 2897 convincendum,
3182 2835 3239 2884 et
3271 2828 3318 2883 si
3347 2827 3632 2884 volueritis
3657 2844 3795 2886 coro

2171 2918 2472 2990 rigendum,
2501 2920 2632 2975 satis
2662 2934 2930 2992 superque
2958 2919 3230 2992 potuerint
3254 2921 3354 2977 ista
3375 2920 3670 2979 sullicere:
3700 2931 3793 2978 ta-

2171 3027 2298 3068 men
2340 3028 2408 3069 ne
2447 3013 2725 3086 quisquam
2770 3014 3059 3071 arbitretur
3103 3014 3304 3087 aliquid
3339 3024 3392 3072 te
3439 3016 3496 3072 in
3542 3016 3794 3088 epistola

2171 3104 2438 3176 posuisse,
2469 3106 2612 3177 quod
2651 3106 2899 3164 refellere
2937 3121 3044 3164 non
3072 3107 3328 3172 valerem,
3365 3115 3458 3162 aut
3491 3105 3548 3162 in
3589 3122 3711 3178 quo
3740 3115 3797 3163 te

2170 3201 2370 3257 nostris
2399 3209 2589 3257 contra
2617 3200 2935 3258 Petilianum
2977 3199 3172 3258 litteris
3209 3199 3344 3256 nihil
3382 3198 3642 3256 idoneum
3692 3215 3793 3255 re-

2170 3292 2475 3364 spondisse,
2504 3293 2877 3351 demonstrare
2905 3309 3013 3350 non
3051 3307 3287 3365 possem,
3329 3292 3580 3364 sequenti
3619 3293 3791 3350 volu-

2170 3384 2318 3442 mine
2338 3395 2532 3443 caatera
2558 3387 2857 3444 videamus.

1492 3609 1978 3717 LIBER
2062 3611 2556 3720 TERTI
2578 3615 2783 3724 US.

987 3793 1237 3860 Reliquam
1258 3799 1454 3858 partem
1475 3792 1702 3856 Epistolas
1720 3795 1985 3858 cresconii,
2007 3794 2204 3862 singula
2222 3799 2444 3850 breviter
2467 3812 2532 3851 ex
2553 3799 2727 3853 ordine
2747 3800 3004 3865 refellens,
3031 3805 3288 3866 percurrit.

1872 3932 2342 3990 Μαθο-

543 4048 769 4109 CAPUT
796 4047 1085 4106 PRIMUM.
1115 4076 1187 4088 —
1225 4049 1278 4103 1.
1307 4047 1364 4104 Si
1395 4046 1673 4103 tardorum
1699 4048 1829 4104 mihi
1859 4050 2073 4123 ingenia

467 4142 704 4202 curanda
727 4157 836 4199 non
876 4148 1060 4198 essent
1081 4180 1098 4208 ,
1141 4139 1233 4212 qui
1281 4138 1580 4213 intelligere
1622 4152 1925 4214 nequeunt,
1975 4160 2063 4202 me

468 4237 678 4296 duobus
696 4234 1066 4292 voluminibus
1102 4233 1467 4304 superioribus
1505 4233 1572 4289 ad
1611 4249 1826 4291 causam
1871 4244 2061 4306 totam,

467 4345 590 4403 qua:
617 4338 704 4384 tua
724 4367 741 4395 ,
770 4325 936 4383 frater
959 4325 1234 4394 Cresconi,
1265 4325 1489 4398 epistola
1509 4327 1846 4398 continetur,
1877 4330 2060 4386 multis

469 4419 648 4480 modis
681 4419 754 4474 ita
783 4416 1125 4489 respondisse
1147 4457 1164 4484 ,
1197 4426 1254 4473 ut
1284 4418 1443 4474 etiam
1474 4418 1561 4474 illa
1590 4436 1708 4490 qua:
1737 4420 1806 4476 ibi
1837 4431 2060 4489 restant,

463 4513 575 4584 iam
597 4510 769 4568 soluta
792 4518 952 4582 atque
972 4508 1223 4566 frustrata
1248 4509 1385 4578 sint,
1409 4510 1521 4581 jam
1551 4510 1734 4568 debuit
1759 4528 1788 4567 a
1815 4529 1901 4568 me
1931 4513 2056 4571 huic

470 4603 623 4678 operi
649 4601 771 4659 linis
797 4602 1020 4673 imponi.
1067 4601 1176 4658 Sed
1213 4601 1337 4672 quia
1376 4601 1526 4657 multi
1556 4610 1701 4671 sunt,
1735 4604 1924 4675 quibus
1948 4620 2063 4661 ser-

467 4696 587 4754 vire
623 4711 724 4752 nos
749 4694 1039 4762 convenit,
1081 4692 1172 4764 qui
1203 4692 1382 4748 omnia
1411 4693 1632 4765 depulsa
1673 4709 1796 4751 esse
1831 4710 1936 4751 non
1963 4712 2064 4767 pu-

467 4798 628 4855 tant,
680 4787 783 4844 nisi
829 4787 964 4844 locis
1014 4785 1126 4841 suis
1174 4785 1333 4841 etiam
1388 4785 1596 4857 singula
1647 4796 2064 4858 perlractentur,

465 4881 682 4940 residua
725 4880 990 4938 sermonis
1031 4879 1109 4935 tui
1154 4877 1388 4936 breviter
1429 4894 1495 4935 ex
1547 4878 1733 4935 ordine
1778 4879 2064 4937 refellenda

468 4992 801 5052 percurram.

542 5070 600 5128 2.
636 5066 902 5139 Quidquid
929 5065 998 5122 de
1022 5064 1271 5138 Cypriani
1320 5064 1646 5121 venerabilis
1675 5065 1925 5134 martyris
1946 5107 1962 5134 ,
2008 5076 2064 5123 et

469 5162 543 5220 de
583 5159 933 5235 quorumdam
959 5157 1309 5216 Orientalium
1358 5156 1550 5212 litteris
1589 5156 1931 5213 inserendum
1961 5172 2060 5228 pu-

467 5255 591 5313 tasti
610 5295 626 5322 ,
654 5253 795 5326 quod
822 5253 902 5309 eis
944 5251 1202 5324 placuerit
1229 5248 1370 5319 apud
1410 5247 1693 5305 haereticos
1719 5257 1774 5305 et
1796 5248 2058 5305 schisma-

421 5385 431 5402 .
466 5351 605 5407 ticos
650 5347 834 5405 datum
880 5343 1184 5416 improbare
1225 5340 1482 5412 Baptismi
1525 5351 1916 5398 sacramentum
1948 5340 2057 5416 (a);

464 5440 600 5498 nihil
629 5437 852 5510 impedit
879 5450 1094 5491 causam
1123 5441 1358 5488 nostram
1380 5473 1395 5500 ,
1426 5432 1471 5487 si
1501 5448 1620 5488 eam
1648 5433 1940 5490 Ecclesium
1968 5450 2057 5490 re-

527 5575 604 5688 (αἱ
623 5581 694 5625 De
716 5572 896 5646 litteris
916 5569 1042 5642 forte
1059 5565 1316 5643 firmiliani
1349 5572 1583 5643 εδει-εξ
1613 5569 1919 5642 αρρθάοοίξε
1955 5571 2058 5645 cpi.

527 5652 582 5688 on
607 5643 839 5688 cvenano
862 5637 1122 5688 inscriptis,
1147 5637 1198 5680 et
1221 5636 1692 5688 interCyprtanianas
1712 5630 1939 5688 vulgatis,
1953 5645 2057 5688 (ιω-

463 5636 839 5702 woplepriano
862 5636 1009 5682 inseri
1040 5636 1122 5690 tis,
1147 5637 1198 5680 et
1221 5636 1352 5702 inter
1453 5636 1692 5682 rianianas
1712 5636 1939 5695 vulgatis,
1953 5636 2057 5695 qui-

468 5697 559 5750 bus
579 5697 842 5749 lconiensis
859 5645 1048 5745 concilii
1084 5704 1179 5756 pro;
1202 5637 1494 5754 bapttzggis
1523 5693 1769 5744 haereticis
1802 5701 1905 5744 acta
1943 5709 2054 5744 nar-

466 5768 654 5811 rantur.
679 5757 900 5808 Eamdem
924 5756 988 5805 de
1012 5754 1351 5804 haereticorum
1375 5757 1611 5817 Baptismo
1634 5758 1925 5806 sententiam
1947 5756 2054 5807 tulit

465 5821 775 5890 Synnadense
792 5818 1043 5869 concilium
1061 5817 1234 5866 eodem
1259 5817 1362 5867 fere
1379 5823 1597 5879 tempore
1622 5817 1934 5868 celebratum.
1961 5821 2051 5868 sed

2182 4053 2445 4122 tinemus,
2486 4070 2646 4128 quam
2672 4071 2778 4115 non
2803 4057 3044 4114 deseruit
3081 4059 3379 4132 Cyprianus
3399 4103 3415 4129 ,
3457 4065 3627 4121 etiam
3651 4081 3776 4123 cum

2176 4144 2332 4200 multi
2357 4145 2472 4216 ejus
2497 4146 2718 4219 collegae
2745 4149 2797 4204 in
2823 4149 2963 4205 hanc
2990 4151 3308 4208 sententiam
3329 4156 3644 4215 consentire
3668 4173 3770 4214 no-

2176 4234 2420 4292 luissent.
2450 4235 2583 4293 Nam
2614 4246 2669 4295 et
2694 4239 2745 4295 in
2774 4240 2892 4312 ipso
2915 4242 3144 4298 concilio
3170 4243 3302 4300 dixit
3333 4262 3347 4300 :
3382 4243 3664 4303 Neminem
3679 4251 3769 4320 ju-

2174 4329 2400 4386 dicaiites
2421 4372 2439 4400 ,
2469 4348 2560 4388 nec
2578 4349 2612 4387 a
2626 4335 2747 4405 jure
2771 4336 3146 4392 communionis
3171 4338 3413 4407 aliquem,
3445 4341 3491 4396 si
3512 4343 3773 4399 diuersum

2172 4423 2413 4491 senserit,
2440 4434 2744 4481 amoventes.
2781 4425 2852 4482 Et
2877 4428 3122 4486 eamdem
3147 4430 3423 4501 epistolam
3453 4433 3526 4489 ad
3553 4433 3776 4492 Jubaia-

2172 4530 2299 4572 num
2331 4517 2402 4572 ita
2423 4518 2684 4575 conclusit
2712 4536 2728 4574 :

2243 4609 2472 4668 CAPUT
2500 4611 2565 4668 Il.
2593 4642 2668 4655 —-
2694 4611 2823 4668 Htec
2848 4613 2959 4682 tibi,
2990 4615 3303 4683 charissime,
3333 4634 3428 4689 pro
3453 4629 3630 4676 nostra
3657 4639 3770 4676 me-

2173 4702 2440 4758 diocritate
2475 4706 2826 4774 respondimus
2844 4748 2860 4775 ,
2891 4707 3082 4762 nemini
3113 4707 3492 4780 praescribentes
3519 4722 3612 4767 aut
3636 4729 3768 4784 prc—

2163 4793 2455 4867 judicantes
2475 4837 2491 4863 ,
2543 4798 2807 4868 quominus
2856 4799 3200 4870 unusquisque
3242 4801 3593 4872 episcoporum
3629 4804 3764 4872 quod

2171 4896 2317 4958 putat
2342 4888 2520 4958 faciat,
2543 4887 2731 4945 habens
2751 4889 2949 4945 arbitrii
2977 4890 3058 4945 sui
3079 4891 3288 4947 liberam
3308 4901 3626 4963 potestatem,
3655 4903 3756 4949 etc.

2169 4980 2227 5037 In
2258 4981 2343 5038 his
2371 4997 2503 5055 ergo
2542 4997 2642 5038 nos
2689 4983 2906 5039 interim
2949 4983 3184 5056 deputa,
3237 4983 3428 5056 quibus
3479 4984 3610 5040 illud
3653 5001 3761 5041 non

2168 5075 2344 5144 potuit
2367 5074 2694 5146 persuadere
2733 5072 3067 5150 Cyprianus.
3111 5092 3142 5131 a
3172 5075 3364 5148 quibus
3393 5085 3573 5133 tamen
3598 5078 3760 5134 etiam

2167 5169 2223 5225 in
2248 5169 2350 5226 hac
2374 5183 2436 5224 re
2459 5169 2670 5225 diversa
2709 5169 3097 5238 sentientibus,
3138 5169 3567 5227 communionem
3604 5184 3758 5226 suam

2166 5260 2388 5316 minime
2409 5260 2695 5331 separavit.
2742 5260 2969 5332 Majores
2994 5271 3174 5318 autem
3201 5261 3397 5326 vestri,
3437 5261 3630 5334 quibus
3652 5262 3760 5318 tale

2168 5355 2530 5410 testimonium
2555 5353 2894 5426 perhibuisti,
2917 5355 3054 5425 quod
3074 5356 3138 5410 ab
3165 5354 3498 5410 Orientalium
3521 5363 3754 5426 propter-

2163 5467 2226 5505 ea
2275 5450 2631 5505 communione
2656 5448 2860 5504 discreti
2885 5458 3034 5516 sunt,
3079 5450 3200 5521 quia
3227 5448 3307 5504 illi
3330 5465 3477 5504 suum
3501 5449 3753 5520 judicium

2162 5542 2493 5610 resciderunt,
2515 5558 2614 5613 quo
2641 5541 2712 5598 eis
2732 5539 2992 5613 placuerat
3012 5541 3076 5596 de
3100 5541 3198 5596 ista
3217 5539 3470 5613 Baptismi
3483 5540 3752 5611 quastione

2160 5709 2302 5746 suum
2343 5696 2472 5759 istud
2499 5695 2730 5759 judicium
2761 5693 3040 5759 orientales
3070 5693 3375 5759 postrpodum
3410 5702 3747 5759 correxerunt,

2159 5761 2227 5808 uti
2251 5759 2329 5823 hic
2350 5756 2532 5823 legitur
2556 5759 2693 5823 intra.
2721 5757 2839 5823 Vide
2855 5756 3136 5823 Eusebium,
3166 5756 3250 5809 lib.
3277 5757 3326 5819 7,
3350 5770 3486 5823 capp.
3513 5757 3610 5808 ὅθι
3630 5757 3677 5818 4,
3701 5766 3748 5809 et

2158 5819 2428 5883 nicephor,
2451 5819 2532 5870 lib.
2555 5821 2601 5883 6,
2622 5831 2758 5882 capp.
2783 5821 2832 5883 7,
2850 5819 2881 5869 8
2897 5825 2947 5870 et
2964 5820 3011 5871 9.
