3812 6134
532 188 589 207 “5-
600 198 731 219 ὐνδερ-τ
742 207 745 210 ι
758 198 903 225 *η’-ρης.
912 202 987 223 ...ην

27 291 122 353 ιοτ

27 398 277 481 Cypriane
294 405 457 471 atque
479 393 560 452 illi
576 390 820 465 Africano
840 386 1055 444 concilio
1073 375 1343 440 conuntiri
1363 379 1615 441 oportere,

27 468 207 557 contra
252 468 591 566 Cyprianum
641 483 905 542 fecerunt.
951 477 1262 535 Debuerant
1304 468 1449 528 enim
1496 479 1620 522 cum

29 587 241 663 collegis
265 559 386 643 suis
413 582 577 640 etiam
603 578 659 636 in
688 576 790 633 hac
810 572 1108 648 quaestione.
1143 567 1355 625 diversa
1380 559 1620 619 sentien-

32 653 186 745 tibus—
204 693 402 739 tenere
442 670 836 735 communionis
877 666 1134 724 unitatem
1164 704 1180 732 ,
1226 656 1370 732 quod
1410 656 1468 713 in
1509 653 1622 712 suis

34 776 218 839 litteris
242 772 446 832 fecisse
473 768 700 841 legimus
718 761 1060 837 Cyprianum.
1101 749 1480 826 Respondent,
1506 745 1623 841 ideo

34 888 139 930 eum
173 870 247 927 sic
288 864 435 938 loqui
478 838 695 918 voluisse
715 899 732 926 ,
763 870 828 911 ne
858 856 1073 925 fortasse
1095 838 1626 904 excommunicationis

36 966 205 1022 timore
241 934 518 1023 deterriti,
555 969 659 1009 non
695 947 939 1006 auderent
978 944 1132 1001 libere
1158 939 1326 995 dicere
1349 934 1486 1009 quod
1503 948 1624 989 sen-

36 1061 193 1124 tirent,
212 1071 318 1112 non
336 1053 466 1126 quia
486 1065 602 1106 cum
621 1046 694 1103 eis
705 1043 895 1101 essetin
917 1036 1268 1096 communione
1287 1042 1557 1086 mansurus
1582 1024 1626 1082 si

38 1122 225 1210 diuersa
260 1122 541 1204 sensuum
569 1158 588 1198 :
611 1139 705 1196 ubi
737 1143 925 1208 aperte
949 1131 1135 1187 dicunt
1159 1122 1481 1199 Cyprianum
1506 1130 1627 1173 esse

40 1243 333 1302 mentitum.
360 1236 424 1295 Si
449 1237 591 1294 enim
612 1230 827 1288 dicebat
843 1269 858 1295 ,
888 1223 1156 1281 Neminem
1176 1215 1467 1291 iudicantes
1490 1253 1507 1279 ,
1536 1224 1628 1265 nec

40 1354 69 1392 a
93 1336 209 1407 jure
235 1324 616 1387 communionis
633 1322 853 1393 aliquem
877 1359 892 1385 ,
919 1316 965 1371 si
993 1313 1192 1369 diversa
1213 1305 1461 1373 senserit,
1488 1316 1630 1357 amo-

41 1398 196 1485 untes
218 1466 234 1491 ,
283 1418 437 1495 quod
480 1432 602 1475 eum
647 1412 849 1470 dixisse
872 1404 1173 1476 conscripta
1211 1398 1448 1456 indicant
1479 1400 1630 1467 gesta

43 1487 240 1577 concilii
273 1487 395 1588 (a);
425 1519 484 1568 et
508 1520 687 1565 tamen
714 1503 761 1561 si
786 1501 1067 1575 quisquam
1098 1508 1285 1552 eorum
1304 1534 1320 1560 ,
1348 1487 1542 1561 quibus
1564 1499 1632 1542 ea

43 1586 294 1676 dicebat,w
333 1603 615 1661 diversum
642 1596 844 1654 sentire
867 1606 927 1649 se
962 1586 1305 1650 ostenderet,
1358 1594 1465 1637 non
1508 1591 1633 1635 cum

44 1717 105 1761 eo
127 1700 300 1758 fuerat
325 1696 679 1755 Sacramenta
706 1685 904 1746 Christi
940 1678 1433 1740 communicaturus
1462 1690 1477 1728 :
1505 1684 1634 1742 pro-

48 1795 126 1853 cul
148 1791 311 1850 dubio
329 1785 713 1849 mentiebatur,
741 1778 833 1852 qui
859 1776 984 1834 talia
1007 1773 1217 1837 dolose,
1244 1782 1353 1825 non
1372 1761 1636 1821 veraciter

52 1882 428 1962 promittebat;
473 1888 530 1936 et
560 1874 703 1950 quod
729 1880 815 1931 est
850 1871 905 1927 in
947 1882 1015 1926 eo
1054 1859 1334 1922 mendacio
1378 1854 1635 1921 deterius,

54 1955 444 2053 simplicitatem
465 1973 689 2030 fratrum
707 1964 905 2040 duplici
926 1960 1088 2020 corde
1113 1955 1347 2021 fallebat,
1363 1966 1488 2009 cum
1505 1963 1642 2022 pra:-

58 2046 229 2133 sertim
253 2080 311 2128 et
334 2068 702 2127 scriberentur
724 2076 844 2134 qua:
870 2055 1206 2115 dicebantur.
1237 2049 1371 2106 Nam
1399 2046 1643 2125 quicum-

59 2182 152 2241 que
195 2166 264 2223 ab
308 2163 407 2221 illo
452 2157 683 2217 concilio
723 2154 994 2211 diversum
1037 2145 1331 2212 sensisset,
1372 2136 1643 2213 quomodo

62 2269 228 2334 posset
247 2258 318 2316 ab
332 2257 459 2329 ejus
482 2269 579 2311 ore
602 2247 847 2308 damnari
875 2247 892 2279 ¹
910 2243 993 2301 vel
1022 2234 1493 2301 exeommunicari,
1519 2245 1644 2288 cum

65 2323 287 2426 ejusdem
317 2323 536 2407 concilii
574 2359 672 2417 pro
711 2357 773 2399 se
815 2336 1134 2411 principium
1182 2326 1470 2389 recitaret?
1514 2323 1647 2393 Quis

65 2415 180 2518 ergo
204 2442 274 2501 de
297 2415 926 2515 Cypriane—tolerabilius
951 2427 1150 2494 sentit,
1179 2433 1358 2481 utrum
1398 2433 1496 2476 nos
1513 2460 1529 2486 ,
1555 2415 1650 2490 qui
1706 2416 1707 2419 “

68 2512 176 2595 enin
203 2512 435 2594 dicimus
460 2532 515 2588 in
554 2528 782 2586 obscura
812 2524 884 2582 de
920 2522 1193 2594 Baptismo
1230 2515 1528 2589 quaestione
1554 2512 1651 2567 bo-

70 2631 252 2688 minem
278 2627 397 2686 falli
422 2623 698 2698 potuisse;
726 2635 793 2675 an
822 2631 942 2685 vos,
969 2614 1059 2686 qui
1088 2626 1211 2669 eum
1240 2607 1416 2665 dicitis
1444 2606 1497 2661 in
1521 2618 1650 2675 pro-

73 2723 310 2783 mittenda
357 2697 654 2778 christiana
700 2710 1079 2772 communione
1122 2706 1432 2778 episcopum
1465 2697 1653 2755 fallere

73 2817 315 2885 voluisse,
346 2829 460 2871 non
494 2825 659 2868 unum
688 2806 925 2879 aliquem
947 2801 1194 2866 fratrum,
1224 2794 1319 2852 sed
1348 2791 1650 2847 universam

76 2881 418 2981 episcopalem
450 2897 807 2961 societatem?
830 2892 972 2967 quod
995 2891 1043 2949 si
1072 2899 1127 2946 et
1153 2885 1304 2944 vobis
1327 2883 1395 2941 de
1420 2881 1512 2938 illo
1536 2893 1655 2937 cre-

76 2973 192 3057 dere
215 2973 362 3056 nefas
386 3004 514 3063 est;
544 2991 712 3050 vestri
733 2989 963 3059 majores
982 2989 1167 3039 contra
1193 2979 1310 3051 ejus
1333 2973 1655 3032 sententiam

81 3093 336 3160 fecerunt,
380 3089 480 3164 qui
517 3103 577 3145 se
605 3085 673 3141 ab
700 3079 1052 3140 Orientalium
1078 3070 1487 3136 communione,
1512 3065 1655 3141 quod

80 3185 139 3242 de
158 3184 253 3242 hac
271 3200 330 3242 re
356 3182 573 3240 diversa
598 3176 889 3242 senserint,
921 3171 1235 3229 diviserunt.

141 3275 360 3336 CAPUT
388 3273 483 3331 lll.
509 3302 579 3314 —
604 3271 660 3328 '5.
689 3266 955 3335 Proinde,
983 3263 1029 3320 si
1058 3261 1276 3319 omnino
1300 3258 1412 3329 jam
1435 3252 1661 3311 creden-

82 3367 193 3425 dum
220 3369 320 3437 sit,
351 3362 736 3439 quinquaginta
778 3354 1045 3430 episcopis
1081 3349 1431 3435 Orientalium
1457 3344 1511 3402 id
1539 3357 1663 3401 esse

86 3462 239 3518 visum
264 3504 281 3530 ,
328 3458 479 3533 quod
518 3454 854 3528 septuaginta
884 3449 1028 3506 Afris
1070 3447 1156 3503 vel
1195 3445 1466 3515 aliquanto
1497 3439 1661 3496 etiam

86 3553 305 3624 pluribus
326 3530 363 3621 ξ
386 3559 579 3609 contra
616 3555 695 3603 tot
721 3543 883 3602 millia
911 3541 1286 3612 episcoporum
1306 3576 1323 3603 ,
1353 3532 1549 3606 quibus
1576 3530 1666 3588 hic

88 3661 224 3704 error
262 3647 315 3704 in
363 3652 485 3703 toto
510 3641 641 3699 orbe
680 3636 986 3710 displicuit;
1035 3647 1131 3690 cur
1164 3644 1272 3687 non
1302 3626 1479 3700 potius
1501 3625 1666 3681 etiam

90 3740 222 3811 ipsos
264 3753 468 3813 paucos
515 3733 819 3793 Orientales
866 3744 1021 3786 suum
1067 3724 1327 3799 judicium
1364 3719 1667 3779 correxisse

92 3811 344 3901 dicamus,
375 3846 510 3900 non,
538 3839 597 3885 ut
626 3836 684 3883 tu
708 3823 965 3897 loqueris,
992 3816 1315 3877 rescidisse?
1340 3813 1492 3872 Sicut
1517 3811 1664 3868 enim

93 3924 339 3982 laudabile
370 3932 459 3981 est
486 3937 517 3977 a
546 3934 673 3977 vera
713 3915 977 3974 sententia
1007 3926 1111 3968 non
1151 3907 1395 3973 moveri,
1445 3905 1519 3961 ita
1555 3902 1669 3960 cul-

95 4019 256 4089 pabile
303 4017 599 4091 persistere
649 4014 701 4068 in
746 4010 874 4066 falsa
908 4026 921 4063 :
953 4021 1113 4080 quam
1167 4015 1437 4073 nunquam
1484 4007 1669 4053 tenere

95 4111 247 4182 prima
272 4090 388 4168 laus
408 4118 516 4177 est,
547 4105 781 4163 secunda
807 4109 1048 4165 mutare;
1082 4106 1139 4152 ut
1158 4104 1251 4150 aut
1273 4109 1339 4149 ex
1367 4090 1521 4148 initio
1542 4102 1671 4145 vera

100 4214 432 4274 permaneat,
475 4211 567 4257 aut
610 4206 811 4255 mutata
853 4194 985 4251 falsa
1013 4207 1137 4249 vera
1162 4186 1436 4246 succedat.
1486 4183 1672 4254 Neque

102 4313 227 4355 nunc
246 4298 309 4354 ad
334 4306 572 4355 nostram
602 4293 832 4366 pertinet
854 4286 1230 4361 quazstionem,
1256 4281 1412 4353 quale
1436 4278 1506 4335 sit
1527 4276 1672 4350 quod

104 4402 215 4457 pars
242 4388 516 4447 christiani
546 4385 693 4443 orbis
719 4381 951 4440 maxime
980 4379 1001 4410 '
1022 4390 1144 4434 eum
1173 4371 1532 4430 Orientalibus
1549 4384 1675 4426 sen-

107 4478 187 4534 sit.
221 4479 275 4539 Si
300 4483 442 4539 enim
470 4481 573 4536 hoc
601 4491 821 4537 verum.
854 4473 899 4528 si
927 4472 1028 4527 hoc
1054 4466 1347 4526 tenendum
1376 4472 1536 4534 atque
1561 4476 1676 4519 ser-

107 4571 321 4629 vandum
362 4583 445 4630 est
469 4615 487 4641 ,
533 4568 675 4642 quod
703 4567 770 4623 de
792 4565 1064 4636 Baptismo
1101 4572 1348 4616 tenemus
1375 4564 1533 4628 atque
1559 4568 1677 4611 ser-

110 4675 312 4730 vamus;
362 4664 471 4721 duo
512 4663 651 4718 mala
697 4668 873 4715 vestra
919 4654 1069 4711 vobis
1110 4651 1438 4723 obiicimus:
1477 4662 1676 4714 unum,

114 4753 241 4821 quod
267 4758 458 4811 erratis
485 4754 539 4809 in
569 4749 823 4823 Baptismi
850 4746 1182 4820 quaestione;
1227 4742 1488 4806 alterum,
1537 4737 1680 4811 quod

114 4857 201 4899 vos
222 4846 287 4902 ab
320 4848 398 4904 eis
439 4846 530 4919 qui
572 4844 641 4902 de
672 4843 773 4899 hac
800 4857 860 4897 re
885 4853 1073 4895 verum
1116 4834 1355 4892 sentiunt
1396 4830 1678 4903 separatis.

117 4933 169 4990 Si
188 4948 378 5005 autem,
400 4948 461 4995 ut
483 4936 777 4995 secundum
802 4947 899 4989 vos
925 4932 1136 5001 loquar,
1156 4927 1257 4984 hoc
1277 4925 1434 4982 estin
1457 4940 1519 4981 ea
1532 4939 1681 4995 quae-

120 5030 279 5088 stione
305 5049 487 5090 verum
510 5076 525 5100 ,
566 5030 709 5103 quod
738 5029 840 5101 ipsi
869 5024 1112 5089 sentitis;
1164 5021 1255 5077 illo
1280 5028 1427 5076 certe
1460 5016 1686 5074 crimine

123 5126 436 5184 maeulamini
458 5168 475 5194 ,
524 5124 664 5197 quod
707 5123 776 5178 ab
803 5118 1041 5178 Ecclesia
1086 5115 1423 5179 recessistis,
1468 5120 1688 5183 propter

122 5212 259 5284 cuius
281 5232 461 5289 pacem
480 5218 620 5275 sicut
642 5214 938 5288 Cyprianus
963 5223 1018 5268 et
1044 5209 1169 5266 fecit
1196 5217 1252 5264 et
1274 5205 1498 5273 monuit,
1527 5204 1688 5262 etiam

125 5305 315 5367 diversa
336 5312 626 5369 sentientes
653 5309 796 5365 ferre
823 5304 1100 5363 debuistis.

188 5399 399 5461 CAPUT
424 5404 512 5461 IV.
542 5433 615 5444 --
639 5403 693 5457 4.
715 5398 867 5456 Nune
892 5398 1131 5455 exclama
1156 5392 1299 5467 quod
1317 5407 1417 5465 ego
1439 5391 1689 5459 dixerint,

187 5535 207 5627 ς
225 5542 393 5627 Gyges
406 5546 534 5601 )tss.,
551 5549 651 5613 quo
663 5542 819 5600 posset
840 5533 901 5605 alt
913 5531 984 5584 eis
1004 5543 1088 5582 ore
1111 5528 1353 5581 damnari.

291 5614 320 5627 ..
336 5614 588 5627 ...ηηηηηηη
628 5607 690 5627 ‘Ic
748 5607 964 5627 nmmum
997 5607 1009 5620 -
1031 5593 1120 5627 ειηιΙ
1147 5606 1240 5627 smn
1267 5599 1406 5627 nomn
1427 5589 1473 5627 sli

133 5589 592 5714 ωιὲἫξξὲ-ἐιιιιῖιιέἰέ
628 5589 731 5659 .\t's.,
748 5594 964 5647 nauium
992 5593 1120 5646 :scd
1147 5606 1241 5644 nou
1267 5599 1407 5642 recte
1427 5589 1608 5642 dictum
1630 5591 1697 5641 de

136 5718 488 5849 mia):
512 5724 623 5778 3de
644 5724 881 5788 Baptismo
897 5729 1062 5773 contra
1088 5716 1369 5778 DOttztliSlaS,
1395 5728 1475 5765 nn.
1504 5717 1550 5779 .t,
1573 5718 1621 5777 ti,
1649 5725 1701 5768 et

1399 250 1605 317 LIBER
1645 249 1781 306 TER
1793 248 1958 308 “US.

1878 150 1933 167 “⁶⁹
1959 162 1979 173 ,δ
1994 142 2077 173 Ar...
2106 146 2127 149 AM

3206 244 3317 302 498

1728 362 1876 423 Nihil
1915 369 2046 424 inter
2083 367 2287 440 ﬁdelem
2330 366 2684 440 perﬁdumque
2722 364 3020 429 discernes;
3063 362 3196 418 idem
3231 360 3323 418 tibi

1725 461 1839 534 pius
1878 472 2027 535 atque
2065 460 2253 520 impius
2281 458 2516 515 videatur
2538 473 2560 514 :
2587 455 2732 530 quod
2759 471 2862 529 ego
2883 469 2995 512 non
3018 454 3156 512 dixi.
3201 452 3313 511 Sed

1724 556 1883 629 plane
1919 555 2050 612 illud
2076 553 2186 612 dixi
2209 594 2226 622 ,
2256 552 2397 611 unde
2440 561 2498 609 tu
2523 552 2675 624 quasi
2715 549 2820 607 hoc
2860 549 3099 607 dicerem
3142 546 3325 604 excla-

1726 666 1878 709 mare
1903 649 2138 719 voluisti,
2159 658 2216 707 et
2234 648 2415 705 dicere
2431 646 2572 720 quod
2598 661 2705 704 non
2731 645 2841 702 dixi
2867 662 2880 699 :
2905 644 3047 713 Sive,
3070 643 3318 716 inquam,

1726 760 1759 800 a
1786 743 1947 816 ﬁdeli,
1975 743 2078 799 sive
2105 758 2138 797 a
2162 741 2358 814 perfido
2384 740 2730 812 dispensatore
2757 737 3149 795 Sacramentum
3175 733 3334 809 quis-

1726 855 1824 906 que
1860 836 2104 909 percipiat
2138 833 2275 907 (Lib.
2307 834 2331 889 1
2364 842 2538 889 contra
2569 831 2784 888 Litteras
2807 828 3079 895 Petiliani,
3100 845 3219 903 cap.
3250 827 3318 899 6,

1728 949 1783 986 η.
1810 930 1891 1002 7).
1942 929 2000 986 ln
2030 944 2132 1001 qua
2158 925 2423 984 sententia
2449 939 2556 981 non
2586 924 2716 981 nihil
2743 923 2883 980 inter
2908 921 3121 979 fidelem
3145 919 3321 994 perfi-

1729 1024 1963 1096 dumque
1985 1021 2236 1089 discrevi,
2265 1036 2365 1077 nec
2380 1018 2518 1091 jussi
2543 1027 2601 1073 ut
2626 1016 2770 1074 idem
2794 1016 2990 1087 cuique
3017 1013 3138 1086 pius
3158 1022 3324 1084 atque

1731 1116 1928 1189 impius
1973 1113 2262 1171 videatur:
2304 1111 2399 1169 sed
2448 1110 2589 1167 idem
2628 1108 3036 1167 Saeramcntum
3082 1107 3228 1178 pium
3268 1113 3328 1162 et

1733 1208 1955 1281 impium
1987 1220 2146 1280 posse
2164 1205 2394 1272 habere;
2424 1202 2567 1277 quod
2599 1217 2697 1259 nec
2724 1210 2780 1257 tu
2801 1214 2984 1273 negas,
3013 1198 3106 1272 qui
3124 1197 3326 1256 saltem

1730 1312 1856 1379 post
1880 1303 2075 1377 impios
2101 1303 2345 1360 occultos
2368 1299 2745 1375 baptizandum
2769 1313 2876 1356 non
2901 1311 3022 1355 esse
3044 1294 3325 1353 concedis.

1734 1398 1968 1456 Proinde
1992 1398 2110 1454 sine
2135 1412 2298 1454 causa
2326 1394 2608 1467 conjungis
2633 1403 2688 1451 et
2714 1392 2881 1461 dicis,
2931 1388 3084 1447 Nihil
3120 1386 3331 1463 prodest

1737 1493 1880 1549 bonis
1907 1490 2131 1547 moribus
2155 1492 2347 1558 vivere,
2385 1489 2508 1562 quia
2532 1486 2782 1561 quidquid
2806 1487 2952 1555 justo
2984 1484 3139 1551 licet,
3165 1491 3334 1556 potest

1736 1592 1784 1639 et
1810 1584 2030 1656 injustas
2056 1581 2268 1655 implere
2296 1600 2317 1638 :
2344 1581 2471 1654 quia
2486 1590 2542 1638 et
2560 1580 2750 1637 falsum
2766 1588 2871 1645 est,
2891 1587 2992 1635 eta
3015 1591 3103 1634 me
3122 1574 3334 1633 dictum

1738 1692 1847 1734 non
1874 1684 1977 1734 est.
2027 1675 2163 1733 Boni
2196 1675 2397 1748 quippe
2432 1687 2616 1731 mores
2643 1671 2809 1728 vitam
2850 1670 3113 1728 bonorum
3157 1667 3334 1725 malo-

1741 1782 1969 1841 rumque
2008 1767 2357 1835 discernunt,
2405 1774 2462 1822 et
2487 1763 2555 1820 ad
2600 1762 2812 1820 diversa
2854 1758 3173 1833 perducunt.
3217 1757 3337 1815 Nec

1744 1861 2002 1936 quidquid
2022 1861 2169 1933 justo
2192 1860 2351 1929 licet,
2377 1866 2558 1931 potest
2581 1865 2635 1913 et
2662 1854 2893 1927 injustas
2915 1852 3141 1924 implere
3163 1866 3180 1918 ;
3205 1849 3340 1923 quia

1738 1956 1917 2030 justus
1945 1955 2131 2028 implet
2179 1954 2353 2027 legem
2383 1951 2583 2011 Christi
2630 1965 2726 2023 per
2762 1948 3103 2006 dilectionem
3127 1988 3145 2016 ,
3191 1943 3340 2001 unde

1746 2050 1977 2121 injustus
2017 2048 2224 2104 alienus
2268 2055 2389 2114 est;
2439 2052 2616 2117 potest
2651 2052 2831 2099 tamen
2865 2039 3067 2113 aliquid
3110 2038 3253 2112 quod
3279 2046 3342 2095 et

1742 2142 1921 2215 justus
1965 2141 2215 2213 implere,
2269 2148 2409 2196 utet
2441 2138 2559 2210 ipse
2592 2135 2862 2209 baptizct,
2911 2134 2959 2190 si
2997 2133 3131 2190 nihil
3171 2129 3345 2202 aliud,

1752 2246 1903 2296 certe
1929 2251 2052 2291 eum
2097 2234 2230 2291 latet
2260 2250 2276 2289 :
2308 2233 2448 2291 sicut
2481 2232 2645 2289 etiam
2688 2229 2765 2285 illi
2810 2234 3035 2299 possunt
3062 2225 3157 2282 Dei
3185 2240 3343 2281 man-

1750 2331 1874 2390 data
1920 2328 2219 2403 praedicare
2259 2327 2400 2384 sicut
2439 2324 2612 2397 justi,
2661 2321 2763 2380 sed
2804 2336 2911 2378 non
2947 2318 3241 2378 secundum
3277 2331 3350 2374 ea

1752 2426 1933 2483 vivere
1958 2425 2098 2482 sicut
2130 2422 2264 2495 justi
2280 2463 2296 2489 ,
2342 2421 2412 2479 de
2437 2418 2689 2493 qualibus
2711 2416 2913 2474 dictum
2939 2423 3021 2472 est
3043 2456 3060 2483 ,
3108 2412 3235 2483 ante
3259 2411 3349 2468 di-

1754 2530 1896 2585 cunt,
1923 2520 2119 2593 facile;
2153 2533 2268 2591 qtae
2294 2524 2464 2572 autem
2483 2513 2709 2587 faciunt,
2740 2514 2908 2586 facere
2933 2509 3091 2566 nolite
3119 2505 3340 2581 (Matth.

1756 2630 1915 2683 χχιιι,
1942 2613 2024 2684 3).

1828 2704 2056 2765 CAPUT
2087 2703 2154 2761 ν.
2182 2734 2256 2747 -
2294 2704 2349 2761 5.
2374 2701 2484 2761 Sed
2524 2700 2609 2758 fac
2654 2698 2909 2772 injustum
2945 2709 3055 2753 non
3092 2694 3353 2751 latentem

1758 2809 1817 2859 et
1854 2799 2124 2857 nonnullis
2149 2796 2421 2870 cognitum
2448 2793 2603 2851 bonis
2636 2807 2732 2865 per
2766 2791 2999 2862 aliquant
3035 2785 3354 2845 seditiosam

1760 2894 2047 2952 factionem
2093 2893 2110 2925 ⁸
2148 2890 2216 2947 de
2265 2887 2506 2945 Ecclesia
2548 2900 2655 2942 non
2695 2895 2856 2956 posse
2901 2877 3161 2951 separari.
3213 2875 3356 2933 Audi

1761 2985 2085 3060 Cyprianum
2105 3025 2122 3052 ,
2165 2981 2335 3039 tolera
2362 2979 2565 3036 zizania
2590 3018 2605 3045 ,
2646 2985 2767 3034 esto
2805 2974 3152 3031 frumentum.
3180 2969 3356 3041 Quam

1763 3077 1861 3134 tibi
1889 3078 2028 3133 bene
2052 3089 2247 3131 sonare
2270 3072 2381 3128 visa
2411 3078 2572 3136 sunt,
2615 3083 2736 3141 qua:
2779 3067 2833 3123 in
2871 3079 2977 3121 una
3012 3078 3070 3120 re
3093 3061 3240 3118 varie
3266 3074 3357 3117 re-

1764 3169 1963 3241 petisti.
1993 3167 2131 3235 Quid
2150 3166 2245 3222 hoc
2271 3174 2544 3235 praecepto,
2563 3160 2764 3232 inquis,
2789 3158 2889 3214 diei
2915 3155 3134 3227 iniquius
3156 3162 3316 3227 potest
3335 3168 3358 3210 :

1766 3264 2015 3334 Puri/lcet
2047 3261 2206 3317 alium
2232 3258 2553 3321 maculosus,
2599 3253 2775 3311 abluat
2806 3249 3078 3318 sordidus,
3121 3246 3360 3304 emundet

1764 3355 2090 3417 immundus,
2136 3351 2219 3407 det
2237 3348 2459 3422 infidelis
2483 3347 2667 3419 ﬁdem,
2701 3344 3000 3401 criminosus
3027 3341 3182 3413 faciat
3209 3340 3360 3394 inno-

1766 3447 2002 3505 centem.’
2045 3444 2285 3501 Breviter
2323 3438 2626 3512 respondeo
2657 3456 2673 3493 :
2710 3434 2821 3492 Nec
2866 3431 3206 3497 maculosus,
3259 3443 3361 3486 nec

1768 3541 2038 3608 sordidus,
2072 3553 2172 3595 nec
2196 3534 2503 3593 immundus
2520 3573 2538 3600 ,
2567 3546 2668 3589 nec
2696 3527 2945 3599 infidelis,
2972 3539 3075 3584 nec
3098 3523 3361 3582 crimino-

1772 3652 1867 3692 sus
1896 3643 1980 3692 est
2002 3631 2248 3690 Christus
2266 3669 2283 3697 ,
2318 3628 2408 3700 qui
2447 3625 2633 3683 dilexit
2660 3621 2955 3681 Ecclesiam
2979 3663 2995 3691 ,
3022 3628 3080 3677 et
3105 3634 3164 3675 se
3184 3617 3363 3691 ipsum

1772 3728 1993 3789 tradidit
2016 3742 2115 3799 pro
2139 3740 2226 3794 ea,
2249 3720 2515 3779 mundans
2540 3735 2659 3776 eam
2688 3718 2903 3775 lavacro
2928 3728 3082 3785 aqua:
3111 3711 3165 3768 in
3193 3708 3364 3767 verbo

1773 3826 1990 3901 (Epltes.
2018 3839 2076 3891 v,
2103 3820 2199 3893 25)
2221 3862 2237 3888 ,
2265 3818 2467 3875 faciens
2493 3829 2592 3872 nos
2617 3821 2799 3870 certos
2827 3809 2897 3867 de
2929 3806 3087 3865 bonis
3108 3804 3222 3863 suis
3243 3845 3260 3872 ,
3293 3816 3366 3860 ne

1773 3895 1931 3976 malis
1958 3916 2270 3972 vitiaremur
2298 3910 2509 3967 alienis.
2538 3904 2673 3964 Nam
2694 3918 2821 3962 ecce
2844 3916 2967 3960 cum
2994 3898 3238 3957 minister
3263 3895 3369 3952 ini-

1774 4027 1913 4087 quus
1959 4008 2206 4067 occultus
2249 4016 2368 4072 est,
2404 4017 2437 4059 a
2461 4016 2571 4075 quo
2612 4008 2791 4056 tamen
2826 3995 3010 4051 datum
3036 3990 3368 4063 Baptismum

1777 4082 1883 4163 non
1929 4100 2228 4166 rescindis;
2281 4109 2461 4153 nonne
2504 4091 2680 4149 omnia
2708 4088 2803 4145 ubi
2830 4086 2992 4143 verba
3031 4093 3121 4140 tua
3149 4082 3249 4139 ista
3275 4095 3368 4137 re-

1776 4197 1962 4271 plicari
2007 4200 2264 4268 possunt,
2308 4188 2432 4262 quia
2460 4195 2516 4243 et
2543 4181 2788 4256 purificat
2814 4175 3121 4235 maculosus
3139 4216 3155 4241 ,
3182 4183 3238 4230 et
3261 4171 3366 4227 ab-

1778 4261 1879 4346 luit
1906 4261 2155 4345 sordidus
2172 4325 2188 4348 ,
2214 4290 2270 4339 et
2290 4261 2545 4337 emundat
2569 4269 2877 4330 immundus
2900 4310 2917 4337 ,
2944 4274 3001 4324 et
3018 4265 3111 4322 dat
3137 4261 3371 4319 infidelis

1780 4383 1961 4448 ﬁdem,
1985 4390 2040 4437 et
2066 4375 2388 4435 criminosus
2406 4370 2571 4426 efficit
2589 4360 2968 4423 innocentem?
2996 4357 3140 4427 Non,
3167 4354 3369 4427 inquis,

1779 4478 1891 4549 ipse
1912 4516 1928 4543 ,
1973 4472 2062 4529 sed
2109 4474 2250 4542 fama
2277 4467 2387 4540 ejus
2432 4463 2564 4519 bona
2587 4502 2605 4528 ,
2651 4457 2878 4530 quamvis
2917 4453 3087 4510 inanis
3121 4461 3169 4507 et
3210 4448 3368 4522 falsa.

1782 4568 1916 4623 lline
1941 4580 2048 4621 non
2065 4563 2145 4618 vis
2169 4569 2227 4617 ut
2247 4574 2350 4632 ego
2366 4555 2680 4620 exclamem,
2702 4550 2750 4608 O
2769 4550 3015 4614 scclus,o
3039 4553 3369 4618 portentum,

1787 4674 1918 4725 non,
1948 4656 2086 4713 sicut
2109 4654 2184 4709 ait
2211 4649 2446 4725 quidam,
2474 4649 2526 4703 in
2553 4644 2766 4702 ultimas
2795 4651 2967 4699 terras
2981 4633 3376 4709 exportandum

1786 4753 2003 4826 (Cicero,
2030 4758 2131 4805 act.
2157 4748 2181 4802 l
2213 4746 2266 4801 in
2305 4740 2552 4811 Verrem),
2580 4737 2673 4795 sed
2694 4736 2871 4809 potius
2893 4741 3043 4790 extra
3070 4742 3231 4786 onme
3256 4740 3375 4785 ca:-

1789 4816 1894 4904 lum
1922 4816 2185 4902 ct'omnes
2214 4848 2404 4901 terras,
2435 4834 2481 4891 si
2509 4831 2621 4889 fieri
2650 4828 2837 4901 possit,
2863 4821 3185 4897 abigendum
3214 4819 3229 4875 l
3253 4816 3376 4876 Non

1790 4950 1843 4996 te
1882 4939 2056 5010 ipsum
2082 4933 2203 4990 dico
2221 4975 2238 5001 ,
2268 4944 2427 5002 quem
2455 4933 2757 4983 correctum
2788 4920 2950 4983 volo;
2998 4916 3094 4974 sed
3125 4916 3265 4971 hunc
3288 4928 3380 4970 er-

1790 5005 1990 5098 rorem,
2018 5043 2047 5082 a
2077 5039 2185 5098 quo
2214 5034 2266 5080 te
2296 5018 2489 5091 corrigi
2516 5016 2693 5088 cupio.
2751 5013 2896 5068 Itane
2915 5007 2981 5066 ad
3010 5005 3381 5066 mundantlum

1794 5125 2106 5190 hominem,
2154 5115 2368 5192 quando
2406 5113 2530 5171 boni
2572 5108 2801 5167 ministri
2840 5105 3069 5162 defuerit
3092 5116 3218 5160 vera
3244 5100 3377 5167 vita,

1796 5231 1919 5275 tunc
1949 5215 2071 5271 mali
2102 5208 2377 5269 ministri‘
2406 5206 2540 5262 falsa
2565 5202 2761 5261 sufﬁcit
2780 5199 2917 5255 fama
2938 5241 2955 5266 ,
2982 5213 3102 5271 qua:
3128 5196 3232 5252 hoc
3259 5193 3386 5251 elfi-

1795 5312 1922 5378 ciat,
1948 5306 2089 5380 quod
2120 5304 2362 5361 efliceret
2384 5301 2522 5357 bona
2546 5297 2651 5352 vita
2668 5337 2686 5363 ,
2711 5304 2769 5351 ut
2789 5292 2855 5349 ad
2888 5292 3158 5349 hominem
3187 5286 3388 5344 sam-ti-

1799 5379 2063 5460 ticandnm
2102 5396 2314 5470 quando
2357 5391 2585 5449 ministri
2630 5389 2758 5445 latet
2795 5385 3089 5458 iniquitas,
3138 5379 3387 5436 ministra

1803 5497 1913 5551 Duo
1942 5468 2134 5550 militet
2157 5486 2403 5545 falsitas?
2432 5485 2545 5542 Iloc
2570 5493 2740 5540 totum
2767 5479 2908 5546 ideo,
2939 5491 3008 5534 ne
3029 5472 3218 5531 dicatis
3242 5468 3389 5542 quod

1868 5654 1881 5682 ε
1913 5650 2098 5712 aliqum
2119 5654 2244 5701 Mss.
2268 5641 2547 5712 seditionem
2570 5640 2894 5712 1⁵(ιιιιὶοιιειηιεεἶ

1868 5717 1888 5745 ι
1914 5695 2122 5763 ivnge.
2164 5695 2434 5770 mergum
2469 5714 2522 5756 et
2555 5695 2922 5770 (Zygirannenst
2946 5695 3252 5770 restituimus
3290 5695 3398 5750 hac

1811 5759 1981 5836 verba,
2007 5759 2209 5836 defuerit
2228 5759 2338 5822 t'eFa
2360 5767 2473 5829 vita,
2495 5759 2609 5819 tmn':
2619 5759 2748 5819 "nudi
2764 5759 2987 5813 ministri.
