3778 6140
29 244 120 301 501

32 371 77 416 te
99 359 578 418 vehementissime
601 351 969 426 prohibebam,
1000 358 1159 417 quam
1190 343 1240 396 in
1269 338 1424 393 famae
1451 333 1618 426 ipsius

34 458 332 512 falsitatem.
363 451 537 508 Homo
563 422 704 503 enim
729 443 1127 516 qualiscumque
1154 435 1239 498 sit,
1275 436 1530 503 quantum
1553 422 1624 480 ad

33 547 79 602 id
123 544 264 617 quod
305 544 474 598 homo
519 548 602 596 est
638 537 845 598 attinet,
895 531 990 587 Dei
1034 533 1280 584 creatura
1321 528 1406 577 est
1435 536 1449 576 :
1478 517 1623 573 nulla

33 615 155 697 vero
176 638 392 694 falsitas
422 636 514 691 Dei
543 641 787 690 creatura
809 637 910 684 est.
944 627 1132 688 Porro,
1155 620 1202 676 si
1226 615 1521 672 maledictus
1541 617 1626 667 est

34 751 110 806 qui
147 747 294 800 spem
337 745 487 784 suout
527 726 666 797 ponit
721 725 774 778 in
815 719 1036 782 homine,
1077 721 1276 785 quanto
1322 708 1492 779 magis
1535 703 1626 775 qui

37 805 176 897 Spem
225 840 388 879 suam
421 822 570 892 ponit
610 820 665 874 in
704 815 932 872 falsitate
961 808 1228 882 opinionis
1253 805 1528 863 humanae,
1570 806 1628 852 ut

37 891 81 974 in
111 917 235 973 illud
278 891 433 970 aliud
471 913 668 968 incidat
696 907 835 980 quod
861 907 1116 976 scriptum
1158 907 1259 964 est,
1302 894 1404 962 Qui
1437 892 1550 962 ﬁdit
1571 891 1627 944 in

38 1012 170 1082 falsis
192 1051 204 1071 .
251 1009 338 1061 hic
373 1005 533 1078 pascit
571 1011 740 1058 ventos
770 997 955 1070 (Prov.
994 1011 1026 1050 x
1047 1035 1064 1063 ,
1093 993 1152 1062 4)
1179 1005 1192 1045 ῖ
1217 988 1269 1046 id
1299 996 1381 1044 est
1409 984 1468 1041 ﬁt
1504 996 1629 1040 esca

38 1102 309 1175 spiritibus
338 1096 530 1153 malis?

105 1189 337 1248 CAPUT
372 1189 442 1245 Χ.
463 1217 538 1230 —
563 1185 648 1241 10.
679 1185 740 1240 Si
769 1182 976 1248 datum,
1019 1177 1224 1248 inquis,
1255 1190 1287 1227 a
1314 1182 1630 1244 quocumque

40 1300 78 1343 et
110 1284 588 1358 quomodocumque
630 1279 892 1350 Baptisma
931 1271 1147 1329 rescindi
1193 1284 1295 1325 non
1338 1265 1510 1331 debet,
1541 1275 1633 1316 cur

42 1354 144 1451 post
175 1377 449 1432 Joannem
493 1372 720 1446 Apostoli
766 1364 1178 1441 baptisaverunt?
1216 1361 1426 1430 Quanto
1465 1354 1631 1451 vehe:

41 1448 268 1527 tuentius
311 1471 391 1525 ita
441 1467 800 1540 proponitur:
833 1463 887 1520 Si
931 1471 1051 1532 post
1089 1459 1347 1514 Joannem
1393 1448 1634 1523 Apostoli

43 1567 472 1638 baptizaverunt,
499 1579 597 1620 cur
617 1577 723 1617 non
742 1561 902 1616 etiam
925 1563 1046 1628 post
1072 1550 1365 1626 quemlibet
1392 1554 1633 1602 sanctum

44 1660 269 1730 baptizat
294 1658 386 1714 vel
408 1656 597 1712 melior
620 1654 704 1710 vel
729 1649 984 1724 aequalis?
1013 1655 1069 1702 ut
1093 1647 1173 1702 vel
1197 1645 1320 1699 hinc
1341 1638 1638 1730 intelligere

46 1728 278 1824 cogaris,
329 1750 403 1807 ad
450 1751 608 1805 istam
637 1745 985 1819 quaestionem
1027 1755 1132 1796 non
1173 1735 1437 1808 pertinere
1464 1728 1639 1800 bapti-

47 1822 209 1900 smum
237 1842 511 1900 Joannis?
539 1839 606 1895 Et
634 1837 853 1903 Iudaeis,
887 1835 1081 1905 inquis,
1114 1848 1145 1884 a
1173 1827 1351 1900 Moyse
1373 1822 1638 1897 baptizatis

53 1937 225 1993 Petrus
269 1937 430 2002 dixit,
481 1930 875 1996 tPcenitemini,
921 1937 966 1981 et
996 1925 1275 1995 baptizatur
1301 1917 1640 1988 unusquisque

51 2041 256 2085 vestrum
277 2030 336 2084 in
358 2027 564 2083 nomine
599 2023 723 2080 Jesu
749 2021 932 2077 Christi
957 2038 976 2072 ι
1011 2017 1145 2091 (Act.
1186 2030 1222 2070 ιι
1242 2055 1256 2077 .
1289 2009 1401 2085 58).
1432 2009 1488 2064 Si
1516 2021 1639 2078 pro-

55 2136 225 2194 pterea
252 2122 370 2193 jam
415 2117 668 2190 haptizati
709 2123 862 2172 erant
897 2111 1089 2176 Judaei,
1135 2108 1257 2180 quia
1298 2105 1508 2176 Moyses
1549 2115 1642 2170 per

56 2233 193 2272 mare
243 2215 495 2270 Rubrum
541 2220 666 2266 ante
716 2218 823 2264 tam
873 2207 1085 2278 longum
1140 2212 1347 2271 tempus
1395 2203 1644 2269 parentes

59 2323 229 2362 eorum
260 2305 630 2377 baptizaverat
665 2298 858 2375 (Exod.
886 2313 996 2364 xiv,
1024 2292 1146 2370 22);
1179 2293 1268 2364 qui
1294 2292 1359 2346 de
1384 2287 1645 2345 Christia-

61 2401 134 2454 nis
160 2398 453 2470 haptizatis
484 2404 795 2462 nascuntur,
839 2393 956 2448 sine
997 2404 1155 2444 causa
1186 2385 1347 2442 hodie
1375 2384 1647 2454 baptizan-

63 2501 253 2548 turzet
292 2501 477 2546 tamen
521 2489 658 2544 dicis
701 2488 824 2554 ista,
876 2495 928 2540 et
972 2482 1161 2538 scribis
1206 2481 1336 2545 ista;
1367 2476 1566 2532 audiris
1593 2483 1648 2530 et

65 2586 244 2656 legeris
265 2629 282 2654 ,
324 2596 384 2641 et
422 2583 626 2656 putaris
655 2578 982 2652 respondere
1011 2575 1205 2631 litteris
1235 2573 1432 2628 nostris
1455 2586 1468 2622 :
1495 2567 1646 2639 quasi

65 2679 155 2734 hoc
177 2679 246 2734 sit
266 2677 603 2750 respondere
623 2675 880 2747 potuisse,
911 2670 1052 2742 quod
1083 2678 1164 2725 est
1186 2677 1363 2724 tacere
1388 2664 1647 2719 noluisse.

128 2771 355 2828 CAPUT
382 2769 479 2826 XI.
499 2799 569 2810 -—
587 2769 674 2823 11.
717 2765 826 2822 Nec
854 2764 980 2820 illud
1004 2804 1019 2830 ,
1049 2761 1190 2832 quod
1224 2755 1649 2830 praetereundum

68 2875 276 2935 putasti,
310 2862 560 2920 refcllisti
593 2860 855 2933 principio
894 2857 1052 2928 hujus
1080 2851 1355 2924 epistolae,
1387 2850 1526 2904 sicut
1555 2846 1648 2903 tibi

71 2958 290 3025 \ideris,
334 2955 481 3030 quod
510 2971 540 3010 a
571 2969 657 3009 me
697 2953 894 3008 dictum
937 2959 1020 3004 est
1053 2965 1066 3002 :
1098 2946 1158 3002 Si
1195 2943 1428 2998 errabant
1455 2941 1533 2996 illi
1567 2939 1653 3010 qui

71 3048 286 3102 volebant
329 3065 440 3103 esse
482 3046 672 3113 Pauli,
703 3058 816 3115 quae
844 3043 1046 3096 tandem
1087 3055 1201 3110 spes
1243 3052 1414 3092 eorunt
1455 3043 1527 3088 est
1568 3032 1656 3101 qui

75 3141 230 3196 colunt
258 3158 368 3198 esse
398 3140 587 3194 Donati
619 3137 754 3210 (Lib.
787 3137 813 3191 1
851 3142 1027 3189 contra
1049 3131 1268 3186 Litteras
1296 3127 1559 3193 Petiliani,
1596 3142 1650 3179 n.

77 3231 155 3301 5)?
177 3233 302 3302 Quis
324 3233 472 3289 enim
504 3247 610 3286 non
637 3229 815 3284 videat
845 3228 972 3282 hinc
1000 3239 1118 3281 esse
1153 3226 1309 3278 istam
1339 3221 1654 3276 divisionem

79 3329 251 3384 factam
274 3373 287 3394 ,
337 3330 466 3384 hinc
504 3327 771 3397 hodieque
799 3323 852 3378 in
879 3322 982 3377 hac
1010 3328 1156 3391 peste
1184 3317 1465 3389 persistere
1484 3355 1498 3379 ,
1529 3313 1655 3369 dum

81 3421 124 3475 in
149 3421 382 3478 hominis
419 3421 625 3492 justitia
656 3433 781 3490 spes
817 3415 1049 3488 ponitur,
1080 3422 1138 3469 ut
1167 3421 1291 3468 tunc
1317 3411 1387 3465 sit
1409 3417 1656 3478 accepta-

82 3513 188 3570 bilis
216 3517 526 3588 Baptismus
549 3512 749 3570 Christi
773 3553 790 3580 ,
836 3511 879 3566 si
920 3509 987 3565 ab
1015 3508 1233 3564 homine
1259 3505 1405 3576 justo
1433 3503 1659 3574 quisque

83 3609 340 3679 tingatur?
380 3607 582 3665 Contra
629 3621 788 3678 quem
825 3619 1095 3668 errorem,
1140 3600 1396 3656 adversus
1433 3611 1527 3650 eos
1568 3593 1658 3664 qui

81 3700 178 3769 jam
196 3703 485 3759 schismata
508 3709 728 3772 propter
746 3699 958 3754 diversa
979 3695 1165 3752 merita
1189 3691 1460 3747 hominum
1484 3688 1660 3743 facere

85 3805 370 3865 cmperant,
404 3793 602 3850 clamat
638 3793 752 3862 ipse
788 3789 1004 3854 Paulus,
1033 3786 1236 3842 Gratias
1263 3801 1358 3856 ago
1389 3782 1516 3845 Deo,
1543 3780 1662 3851 quia

88 3887 320 3943 neminem
375 3895 595 3942 vestrum
648 3883 931 3954 baptizavi,
984 3896 1047 3934 ne
1088 3879 1200 3944 quis
1248 3877 1382 3930 dicat
1428 3872 1564 3947 quod
1609 3872 1664 3926 in

93 3979 279 4034 nantine
327 3994 443 4033 meo
483 3975 730 4048 baptizavi
761 3973 814 4046 (l
845 3972 962 4027 Cor.
991 3987 1039 4038 ι,
1074 3971 1176 4037 14,
1219 3967 1306 4040 15)
1331 3985 1343 4020 :
1368 3965 1492 4037 quid
1523 3963 1665 4018 aliud

93 4069 382 4136 insinuans,
416 4072 518 4126 nisi
545 4070 813 4140 Baptisms
839 4064 1034 4122 Christi
1063 4078 1168 4118 non
1197 4075 1315 4117 esse
1340 4059 1440 4114 nisi
1465 4057 1582 4128 ejus
1611 4055 1664 4111 in

92 4163 226 4233 cujus
247 4165 467 4220 nomine
492 4162 668 4229 datur,
699 4168 754 4215 et
782 4158 902 4213 ideo
924 4172 1028 4211 non
1056 4154 1169 4211 ﬁeri
1201 4153 1395 4208 melius
1420 4165 1542 4206 cum
1571 4163 1667 4220 per

93 4256 356 4314 meliorem
386 4256 565 4322 datur,
598 4269 697 4309 nec
722 4251 958 4308 deterius
986 4264 1082 4320 per
1108 4242 1468 4302 deteriorem?

158 4350 238 4404 12.
287 4350 512 4406 Frustra
557 4348 738 4416 itaque
782 4344 1036 4412 deinceps
1085 4338 1352 4404 exsultas,
1402 4343 1456 4390 et
1501 4333 1664 4400 dicis,

97 4439 319 4511 Sequitur
343 4451 400 4495 ut
437 4439 607 4495 omnia
635 4439 724 4492 illa
761 4451 876 4509 quae
901 4451 933 4488 α
957 4440 1129 4488 sancto
1156 4429 1410 4484 Petiliano
1438 4427 1547 4494 (seu
1574 4441 1667 4480 cun

91 4534 282 4605 juslibet
320 4550 488 4591 sermo
518 4533 613 4605 est)
642 4532 833 4602 scripta
866 4537 1004 4592 sunt,
1031 4535 1164 4580 recte
1187 4523 1323 4577 dicta
1349 4519 1666 4575 concludam.

101 4627 204 4699 lpsa
228 4632 369 4687 enim
399 4629 560 4685 verba
586 4642 707 4698 quae
737 4624 882 4680 velut
908 4630 1054 4678 recte
1081 4620 1220 4674 dicta
1246 4614 1536 4680 concludis,
1562 4627 1670 4668 non

101 4735 152 4773 se
174 4733 313 4778 recte
342 4720 484 4776 dicta
511 4719 864 4780 convincunt;
894 4713 1016 4784 quia
1047 4726 1143 4767 nec
1169 4707 1474 4764 conscientia
1498 4715 1672 4760 sancte

104 4810 252 4867 dantis
273 4813 574 4874 attenditur,
609 4824 723 4880 qua:
737 4806 908 4862 abluat
933 4803 1377 4875 accipientis,cum
1404 4798 1673 4853 maculosa

106 4899 265 4958 dantis
285 4903 493 4958 occulta
518 4911 619 4956 est.
649 4899 723 4954 lbi
745 4900 938 4964 victus,
965 4910 1089 4952 cum
1109 4892 1318 4949 veritati
1337 4891 1675 4960 acquiescere

109 4989 388 5061 debuisses,
415 4993 483 5048 ad
514 4991 702 5048 falsam
737 4990 852 5060 ejus
895 4990 1110 5051 famam,
1146 4995 1393 5054 tanquam
1424 4981 1488 5034 ad
1515 4979 1673 5035 dece-

112 5092 241 5152 ptum
282 5085 566 5142 mendacio
612 5083 875 5138 infelicem
909 5078 1143 5150 judicetn
1195 5072 1493 5145 provocasti
1519 5089 1530 5124 :
1555 5070 1676 5141 quia

111 5190 265 5247 neque
287 5177 580 5234 attenditur
604 5173 946 5237 conscientia,
972 5169 1181 5242 quando
1204 5168 1342 5222 fama
1365 5165 1482 5235 ejus
1503 5174 1676 5218 atten-

114 5269 263 5340 ditur,
292 5285 346 5331 et
372 5281 480 5328 tam
511 5286 618 5326 non
647 5277 825 5342 potest
852 5266 981 5322 falsa
1010 5265 1320 5336 cujusquam
1353 5260 1491 5315 fama
1519 5274 1678 5330 quam

117 5377 200 5418 nec
225 5367 361 5422 mala
388 5367 494 5421 vita
527 5364 754 5435 quisque
783 5359 1057 5424 mundari;
1087 5366 1140 5412 et
1165 5370 1324 5411 nemo
1353 5353 1508 5408 (idem
1539 5352 1680 5407 chri-

120 5454 320 5512 stianam
356 5455 520 5512 sumit
544 5455 613 5510 ab
641 5453 888 5517 homine,
919 5465 1018 5506 nec
1044 5447 1247 5520 perﬁdo
1268 5460 1367 5501 nec
1397 5441 1557 5511 fideli,
1588 5442 1681 5498 scd

122 5544 178 5600 ab
215 5549 298 5606 illo
339 5550 410 5606 de
445 5563 553 5620 quo
593 5547 851 5616 scriptum
897 5552 1014 5606 est,
1059 5540 1190 5594 Fide
1234 5539 1485 5593 mandans
1528 5535 1684 5590 corda

123 5652 272 5696 eorum
310 5641 443 5711 (Act.
490 5655 582 5707 xv,
626 5636 707 5708 9).
753 5635 851 5703 Qui
897 5633 943 5690 si
985 5648 1079 5704 per
1127 5630 1335 5685 fidelem
1373 5628 1518 5683 audit
1557 5626 1684 5697 quid

125 5732 428 5793 credendum
467 5733 558 5802 sit,
589 5747 712 5789 eum
740 5729 952 5803 quidem
995 5726 1250 5793 imitatur,
1283 5739 1390 5781 non
1415 5731 1589 5778 tamen
1617 5722 1684 5778 ab

1381 219 1587 277 LIBER
1625 216 1942 274 TERTIUS.

3209 221 3315 282 502

1727 346 1794 386 eo
1831 329 2171 401 justiﬁestur.
2212 330 2344 386 Nam
2387 333 2432 387 si
2475 332 2720 389 minister
2752 334 3000 404 justiticat
3040 335 3307 406 impium,

1727 437 2060 494 consequens
2083 431 2166 481 est
2184 431 2241 480 ut
2260 425 2420 482 etiam
2448 424 2500 480 in
2521 426 2822 481 ministrum
2855 433 2997 482 recte
3023 427 3309 487 credatur:

1726 516 2018 587 apostolica
2044 517 2242 588 quippe
2267 517 2408 572 clara
2433 527 2487 574 et
2510 530 2656 574 certa
2677 519 2937 574 sententia
2955 527 3055 584 est,
3073 517 3311 574 Credenti

1727 607 1779 663 in
1807 625 1920 663 eum
1952 609 2040 682 qui
2078 609 2330 681 justi/ictu
2366 611 2607 681 impium,
2649 611 2919 680 deputatur
2954 611 3078 680 ﬁdes
3104 612 3215 682 ejus
3245 612 3316 665 ad

1717 700 1974 769 justitiam
2004 699 2177 772 (Rom.
2205 716 2280 768 ιν,
2307 701 2386 773 5).
2409 700 2657 768 Proinde,
2685 701 2730 756 si
2747 701 2990 756 minister
3013 716 3119 756 non
3152 701 3314 757 audet

1729 792 1926 862 dicere,
1948 793 2122 849 Crede
2150 793 2202 849 in
2231 809 2346 861 me;
2378 810 2484 851 non
2513 794 2921 864 audeatdicere,
2939 794 3251 851 Justiﬁcaris
3283 809 3318 849 a

1731 901 1837 942 me.

1804 979 1892 1036 15.
1921 978 2038 1035 Jam
2067 994 2195 1035 vero
2221 980 2364 1051 quod
2393 981 2636 1051 sequitur
2655 1021 2672 1050 ,
2715 979 2893 1036 Omnis
2932 997 3013 1036 res
3053 981 3244 1053 origine
3268 990 3315 1036 et

1732 1071 1905 1127 radice
1940 1072 2198 1138 consistit;
2223 1083 2270 1127 et
2297 1074 2341 1128 si
2369 1081 2522 1144 caput
2560 1089 2664 1128 non
2707 1073 2884 1128 habeat
2913 1071 3107 1144 aliquid
3127 1116 3142 1142 ,
3183 1071 3313 1129 nihil

1733 1164 1915 1219 est:si
1955 1165 2105 1236 origo
2143 1174 2200 1220 et
2227 1165 2378 1220 radix
2418 1174 2474 1222 et
2515 1174 2674 1237 caput
2713 1167 2995 1236 baptizati,
3041 1168 3317 1237 haptlzans

1734 1257 1979 1313 minister
2016 1267 2135 1325 est,
2182 1255 2427 1314 Christus
2454 1274 2560 1313 non
2591 1269 2702 1325 est;
2735 1259 2780 1314 si
2805 1257 3052 1314 Christus
3079 1269 3161 1314 est
3182 1305 3196 1328 ,
3231 1255 3319 1315 ille

1737 1368 1847 1409 non
1875 1361 1976 1410 est.
2019 1353 2262 1424 Denique
2302 1369 2424 1408 cum
2455 1353 2696 1408 minister
2725 1351 2963 1408 occultus
2992 1362 3073 1408 est
3111 1354 3316 1420 malus,

1737 1459 1856 1515 quas
1881 1445 2050 1514 origo,
2090 1459 2210 1516 quae
2235 1443 2409 1511 radix,
2456 1444 2600 1516 quod
2641 1452 2800 1514 caput
2838 1451 2922 1498 est
2944 1442 3230 1514 haptizati?
3253 1455 3324 1497 an

1739 1535 1872 1592 falsa
1916 1536 2033 1607 ejus
2075 1535 2250 1592 fama?
2288 1536 2401 1591 Hoc
2443 1535 2657 1606 quidem
2691 1534 3015 1590 Cresconius
3039 1534 3197 1603 dicit,
3229 1535 3328 1590 sed

1739 1631 1937 1686 veritas
1979 1630 2314 1686 contradicit.
2357 1631 2498 1702 Ergo
2543 1631 2586 1687 si
2630 1639 2756 1686 tunc
2790 1632 2941 1702 origo
2963 1631 2980 1663 ί
3009 1639 3067 1686 et
3095 1630 3242 1685 radix
3273 1639 3327 1684 et

1741 1732 1900 1792 caput
1926 1721 2172 1779 Christus
2199 1731 2312 1789 est;
2355 1723 2470 1792 ipse
2505 1731 2588 1778 est
2631 1722 2792 1777 etiam
2835 1719 3048 1792 quando
3085 1720 3328 1775 minister

1743 1823 1826 1871 est
1864 1815 2056 1882 bonus,
2078 1829 2166 1879 ne,
2211 1814 2354 1884 quod
2396 1812 2836 1870 absurdissimum
2882 1823 2984 1876 est,
3030 1811 3220 1866 melior
3256 1810 3329 1866 sit

1743 1910 1978 1966 conditio
2032 1909 2285 1979 baptizati
2335 1923 2432 1979 per
2494 1907 2761 1962 occultum
2817 1907 3013 1960 malum
3041 1945 3055 1969 ,
3113 1902 3328 1974 quando

1743 1999 1988 2058 Christus
2016 2009 2100 2056 est
2140 2007 2333 2070 caput,
2381 2012 2539 2069 quam
2580 1997 2826 2068 baptizati
2869 2011 2964 2067 per
2993 1996 3328 2049 manifestum

1745 2094 1979 2161 bonum,
2027 2092 2072 2147 si
2116 2099 2242 2147 tunc
2282 2091 2524 2147 minister
2551 2097 2634 2145 est
2661 2097 2838 2158 caput.
2868 2087 2982 2142 Hoc
3016 2094 3072 2142 et
3094 2086 3162 2140 de
3187 2086 3329 2140 bono

1751 2187 1958 2244 semine
1983 2185 2230 2240 dixerim.
2271 2183 2523 2254 Sequitur
2547 2182 2688 2236 enim
2710 2219 2725 2246 ,
2770 2179 2880 2233 Nec
2907 2179 3180 2252 quidquam
3208 2177 3331 2232 bene

1749 2286 2029 2352 regenerat,
2061 2277 2158 2330 nisi
2185 2276 2314 2330 bono
2339 2275 2523 2330 semine
2550 2281 2885 2344 regeneretur.

1823 2375 1909 2430 M.
1950 2375 2081 2445 Quae
2106 2389 2236 2429 vero
2276 2379 2570 2442 sequuntur
2606 2385 2672 2425 ex
2714 2368 2936 2439 epistola
2968 2365 3208 2423 Petiliani
3237 2365 3334 2422 abs

1752 2476 1806 2524 te
1838 2470 2026 2538 posita,
2060 2468 2149 2523 ubi
2179 2469 2254 2522 ait
2282 2465 2418 2535 (Lib.
2447 2467 2472 2520 1
2507 2474 2681 2519 contra
2707 2463 2924 2518 Litteras
2953 2460 3212 2528 Petiliani,
3243 2476 3335 2514 nn.

1753 2559 1808 2624 8,
1835 2558 1915 2630 9),
1940 2558 2068 2626 ρυω
2091 2558 2289 2612 cumita
2313 2556 2435 2620 sint,
2461 2558 2657 2626 fratres,
2684 2570 2797 2623 qua:
2822 2562 2982 2626 potest
3009 2569 3115 2608 esse
3142 2542 3342 2624 perver-

1751 2649 1896 2713 sitas,
1918 2658 1974 2703 ut
1999 2649 2086 2719 qui
2112 2649 2218 2703 suis
2241 2647 2534 2702 criminibus
2562 2664 2677 2700 reus
2700 2655 2791 2712 est,
2823 2646 2980 2699 alium
3007 2645 3164 2716 faciat
3185 2645 3338 2697 inno-

1754 2749 1975 2807 centem,
2015 2757 2129 2795 cum
2161 2739 2405 2808 scriptum
2441 2740 2524 2805 sit,
2561 2756 2580 2790 ‹
2616 2737 2777 2792 Arbor
2806 2740 2934 2792 bona
2963 2736 3118 2791 bonos
3145 2741 3341 2807 fructus

1755 2833 1918 2904 facit;
1941 2841 1987 2888 et
2015 2833 2165 2888 arbor
2189 2832 2326 2887 mala
2353 2831 2516 2886 malos
2543 2832 2738 2901 fructus
2768 2829 2928 2902 facit?
2952 2828 3214 2901 Numquid
3235 2828 3342 2882 col-

1758 2925 1919 2999 ligunt
1955 2925 2018 2980 de
2044 2925 2204 2997 spinis
2231 2941 2354 2980 uvas
2387 2945 2406 2977 ι
2441 2923 2654 2998 (Matth.
2682 2939 2776 2990 vn,
2800 2923 2889 2988 17,
2912 2921 3035 2993 i6)?
3061 2931 3108 2975 et
3134 2922 3338 2987 iterum,

1764 3036 1784 3070 ι
1817 3018 1994 3073 Omnis
2033 3019 2182 3072 homo
2221 3017 2378 3072 bonus
2415 3017 2478 3070 de
2518 3018 2750 3070 thesauro
2783 3015 2952 3070 cordis
2992 3014 3072 3069 sui
3110 3013 3344 3085 producit

1759 3112 1923 3177 bona;
1950 3121 1998 3166 et
2034 3113 2201 3166 malus
2242 3111 2393 3166 homo
2433 3110 2497 3164 de
2540 3109 2774 3163 thesauro
2821 3106 2986 3162 cordis
3029 3107 3108 3162 sui
3149 3108 3346 3178 profert

1760 3208 1899 3262 mala
1932 3223 1952 3259 s
1987 3204 2098 3280 (Id.
2129 3221 2222 3272 χιι,
2243 3205 2339 3276 55)
2363 3221 2376 3257 :
2404 3203 2534 3258 satis
2558 3211 2845 3271 aperteque
2871 3199 3211 3264 convincunt,
3237 3198 3341 3252 Pe-

1765 3299 2003 3354 tilianum
2045 3297 2162 3352 haec
2197 3296 2373 3350 omnia
2412 3310 2518 3350 non
2555 3293 2799 3349 retulisse
2827 3292 2928 3347 nisi
2968 3291 3035 3346 ad
3075 3290 3344 3345 hominem

1763 3405 1860 3461 per
1885 3403 2043 3460 quem
2065 3387 2365 3459 Baptismus
2393 3385 2742 3448 ministratur,
2771 3395 2829 3438 ut
2856 3383 2972 3453 ipse
2999 3383 3341 3452 intelligatur,

1762 3485 1810 3540 si
1857 3484 2110 3538 innocens
2155 3489 2258 3548 est,
2298 3479 2474 3535 facere
2518 3479 2854 3533 innocentem
2891 3490 3049 3546 quem
3080 3474 3343 3545 baptizat;

1762 3574 1880 3645 ipse
1907 3573 1976 3628 sit
2001 3572 2137 3627 bona
2167 3570 2347 3638 arbor,
2374 3569 2528 3640 cujus
2557 3568 2758 3624 fructus
2786 3566 2854 3621 sit
2881 3566 2973 3637 qui
3011 3564 3342 3634 baptizatur;

1764 3667 1882 3738 ipse
1924 3665 2098 3723 bonus
2134 3663 2317 3730 homo,
2348 3662 2417 3718 de
2445 3661 2598 3732 cujus
2624 3659 2800 3716 cordis
2829 3658 3078 3714 thesauro
3108 3653 3349 3727 procedit

1766 3757 2114 3816 sanctiﬁcatio
2147 3754 2418 3828 haptizati.
2443 3755 2524 3812 Ac
2551 3769 2646 3823 per
2674 3753 2776 3809 hoc
2810 3767 2930 3807 cum
2973 3751 3073 3805 iste
3107 3748 3349 3805 occultus

1767 3862 1852 3910 est
1875 3852 2066 3918 malus,
2088 3850 2176 3907 die
2195 3849 2347 3918 mihi,
2374 3865 2404 3904 a
2429 3862 2537 3919 quo
2566 3848 2625 3902 iit
2647 3846 2736 3901 ille
2765 3843 3058 3901 innocens?
3083 3841 3170 3898 die
3195 3839 3348 3906 mihi,

1769 3945 1922 4017 cujus
1959 3944 2062 3999 erit
2097 3943 2304 3998 arboris
2341 3940 2584 3996 lructus?
2609 3939 2695 3993 die
2721 3937 2872 4005 mihi,
2900 3936 2968 3992 de
2994 3936 3149 4006 cujus
3174 3932 3352 3990 cordis

1769 4038 2022 4094 thesauro
2049 4033 2464 4090 sanctiﬁcabitur
2492 4031 2824 4103 baptizatus?
2849 4031 2956 4085 Aut
2981 4030 3026 4084 si
3063 4038 3188 4084 tunc
3219 4026 3352 4083 effe-

1769 4139 1972 4187 ctorem
2001 4127 2317 4183 innocentiae
2341 4139 2471 4190 suae,
2498 4134 2624 4179 tunc
2647 4123 2890 4179 arborem
2915 4121 2984 4177 de
3009 4136 3109 4191 qua
3145 4120 3352 4175 fructus

1769 4223 1943 4279 bonus
1982 4229 2250 4284 nascatur,
2300 4233 2404 4271 non
2454 4216 2722 4270 hominem
2768 4213 3067 4268 ministrum
3097 4211 3354 4279 Baptismi

1770 4323 2009 4370 meretur
2031 4311 2250 4374 habere,
2279 4307 2370 4363 sed
2395 4304 2666 4362 Christum
2690 4320 2705 4371 ;
2734 4303 2941 4359 felicius
2971 4302 3154 4358 incidit
3181 4302 3234 4356 in
3261 4300 3355 4356 mi-

1772 4406 1998 4462 nistrum
2042 4402 2292 4456 latentem
2335 4397 2563 4462 malum,
2595 4411 2750 4465 quam
2781 4396 2824 4450 si
2855 4395 3127 4450 incidisset
3155 4392 3210 4448 iu
3235 4406 3356 4447 ma-

1773 4498 2022 4555 nifestum
2051 4495 2270 4550 bonum.
2292 4491 2444 4560 Quod
2472 4491 2516 4545 si
2542 4488 2922 4545 absurdissime
2946 4497 3104 4558 atque
3131 4486 3358 4541 insanis-

1774 4591 1911 4647 sime
1951 4587 2166 4650 dicitur,
2207 4584 2402 4640 Christi
2446 4582 2649 4638 fructus
2690 4590 2772 4637 est
2812 4581 2902 4652 qui
2941 4579 3058 4650 ejus
3087 4579 3358 4649 Baptismo

1777 4681 2170 4747 sanctificatur,
2216 4676 2498 4748 cujuslibet
2545 4675 2772 4730 ministri
2827 4688 2989 4744 opere
3040 4672 3356 4742 baptizetur.

1775 4776 1890 4832 Nisi
1920 4777 2054 4828 forte
2082 4771 2150 4827 ad
2174 4769 2453 4827 consilium
2489 4777 2636 4823 tuum
2677 4780 2989 4822 recursurus
3017 4775 3119 4830 est,
3147 4763 3360 4836 quando

1777 4867 2064 4928 incurrerit
2092 4866 2146 4921 in
2171 4864 2402 4920 ministri
2433 4863 2809 4919 conscientiam
2843 4859 3166 4914 maculosam
3192 4865 3246 4913 et
3269 4870 3362 4912 oc-

1778 4968 1999 5030 cultam,
2025 4970 2082 5017 ut
2105 4962 2153 5017 ei
2180 4961 2246 5015 de
2266 4975 2367 5029 qua
2393 4966 2641 5013 nascatur
2660 4955 2902 5010 arborem
2929 4953 3199 5019 ostendas,
3229 4951 3363 5007 falso

1781 5060 1976 5116 bonam
1998 5055 2120 5110 mali
2144 5053 2376 5108 hominis
2397 5051 2588 5104 famam
2613 5066 2628 5104 :
2651 5048 2800 5118 cujus
2830 5047 3060 5103 radicem
3076 5047 3362 5118 siqumsie-

1784 5152 1879 5213 ris,
1910 5147 2150 5204 invenies
2178 5143 2407 5200 fallentis
2427 5142 2706 5206 astutiam;
2734 5140 2800 5195 de
2821 5153 2921 5210 qua
2952 5140 2994 5194 si
3025 5149 3197 5209 potest
3219 5139 3364 5192 nasci

1785 5244 1989 5299 fructus
2019 5239 2211 5299 bonus,
2242 5233 2382 5305 quod
2412 5233 2570 5299 absit,
2597 5232 2846 5286 mentitus
2877 5241 2958 5285 est
2981 5229 3244 5295 Christus,
3275 5229 3366 5298 qui

1786 5336 1940 5401 dixit,
1973 5331 2092 5386 Non
2122 5338 2278 5400 potest
2306 5325 2454 5380 arbor
2479 5325 2617 5380 mala
2641 5325 2834 5394 {ructas
2856 5324 3010 5379 benos
3039 5324 3207 5394 facere
3233 5323 3253 5394 (
3277 5319 3344 5373 Id
3417 5395 3422 5400 _

1853 5541 1870 5571 ι
1894 5543 2024 5584 bove
2043 5539 2165 5592 Ergo
2200 5533 2245 5578 et
2269 5532 2378 5576 tunc
2399 5522 2551 5592 origo,
2577 5534 2670 5576 etc.
2696 5531 2865 5592 Postea
2887 5533 2995 5592 cum
3009 5519 3125 5592 aliis
3148 5515 3369 5592 editioni-

1787 5603 1880 5653 bus
1896 5580 2002 5646 ltiti.
2027 5600 2078 5643 et
2101 5580 2192 5639 Era:
2232 5598 2338 5652 Ipse
2359 5593 2438 5653 est
2468 5580 2828 5653 Epimquando
2858 5580 3368 5653 minister_est.bon_us.

1789 5645 2003 5726 ist—patilo
2015 5661 2124 5726 post
2141 5645 2340 5726 habent,
2363 5649 2406 5704 si
2421 5648 2532 5703 huic
2551 5645 2768 5702 minister
2789 5654 2860 5700 est
2882 5651 3042 5710 caput.
3067 5645 3369 5709 casugantur

1796 5718 2232 5779 ex'manuscriptis.
