3778 6188
391 250 502 304 ἵὶῦῖῦ

397 379 492 428 vn,
523 363 634 435 18).
660 363 766 419 Sed
795 364 916 434 quia
945 374 1128 415 verum
1154 359 1288 414 dixit
1314 355 1580 421 Christus,
1613 352 1806 408 habeat
1828 349 1991 406 homo

403 458 578 513 bonus
603 467 852 528 tanquam
880 455 1017 510 bona
1047 451 1207 507 arbor
1230 451 1427 506 bonum
1456 447 1710 511 fructum,
1739 457 1874 516 opus
1899 443 1993 499 bo-

400 567 567 617 num;
595 551 731 606 sicut
757 550 916 604 homo
946 547 1118 603 malus
1152 554 1402 614 tanquam
1435 540 1572 597 mala
1599 539 1761 595 arbor
1793 539 1993 594 malum

401 644 654 706 fructum,
683 658 815 714 opus
844 641 1040 696 malum
1068 638 1194 710 :qui
1223 646 1401 693 autem
1440 634 1757 706 baptizatur,
1788 647 1895 689 non
1925 631 1996 689 de

402 735 718 805 cujusquam
760 733 991 788 hominis
1010 775 1026 799 ,
1053 730 1149 786 sed
1175 729 1245 784 de
1273 728 1460 799 spiritu
1494 725 1692 783 Christi
1720 733 1992 792 nascatur,

397 829 448 882 si
489 827 600 882 vult
641 841 759 882 esse
804 826 1005 882 fructus
1046 824 1135 894 qui
1169 830 1326 879 vento
1369 836 1476 876 non
1515 827 1910 891 corrumpatur,
1941 828 1996 875 et

402 921 566 976 arbor
589 936 709 991 quae
738 935 844 975 non
877 918 1196 976 eradicetur.
1221 916 1352 985 Qua:
1379 931 1502 971 cum
1531 915 1602 970 ita
1632 914 1757 980 sint,
1785 929 1907 970 cum
1938 922 1997 970 tu

402 1010 625 1072 dixeris,
649 1009 790 1081 Ergo
819 1011 1039 1082 sequitur
1068 1018 1120 1062 ut
1147 1008 1318 1063 omnia
1343 1022 1458 1078 qua
1484 1023 1515 1060 a
1538 1015 1712 1061 sancto
1741 1005 1996 1061 Petiliano

403 1106 424 1174 (
449 1121 538 1158 seu
563 1105 831 1177 cujuslibet
855 1120 1020 1160 sermo
1041 1113 1112 1159 est
1133 1104 1154 1177 )
1183 1104 1375 1174 scripta
1400 1111 1536 1170 sunt,
1563 1111 1694 1157 recte
1717 1101 1852 1155 dicta
1878 1117 1998 1155 con-

403 1195 612 1249 cludant
645 1211 664 1249 :
693 1203 823 1266 puto
851 1195 974 1265 quia
1003 1208 1104 1266 ego
1140 1195 1318 1266 potius
1359 1193 1447 1248 illa
1489 1192 1665 1250 omnia
1705 1207 1812 1248 non
1851 1199 1998 1248 recte

403 1288 546 1344 dicta
575 1289 857 1346 concludo.

481 1381 710 1438 CAPUT
764 1380 882 1437 XII.
924 1382 1120 1437 -15.
1160 1381 1276 1437 Jam
1331 1395 1473 1436 nunc
1527 1379 1803 1436 videamus
1855 1379 1999 1451 quod

409 1474 608 1532 deinde
637 1475 691 1530 in
722 1475 947 1545 epistola
976 1484 1062 1529 tua
1090 1474 1428 1540 contexuisti,
1453 1471 1722 1545 quomodo
1749 1481 1800 1528 te
1820 1471 1999 1543 Optati

411 1583 629 1624 causam
672 1578 724 1625 et
767 1569 1297 1636 Maximianistarum,
1326 1569 1584 1638 quinimo,
1609 1576 1669 1622 ut
1697 1568 1794 1623 abs
1819 1576 1872 1623 te
1899 1566 2002 1623 do-

412 1662 550 1717 ctior
577 1661 720 1730 ﬁam,
752 1662 1243 1718 Maximianensium
1267 1704 1282 1728 ,
1314 1661 1477 1717 vestri
1504 1661 1817 1718 docuerunt.
1842 1661 1909 1717 Et
1935 1661 2003 1718 de

411 1756 608 1828 Optato
635 1756 872 1827 quidem,
905 1756 972 1812 de
997 1771 1104 1828 quo
1133 1755 1268 1813 nihil
1294 1756 1656 1826 conscriptum
1681 1755 1834 1811 valeo
1860 1755 2000 1810 reci-

409 1861 550 1916 tare,
579 1849 854 1922 quodlibet
881 1851 1102 1918 sentias,
1133 1847 1288 1904 facile
1312 1848 1465 1904 cedo.
1492 1848 1668 1904 Unum
1697 1847 1826 1902 illud
1856 1848 2001 1904 scio:

413 1943 462 1996 si
487 1957 610 1998 vera
637 1951 758 1997 sunt
781 1958 902 2012 quae
926 1942 994 1997 de
1023 1941 1135 2007 illo,
1155 1950 1213 1996 ut
1237 1956 1343 1996 non
1375 1940 1548 1996 dicam
1562 1940 2000 2005 ostendebantur,

412 2043 561 2090 certe
587 2042 764 2089 tamen
795 2033 1125 2098 dicebantur,
1159 2047 1261 2088 nec
1289 2033 1406 2103 ipse
1433 2040 1550 2089 erat
1573 2033 1766 2100 bonus,
1794 2047 1894 2087 nec
1922 2031 2005 2086 fa-

415 2141 556 2181 mam
599 2127 826 2182 habebat
869 2127 1098 2191 bonam;
1128 2125 1268 2180 unde
1292 2127 1613 2196 quicumque
1637 2139 1732 2195 per
1759 2139 1881 2180 eum
1909 2124 2007 2179 ba-

417 2221 598 2292 ptizati
645 2229 790 2286 sunt,
834 2235 934 2276 nec
971 2219 1298 2275 conscientia
1328 2220 1445 2290 ejus
1474 2218 1764 2274 secundum
1795 2219 2009 2274 Petilia-

415 2329 565 2377 num,
589 2327 688 2368 nec
709 2311 847 2366 fama
872 2312 988 2381 ejus
1007 2310 1298 2366 secundum
1330 2318 1404 2377 te,
1434 2310 1575 2365 ablui
1601 2319 1886 2381 potuerunt
1915 2329 1930 2367 :
1963 2311 2010 2368 si

414 2413 595 2461 autem
647 2403 776 2459 falsa
827 2403 962 2457 mala
1010 2404 1144 2474 ejus,
1194 2402 1332 2458 sicut
1377 2417 1523 2474 saepe
1567 2403 1787 2471 assolet,
1830 2404 2010 2461 invida

414 2497 557 2551 fama
582 2495 839 2566 jactavit;
872 2494 998 2551 vide
1025 2510 1184 2566 quam
1212 2503 1362 2551 recte
1389 2509 1497 2551 non
1526 2494 1682 2552 facile
1704 2496 2007 2568 credamus,

419 2587 563 2660 quod
602 2602 871 2659 nunquam
909 2587 1062 2644 nobis
1102 2587 1171 2643 de
1215 2586 1558 2643 traditoribus
1585 2601 1720 2658 quos
1746 2589 2012 2645 accusatis

420 2679 648 2751 probare
690 2680 939 2750 potuistis
973 2697 988 2733 :
1027 2679 1150 2750 quia
1191 2679 1329 2734 solet
1373 2679 1534 2734 etiam
1576 2677 1645 2734 de
1681 2678 1837 2734 bonis
1870 2680 2010 2735 mala

417 2772 560 2828 fama
601 2771 835 2827 mentiri.
866 2769 922 2826 Si
966 2785 1096 2841 ergo
1138 2786 1244 2826 non
1288 2769 1498 2827 illorum
1546 2771 1871 2838 innocentia,
1902 2787 2011 2828 non

419 2865 673 2936 denique,
692 2863 832 2935 quod
862 2877 1045 2920 verum
1080 2872 1240 2934 atque
1268 2862 1480 2918 ﬁrmum
1512 2871 1616 2930 est,
1645 2863 1738 2918 Dei
1767 2865 1934 2934 gratia
1959 2873 2016 2920 et

422 2973 530 3013 non
560 2965 741 3013 nostra
771 2955 1098 3012 conscientia
1128 2957 1145 2987 ¹
1174 2963 1347 3009 ratum
1379 2953 1534 3010 nobis
1562 2954 1893 3026 Baptismum
1929 2954 2013 3010 fa-

420 3051 517 3117 cit,
546 3047 704 3104 faciat
725 3047 914 3102 saltem
941 3046 1206 3102 sententia
1235 3053 1347 3100 tua.

442 3199 466 3224 I
493 3138 720 3196 CAPUT
757 3137 893 3194 Xlll.
934 3165 1007 3179 —-
1044 3137 1133 3192 16.
1173 3137 1254 3192 Tu
1284 3137 1425 3193 enim
1452 3151 1576 3192 cum
1610 3136 1678 3192 de
1708 3135 1902 3209 Optato
1929 3137 2013 3193 lo-

421 3232 665 3305 quereris
690 3230 892 3297 dixisti,
922 3229 1034 3300 Ego
1062 3230 1263 3303 quidem
1291 3227 1538 3300 Optatum
1561 3245 1650 3284 nec
1673 3228 1899 3298 absolvo,
1923 3246 2016 3285 nec

421 3325 626 3379 damno.
658 3321 713 3379 Si
753 3323 854 3378 hoc
882 3337 1004 3394 ego,
1032 3322 1140 3377 imo
1166 3337 1272 3377 non
1303 3329 1510 3377 tantum
1539 3336 1658 3392 ego,
1701 3321 1796 3377 sed
1839 3322 2016 3378 omnis

421 3417 672 3474 Africana
727 3415 989 3472 catholica
1044 3414 1327 3480 Ecclesia;
1377 3423 1576 3485 quanto
1628 3415 1797 3485 magis
1853 3415 2016 3470 etiam

422 3511 780 3567 transmarina
819 3517 926 3564 tam
968 3509 1124 3579 longe
1165 3509 1378 3580 lateque
1405 3507 1618 3574 diﬁ'usa,
1640 3508 1708 3564 de
1727 3509 2016 3566 Caeciliano

421 3610 476 3658 et
501 3602 621 3672 ejus
639 3601 1035 3657 ordinatoribus
1055 3600 1217 3666 dicat,
1237 3600 1352 3672 Ego
1381 3600 1501 3655 illos
1527 3615 1628 3655 nec
1651 3600 1893 3668 absolvo,
1917 3615 2016 3658 nec

422 3696 661 3752 damno?
688 3696 953 3751 Parumne
979 3702 1135 3765 putas
1181 3709 1302 3750 esse
1345 3693 1450 3748 illis
1467 3708 1604 3764 quos
1633 3693 1670 3748 ii
1707 3694 2014 3764 baptizave-

421 3797 568 3855 runt,
603 3802 826 3858 quorum
864 3801 1024 3842 nemo
1059 3802 1290 3857 unquam
1318 3786 1660 3842 Caecilianum
1688 3787 1840 3854 vidit,
1871 3789 2012 3858 quod

423 3883 492 3937 de
517 3881 713 3950 Optato
741 3879 990 3936 sufﬁcere
1013 3880 1190 3935 credis
1215 3880 1295 3935 eis
1317 3895 1453 3949 quos
1476 3878 1567 3933 ille
1588 3879 1749 3934 etiam
1774 3881 1886 3936 suis
1905 3896 2017 3935 ma-

423 3972 586 4028 nibus
609 3971 934 4040 baptizavit?
955 3972 1038 4025 An
1065 3971 1186 4040 quia
1212 3970 1279 4025 de
1301 3969 1590 4026 Caeciliano
1616 3979 1892 4040 parentum
1920 3987 2015 4027 ve-

425 4073 661 4121 strorum
687 4062 972 4120 concilium
1004 4063 1260 4127 recitatis,
1288 4062 1356 4118 de
1379 4061 1574 4132 Optato
1609 4071 1785 4117 autem
1815 4063 2016 4119 nullum

424 4157 685 4214 recitatur
709 4171 740 4212 a
771 4155 959 4220 nobis;
988 4154 1108 4210 ideo
1131 4162 1284 4225 putas
1314 4154 1445 4209 nulli
1478 4165 1718 4209 nostrum
1748 4155 1910 4211 licere
1938 4155 2018 4210 di-

425 4265 572 4318 cere,
597 4249 714 4321 Ego
736 4247 1080 4305 Cmcilianum
1110 4262 1210 4303 nec
1229 4246 1468 4313 absolvo,
1493 4261 1594 4302 nec
1615 4246 1810 4302 damno
1835 4265 1849 4302 :
1875 4247 2018 4319 quod

426 4345 520 4402 tibi
569 4343 715 4400 licuit
752 4342 821 4399 de
857 4341 1092 4412 Optato?
1121 4339 1227 4397 Sed
1267 4339 1465 4396 factum
1493 4349 1576 4396 est
1611 4355 1708 4411 pro
1734 4340 2019 4396 Carciliano

425 4437 692 4508 posterius
727 4435 984 4506 judicium
1026 4433 1442 4489 transmarinum
1469 4435 1489 4464 ²
1517 4430 1616 4504 (a),
1649 4432 1842 4487 vestris
1877 4432 2020 4503 apud

425 4530 834 4590 Constantinum
864 4529 1242 4598 imperatorem
1273 4536 1330 4581 ut
1360 4525 1512 4580 ﬁeret
1539 4525 1880 4579 instantibus.
1913 4525 2019 4580 Aut

425 4626 471 4681 si
510 4621 872 4680 ecclesiastica
911 4618 1130 4690 judicia,
1164 4633 1282 4688 quae
1310 4617 1461 4689 prius
1493 4614 1628 4672 facta
1669 4614 1885 4684 fuerint,
1909 4615 2019 4686 jam

427 4717 655 4774 convelli
683 4731 790 4772 non
818 4721 1076 4786 possunt;
1103 4710 1233 4782 quid
1258 4709 1325 4766 de
1351 4710 1620 4766 Primiano
1650 4709 1837 4766 facturi
1866 4713 2017 4777 estis,

426 4819 610 4867 vestro
651 4809 902 4880 episcopo
942 4802 1371 4875 Carthaginensi,
1415 4811 1603 4857 contra
1643 4817 1801 4872 quem
1849 4803 2021 4873 primo

428 4909 664 4966 centum,
693 4900 872 4969 plures
900 4898 1083 4967 utique
1121 4911 1279 4967 quam
1320 4893 1389 4949 de
1427 4893 1711 4950 Caeciliano
1749 4895 2022 4965 judicave-

428 5003 558 5049 runt
585 4990 686 5062 (ὁ),
711 4992 870 5063 eique
899 4991 1156 5061 abrogato
1181 4988 1490 5058 episcopatu
1520 4985 1893 5043 Maximianum
1925 5004 2022 5059 pro

431 5087 522 5142 illo
549 5084 968 5142 constituerunt?
995 5083 1184 5139 Nonne
1213 5079 1515 5136 Primianus
1543 5079 1840 5150 posteriore
1873 5079 2020 5151 judi-

429 5180 516 5236 cio
562 5177 766 5242 nititur,
808 5174 952 5247 quod
994 5190 1091 5245 pro
1129 5174 1221 5231 illo
1258 5171 1457 5229 factum
1495 5181 1580 5228 est
1615 5171 1669 5226 in
1703 5172 1898 5242 oppido
1922 5171 2022 5226 Ba—

456 5366 592 5466 iptﬂtp
614 5366 759 5422 Mss,
803 5365 852 5410 et
888 5363 1054 5410 nostra
1074 5355 1396 5419 conscientia;
1435 5355 1613 5406 omissa
1651 5360 1868 5417 negante
1909 5366 2022 5418 par-

431 5436 643 5562 "filiis.
663 5491 746 5559 pr.
768 5490 821 5536 et
841 5482 1011 5548 plures
1048 5490 1178 5543 uss,
1195 5481 1430 5547 posterius
1441 5476 1708 5544 judicium,
1735 5477 2013 5529 amri.

431 5558 506 5603 M3
527 5558 715 5602 υεδιηε.

517 5646 549 5682 a
595 5639 855 5682 nomanum
877 5627 1110 5679 videlicet
1125 5633 1178 5677 et
1202 5625 1503 5678 Arelatense.

496 5633 570 5756 ibi
595 5700 644 5756 tn
665 5692 1055 5756 cabarsussitano
1089 5686 1308 5740 concilio.
1348 5688 1463 5738 vide
1499 5695 1503 5735 π

522 5685 570 5749 bi
595 5700 644 5742 tn
665 5692 1055 5742 cabarsussitano
1089 5686 1308 5740 concilio.
1348 5688 1463 5738 vide
1499 5694 1661 5737 Enarr.
1696 5689 1747 5737 in
1785 5685 1904 5736 Psal.
1943 5687 2024 5749 52,

610 5755 656 5816 2,
683 5768 734 5804 n.
759 5754 836 5804 eo.

1127 240 1399 298 CONTRA
1440 233 1875 294 CRESCONIUM
1917 231 2373 301 DONATIS'l'AM,
2547 234 2913 293 AUGUSTINI
3630 237 3731 292 306

2101 352 2340 422 gaiensi;
2369 354 2665 412 secundum
2693 357 2836 428 quod
2860 359 3119 427 judicium
3143 375 3253 417 non
3276 363 3391 418 vult
3415 361 3485 419 de
3523 377 3602 418 se
3631 370 3730 416 d-

2098 444 2278 515 bitari,
2310 447 2404 504 sed
2439 448 2507 503 ab
2549 449 2798 506 omnibus
2826 451 2978 508 vobis
3022 468 3082 510 se
3123 465 3412 528 extorquet
3453 453 3757 512 absolvi?i

2100 537 2254 596 Unde
2282 549 2337 595 et
2362 555 2461 597 nos
2490 543 2783 599 secundum
2825 547 3091 615 posterius
3126 547 3195 604 de
3227 548 3532 606 Caeciliano
3579 549 3757 620 judi-i

2100 633 2241 688 cium
2283 648 2502 704 prorsus
2542 650 2665 691 eum
2712 636 3082 694 incunctanter
3118 639 3466 697 absolvimus.
3493 633 3757 698 Sufﬁcit

2101 733 2282 782 tamen
2308 725 2376 782 ad
2403 742 2641 796 causam,
2673 728 2718 784 si
2745 728 2850 786 hoc
2873 731 2942 787 de
2969 732 3061 787 illo
3085 732 3344 799 dicamus,
3375 734 3530 806 quod
3567 743 3635 790 tu
3668 733 3757 800 de?

2101 815 2296 887 Optato
2324 818 2504 874 dixisti
2533 839 2547 876 :
2574 819 2683 878 Nos
2710 822 3049 879 Cmcilianum
3091 840 3190 881 nec
3215 826 3592 896 absolvimus,
3631 835 3757 892 nec}

2101 909 2439 967 damnamus.
2460 912 2702 969 Viderint
2731 914 2827 982 illi,
2850 930 2945 971 seu
2971 918 3156 986 vestri,
3179 932 3276 974 seu
3299 919 3497 988 nostri,
3519 925 3757 991 quem-‘

2103 1003 2390 1060 admodum
2412 1004 2479 1061 de
2501 1005 2592 1060 illo
2611 1005 3002 1076 judicaverint;
3033 1008 3132 1080 ipsi
3159 1025 3379 1067 suarum
3408 1013 3738 1068 sententia-

2102 1111 2222 1152 rum
2249 1097 2510 1154 rationem
2540 1098 2786 1169 reddant,
2811 1099 2910 1170 ipsi
2936 1110 3150 1172 portent
3173 1117 3270 1159 seu
3297 1103 3422 1159 mali
3447 1117 3560 1160 seu
3597 1103 3734 1160 bom'

2105 1189 2187 1244 sui
2204 1190 2385 1261 operis
2409 1191 2704 1246 sarcinam:
2730 1191 2884 1247 nobis
2907 1192 2976 1248 de
3004 1193 3193 1250 alienis
3221 1192 3378 1251 factis
3399 1195 3612 1252 saltem
3640 1196 3757 1251 dua

2103 1283 2277 1340 bitare
2303 1285 2616 1355 permittite,
2645 1300 2714 1342 ne
2734 1300 2989 1357 cogamur
3015 1287 3068 1341 in
3091 1287 3246 1343 nobis
3271 1303 3334 1344 ea
3354 1287 3738 1344 Sacramenta

2106 1375 2384 1444 damnare,
2407 1376 2477 1432 de
2500 1378 2696 1449 quibus
2725 1392 2834 1434 non
2863 1378 2986 1435 licet
3012 1378 3278 1437 dubitare.
3299 1379 3406 1438 Sed
3429 1381 3550 1452 jam
3584 1382 3735 1448 dixi,

2106 1471 2245 1526 senti
2282 1469 2350 1526 de
2385 1469 2580 1542 Optato
2609 1471 2751 1543 quod
2785 1473 2866 1528 vis
2890 1490 2903 1526 :
2927 1489 3103 1546 neque
3125 1475 3270 1530 enim
3299 1486 3383 1532 est
3407 1476 3561 1532 unde
3592 1491 3740 1532 con-

2106 1563 2384 1619 vincamus
2409 1578 2555 1632 eum,
2585 1565 2673 1634 qui
2703 1579 2809 1619 non
2837 1565 2976 1635 apud
3002 1576 3118 1620 acta
3146 1568 3449 1634 commisit;
3475 1583 3616 1640 qua
3648 1579 3732 1623 ta-

2109 1672 2235 1714 men
2267 1658 2338 1713 ita
2367 1659 2660 1726 commisit,
2689 1669 2746 1714 ut
2773 1659 2914 1714 inter
2936 1658 3180 1716 Gildonis
3219 1661 3480 1718 satellites
3517 1664 3732 1734 pmi-

2109 1766 2247 1823 puus
2267 1750 2575 1818 haberetur,
2599 1761 2890 1819 teneretur,
2916 1762 3237 1810 moreretur.
3256 1754 3531 1827 Numquid
3551 1757 3734 1812 etiam

2109 1843 2180 1900 de
2219 1842 2493 1900 Feliciano
2535 1853 2590 1900 et
2628 1845 2951 1901 Praetextato
2997 1847 3158 1902 sociis
3197 1845 3548 1916 Maximiani,
3585 1863 3737 1920 quos

2111 1939 2339 1994 trecenti
2368 1947 2423 1994 et
2450 1938 2636 1995 decem
2667 1939 2908 2010 episcOpi
2938 1941 3100 1996 vestri
3130 1956 3253 1997 cum
3281 1943 3498 1998 czeteris
3527 1944 3732 1998 simili-

2114 2045 2196 2092 ter
2223 2037 2537 2092 nominatim
2565 2037 2857 2108 expressis,
2881 2053 2982 2092 una
3010 2037 3308 2109 eademque
3333 2039 3609 2094 sententia
3639 2039 3736 2093 Ba-

2114 2129 2311 2200 gaitaui
2359 2129 2569 2184 concilii
2613 2128 3022 2198 damnaverunt,
3069 2131 3406 2203 eosdemque
3445 2147 3553 2187 non
3604 2145 3732 2204 p05t

2114 2235 2338 2291 parvum
2369 2231 2579 2291 tempus
2601 2220 2677 2294 (a)
2701 2237 2821 2277 cum
2850 2223 3099 2279 omnibus
3121 2238 3256 2295 quos
3281 2223 3523 2280 damnati
3549 2224 3728 2295 bapti-

2116 2323 2389 2379 zaverunt,
2415 2313 2552 2370 sicut
2580 2313 2814 2382 fuerunt,
2838 2315 3118 2386 episcopos
3145 2326 3521 2388 susceperunt,
3549 2315 3726 2389 quod-

2116 2404 2250 2460 libet
2273 2405 2424 2461 vobis
2451 2408 2652 2477 garrire
2683 2407 3046 2478 permittitur?

2188 2498 2416 2556 CAPUT
2459 2499 2596 2555 XIV.
2636 2532 2706 2541 —
2745 2503 2834 2557 17.
2876 2501 3136 2570 Quocirca
3164 2517 3522 2576 quascumque
3549 2505 3604 2559 in
3632 2519 3730 2560 nos

2118 2590 2233 2647 sive
2265 2591 2318 2646 in
2358 2601 2575 2647 nostros
2608 2593 2760 2662 quasi
2792 2593 3056 2664 parcendo
3090 2605 3143 2649 et
3175 2596 3554 2665 praetereundo
3581 2596 3732 2653 dixi-

2118 2684 2188 2739 sti
2215 2686 2253 2751 ί,
2284 2683 2402 2740 sine
2429 2686 2758 2752 nominibus,
2787 2688 2903 2742 sine
2931 2687 3174 2755 testibus,
3199 2689 3316 2744 sine
3349 2690 3476 2746 ullis
3505 2692 3730 2746 omnino

2118 2775 2477 2843 documentis,
2503 2779 2694 2848 partim
2716 2779 2986 2850 culpando
3007 2795 3127 2850 quas
3152 2782 3417 2851 culpanda
3439 2799 3547 2840 non
3577 2795 3726 2852 sunt,

2119 2873 2310 2943 partim
2341 2887 2462 2942 quae
2485 2871 2748 2942 culpanda
2777 2882 2921 2940 sunt,
2944 2887 3050 2928 non
3078 2873 3377 2944 probando,
3406 2892 3723 2949 supervaca-

2122 2980 2281 3021 neum
2309 2976 2391 3021 est
2417 2966 2558 3021 velle
2587 2982 2832 3037 purgare.
2857 2967 3012 3035 Istos,
3050 2967 3182 3024 istos
3208 2970 3400 3026 iterum
3432 2973 3657 3028 attende
3683 2974 3724 3039 ¹,

2122 3059 2449 3115 Felicianum
2477 3059 2822 3116 Mustitanum
2853 3070 2907 3116 et
2932 3061 3313 3118 Prtetextatum
3343 3066 3726 3122 Assuritanum

2123 3152 2397 3223 aliquanto
2425 3153 2732 3224 diligentius
2767 3157 2996 3223 intuere,
3030 3172 3257 3226 quorum
3301 3167 3466 3213 totam
3504 3175 3726 3215 causam

2123 3259 2222 3300 suo
2247 3246 2368 3302 loco
2400 3249 2492 3310 ita.
2517 3248 2560 3304 si
2585 3247 2846 3304 Dominus
2868 3251 3188 3320 permiserit,
3221 3253 3499 3325 explicabo
3526 3255 3723 3329 (Infra,

2125 3346 2229 3392 toto
2256 3339 2343 3393 lib.
2375 3338 2453 3409 4),
2486 3348 2546 3394 ut
2586 3343 2747 3396 etiam
2787 3341 2830 3396 si
2869 3342 3066 3398 nimius
3110 3342 3279 3399 hostis
3318 3346 3562 3405 veritatis
3604 3364 3726 3405 esse

2122 3430 2373 3494 volueris,
2402 3439 2701 3488 vestrorum
2731 3432 3068 3490 mendacium
3097 3433 3390 3493 defendere
3413 3439 3498 3494 vel
3527 3456 3725 3513 negare

2125 3537 2231 3578 non
2276 3523 2449 3593 possis
2489 3542 2502 3579 :
2540 3537 2630 3580 sec
2672 3541 2814 3581 nunc
2855 3527 3065 3582 interim
3111 3529 3406 3586 secundum
3449 3531 3553 3589 hoc
3591 3535 3720 3589 mihi

2123 3617 2298 3688 placet
2350 3630 2509 3687 agerc
2551 3617 2694 3688 quod
2744 3617 2838 3673 tibi
2881 3618 3167 3687 dixerunt;
3211 3621 3448 3679 nondum
3493 3624 3721 3682 discutio

2123 3723 2282 3778 quam
2323 3724 2506 3764 verum
2547 3709 2801 3775 dixerint,
2844 3710 3080 3766 nondum
3124 3713 3347 3768 ostendo
3386 3732 3548 3785 quam
3587 3718 3718 3772 mira

2124 3799 2467 3868 impudentia:
2510 3801 2748 3856 etrcitate
2794 3803 2998 3858 mentiti
3047 3805 3173 3861 sint.
3210 3805 3368 3862 Certe
3401 3825 3518 3863 cum
3557 3811 3620 3866 de
3660 3811 3717 3864 iis

2123 3911 2247 3965 quos
2278 3892 2690 3950 Maximianistas
2731 3897 3012 3968 appellavi,
3051 3907 3103 3953 et
3143 3899 3400 3955 damnatis
3445 3912 3714 3957 vestrorum

2123 3988 2338 4042 concilio
2382 4000 2429 4042 et
2473 3990 2705 4061 receptis,
2737 3989 2788 4044 in
2829 3991 3045 4060 epistola
3089 4008 3200 4046 mea
3243 3994 3544 4066 perlegens,
3582 3998 3713 4052 sicut

2125 4081 2337 4143 scribis.
2368 4083 2514 4136 valde
2543 4092 2799 4152 permotus
2823 4098 2877 4138 es
2899 4100 2917 4138 :
2943 4085 3132 4156 quippe
3169 4103 3285 4140 cum
3313 4087 3485 4143 adhuc
3523 4089 3710 4162 (verbis

2124 4173 2266 4229 enim
2291 4173 2394 4229 tuis
2423 4172 2564 4246 utar)
2589 4175 2724 4245 quod
2751 4175 2951 4230 haberet
2972 4176 3154 4230 veritas
3174 4177 3457 4248 ignorares.
3483 4179 3707 4252 Denique

2125 4269 2314 4332 statim,
2345 4267 2482 4323 sicut
2507 4282 2714 4329 narras.
2742 4284 2806 4323 ea:
2832 4267 3006 4323 vestris
3039 4269 3288 4339 episcopis
3319 4269 3614 4342 diligentius
3638 4273 3704 4325 in-

2125 4359 2359 4429 quisisti;
2385 4369 2534 4431 atque
2561 4359 2685 4430 ipsis
2714 4359 3035 4424 docentibus,
3064 4370 3110 4414 et
3137 4359 3393 4415 decretum
3419 4363 3636 4428 concilii,
3664 4370 3705 4415 et

2126 4451 2422 4506 sententiam
2451 4452 2504 4505 in
2530 4468 2615 4506 eos
2643 4451 2729 4521 qui
2755 4452 2983 4505 damnati
3008 4462 3126 4506 sunt
3155 4451 3364 4520 dictam,
3394 4464 3441 4508 et
3468 4455 3543 4509 rei
3570 4457 3704 4509 totius

2127 4543 2356 4598 ordinem
2396 4543 2688 4614 cognovisti.
2739 4543 2804 4598 Et
2851 4543 2973 4614 quia
3015 4552 3070 4598 et
3109 4559 3195 4598 me
3232 4543 3359 4614 quid
3399 4557 3608 4617 gesmm
3648 4547 3706 4602 sit

2127 4637 2375 4709 ignorare
2414 4635 2692 4701 credebas,
2724 4633 2852 4706 quid
2882 4635 3080 4690 veritas
3122 4634 3345 4692 haberet
3384 4636 3625 4694 hortatus
3657 4648 3704 4692 ut

2127 4729 2420 4796 discerem,
2456 4727 2528 4782 ita
2558 4726 2810 4797 deinceps
2847 4737 3036 4782 cuncta
3076 4728 3325 4782 narrasti.
3360 4728 3494 4786 Vide
3521 4733 3634 4802 quia
3659 4732 3701 4783 in

2128 4821 2229 4877 hac
2257 4833 2416 4876 causa
2445 4819 2606 4874 verba
2648 4819 2760 4888 ipsa
2798 4828 2884 4874 tua
2922 4833 3063 4890 pono
3089 4833 3154 4874 ex
3193 4819 3418 4890 epistola
3446 4831 3571 4891 tua;
3596 4829 3700 4877 sunt

2128 4915 2270 4971 enim
2295 4913 2424 4969 mihi
2451 4913 2868 4984 pernecessaria.

2199 5005 2426 5063 CAPUT
2465 5003 2580 5060 XV.
2611 5005 2798 5060 -18.
2831 5003 2959 5059 Cum
3009 5022 3160 5077 quam
3214 5006 3491 5076 plurimos,
3525 5007 3695 5077 inquis,

2130 5100 2392 5172 episcopos
2436 5115 2578 5153 error
2628 5097 2723 5153 sibi
2775 5097 3079 5153 Maximiani
3134 5099 3329 5153 sociare
3375 5101 3691 5164 contenderet,

2129 5203 2387 5250 contracto
2413 5211 2444 5248 a
2468 5194 2653 5248 nostris
2698 5192 2932 5259 concilio,
2963 5192 3018 5247 in
3054 5209 3140 5248 eos
3182 5209 3355 5248 omnes
3392 5195 3481 5264 qui
3518 5196 3568 5249 in
3605 5196 3695 5266 cjtts

2131 5285 2398 5341 schismate
2429 5284 2777 5356 perstitissent,
2808 5284 3009 5355 prolata
3049 5286 3294 5339 sententia
3337 5293 3411 5339 est
3434 5301 3451 5339 :
3475 5302 3614 5354 quam
3649 5295 3691 5337 tu

2197 5436 2395 5514 191111,
2435 5433 2649 5487 dixistis.
2694 5442 2794 5485 Duo
2826 5442 2963 5498 Mss,
3013 5433 3185 5487 ἄξαςιί
3213 5432 3469 5487 :refertur
3509 5435 3562 5487 ad
3599 5443 3692 5485 ac-

2131 5512 2374 5625 sceniﬁd
2396 5565 2469 5608 Er.
2504 5560 2652 5624 Lugd.
2685 5568 2840 5626 _Ven.,
2864 5573 3078 5626 purgare
3114 5559 3245 5612 istos.
3292 5569 3473 5612 Iterum
3511 5560 3689 5612 attende.

2132 5631 2264 5688 Lov.,
2279 5623 2514 5688 purgare.
2526 5623 2656 5688 _Istos
2677 5623 2854 5688 iterum
2866 5623 3082 5688 attende.
3151 5632 3206 5673 M.

2195 5686 2268 5748 (a)
2288 5684 2342 5734 'ln
2364 5684 2489 5751 libro
2510 5684 2750 5751 decestis
2767 5699 2875 5735 cum
2900 5687 3108 5735 Emerito
3129 5689 3391 5736 triennium
3411 5699 3537 5751 pene
3560 5693 3688 5734 totout

2029 5787 2050 5794 ..
2137 5747 2472 5798 intercessisse
2494 5747 2624 5797 dicit.
