3778 6130
31 281 123 339 ωδ
806 279 850 313 ,ι

28 412 206 471 quoque
239 405 288 450 te
329 395 513 467 legisse
554 393 770 448 testaris.
801 390 927 460 Qua:
954 405 1067 445 cum
1096 387 1338 443 sententia
1365 399 1608 441 consensu

36 490 240 545 omnium
266 489 584 557 ﬁrmaretur,
605 485 795 558 placuit
823 495 1010 552 tamen,
1031 482 1227 554 inquis,
1257 481 1453 535 decreto
1481 495 1609 533 con—-

13 582 120 660 sicilii
147 580 452 636 dilationem
475 579 714 650 temporis
741 578 873 641 dari,
900 577 1034 631 intra
1057 575 1194 648 quod
1220 574 1265 628 si
1290 573 1400 642 quis
1425 570 1611 642 corrigi

33 676 272 742 voluisset,
313 675 559 729 innocens
597 671 878 727 haberetur.
913 670 1004 726 Sic
1045 669 1235 739 factum
1271 676 1372 732 est,
1410 664 1606 734 inquis,

34 779 78 822 ut
100 785 196 823 non
224 766 400 821 solum
423 768 523 820 duo
541 764 620 820 illi
644 781 769 834 quos
793 779 1039 818 memoras
1061 760 1160 835 (ιι),
1183 759 1270 814 sed
1296 758 1444 812 etiam
1465 755 1610 810 multi

33 863 107 916 eiii
152 859 364 931 purgati
407 868 555 930 atque
591 858 877 912 innocentes
906 871 958 910 se
985 853 1225 908 Ecclesia:
1251 849 1606 905 reddidissent.

37 956 247 1023 Quorum
287 953 416 1008 ideo
433 951 696 1025 Baptisma
723 949 940 1005 rescindi
968 965 1068 1002 non
1102 945 1298 1011 debuit,
1326 944 1443 1014 quia
1476 943 1611 995 intra

35 1048 150 1101 diem
183 1047 527 1117 prastitutum
562 1043 809 1108 restituti,
852 1039 1185 1113 peremptoria
1227 1035 1469 1092 sententia
1510 1048 1612 1086 non

35 1150 302 1197 tenerentur
319 1157 341 1208 ;
373 1158 494 1210 nec,
535 1156 650 1195 cum
688 1138 1021 1210 baptizarent,
1061 1136 1264 1207 fuerunt
1292 1130 1354 1185 ab
1381 1126 1613 1184 Ecclesia

35 1238 265 1310 separati,
309 1237 505 1309 quippe
550 1234 762 1290 necdum
820 1229 1061 1286 transacti
1109 1227 1350 1298 temporis
1404 1223 1614 1292 definita

37 1342 148 1387 'neta
174 1330 448 1403 disjuncti.
487 1328 558 1383 Hi
602 1338 770 1383 autem
830 1326 917 1399 qui
965 1325 1114 1379 etiam
1157 1331 1270 1394 post
1318 1318 1614 1393 praedictum

39 1426 151 1478 iiem
174 1441 290 1479 cum
314 1423 639 1477 Maximiano
662 1419 981 1492 pertinaciter
1010 1414 1346 1488 perstiterunt,
1373 1409 1614 1466 sententia

36 1517 366 1572 .iamnationis
416 1517 612 1579 retenti,
655 1513 807 1568 simul
850 1520 896 1566 et
933 1508 1196 1580 Baptisma
1244 1515 1288 1561 et
1336 1503 1616 1557 Ecclesiam

37 1609 350 1677 perdiderunt
398 1606 492 1680 (ὁ).
535 1606 663 1663 Haec
701 1605 865 1660 verba
904 1611 993 1658 tua
1032 1609 1196 1666 certe,
1239 1598 1309 1652 mi
1336 1594 1611 1660 Cresconi,

37 1701 301 1774 cognoscis
330 1716 403 1757 ex
433 1698 672 1770 epistolae
700 1706 804 1753 tua:
830 1694 1169 1752 contextione
1200 1704 1469 1762 expressa.

93 1792 318 1850 CAPUT
362 1791 505 1849 XVI.
522 1823 593 1832 -——
611 1791 698 1847 i9.
721 1787 952 1845 Proinde
973 1800 1154 1858 quaero
1178 1785 1274 1839 abs
1306 1793 1377 1849 te,
1404 1781 1461 1837 Si
1483 1795 1616 1835 non-

39 1884 144 1940 dum
188 1884 409 1941 fuerant
446 1885 514 1940 ab
546 1883 788 1940 Ecclesia
833 1879 1093 1951 separati,
1131 1874 1399 1948 quomodo
1439 1875 1491 1928 in
1533 1890 1617 1928 eos

40 1995 188 2033 omnes
211 1979 300 2050 qui
329 1979 387 2033 in
414 1976 720 2032 Maximiani
744 1975 1012 2030 schismate
1037 1971 1385 2044 perstitissent,
1417 1969 1618 2039 prolata

41 2073 260 2126 sententia
304 2081 415 2140 est,
454 2088 568 2142 qua:
607 2087 721 2125 cum
759 2085 1002 2124 consensu
1043 2067 1266 2122 omnium
1304 2065 1613 2134 ﬁrmaretur,

41 2169 211 2223 slacuit
240 2177 414 2223 tamen
440 2168 640 2222 decreto
669 2164 872 2220 concilii
900 2163 1193 2217 dilationem
1218 2158 1455 2231 temporis
1478 2157 1610 2227 dari,

41 2259 155 2316 intra
181 2261 320 2333 quod
350 2260 399 2315 si
424 2261 535 2329 quis
560 2258 746 2330 corrigi
773 2256 1032 2322 voluisset,
1056 2255 1292 2308 innocens
1319 2247 1620 2305 haberetur?

42 2353 223 2422 Quibus
254 2354 440 2411 verbis
468 2351 726 2418 ostendis,
753 2366 938 2406 eorum
963 2349 1052 2420 qui
1082 2349 1134 2403 in
1161 2344 1460 2402 Maximiani
1485 2343 1620 2399 schi-

42 2458 192 2505 smate
222 2448 608 2520 perstitissent,
636 2446 680 2500 si
707 2447 826 2517 quis
856 2444 993 2498 intra
1024 2441 1331 2497 dilationem
1363 2436 1618 2508 temporis

49 2543 221 2614 corrigi
263 2541 548 2608 voluisset,
596 2541 855 2594 innocens
906 2535 1210 2591 haberetur.
1247 2531 1620 2603 Corrigeretur

48 2648 174 2704 ergo,
205 2634 250 2689 si
291 2634 419 2704 quis
456 2630 650 2702 corrigi
687 2629 964 2696 voluisset,
994 2628 1060 2683 ab
1104 2627 1195 2681 illo
1234 2626 1522 2681 schismate
1562 2623 1618 2677 in

50 2741 136 2794 quo
173 2741 292 2781 cum
332 2725 655 2782 Maximiano
695 2723 996 2793 perstiterat
1026 2738 1037 2774 :
1072 2718 1294 2792 proinde
1332 2726 1616 2787 antequam

48 2819 411 2889 corrigeretur,
450 2818 503 2872 in
546 2816 833 2872 schismate
878 2823 1022 2882 erat,
1058 2814 1109 2868 in
1139 2827 1245 2884 quo
1275 2812 1615 2882 perstiterat;

51 2913 268 2982 quamvis
298 2914 355 2968 in
385 2926 472 2978 eo,
505 2911 624 2982 quia
662 2910 796 2965 intra
826 2908 1079 2979 placitum
1110 2916 1319 2977 tempus
1348 2912 1618 2960 correctus

49 3012 134 3068 est,
167 3021 269 3060 non
301 3004 655 3075 pertinaciter
694 3001 1030 3072 perSIitisset.
1059 2999 1192 3054 Nam
1220 3008 1274 3054 et
1302 2996 1618 3069 posteriori-

51 3095 130 3152 bus
165 3097 338 3155 verbis
383 3096 542 3168 paulo
575 3103 697 3166 post
742 3096 813 3150 ita
853 3093 1178 3165 distinguis:
1215 3091 1284 3146 Ili
1326 3101 1494 3145 autem
1533 3091 1619 3162 qui

51 3189 178 3242 etiam
204 3199 315 3260 post
346 3189 652 3261 prardictum
674 3188 808 3242 diem
832 3204 946 3242 cum
964 3185 1279 3241 Maximiano
1300 3185 1621 3256 pertinaciter

55 3282 372 3346 perstiterunt,
403 3281 652 3336 sententia
681 3279 1023 3333 damnationis
1046 3278 1242 3346 retenti,
1271 3277 1423 3332 simul
1452 3286 1498 3330 et
1517 3274 1623 3329 Ba-

54 3373 212 3426 otisma
236 3384 282 3427 et
309 3373 598 3428 Ecclesiam
636 3371 961 3442 perdiderunt
988 3387 1006 3424 :
1038 3369 1224 3425 dicens
1255 3370 1436 3439 utique
1455 3410 1470 3434 ,
1507 3384 1622 3438 per-

53 3465 257 3520 tinaciter
281 3465 635 3537 perstiterunt,
665 3463 903 3520 ostendis
929 3463 1090 3518 etiam
1133 3462 1252 3516 illos
1278 3461 1366 3531 qui
1396 3458 1622 3514 correcti

53 3566 156 3612 sunt
179 3559 514 3630 perstitisse,
555 3557 648 3612 sed
682 3573 787 3611 non
827 3555 1188 3627 pertinaciter.
1223 3554 1275 3609 In
1305 3568 1440 3625 quos
1465 3552 1624 3607 simul

54 3663 216 3708 omnes
243 3652 456 3723 prolata
480 3660 565 3706 est
597 3649 684 3705 illa
721 3649 982 3705 sententia
1015 3649 1055 3715 ¹,
1085 3663 1188 3718 qua
1213 3660 1477 3702 consensu
1502 3659 1621 3699 oni-

55 3742 180 3798 nium
208 3743 549 3811 conﬁrmata,
586 3742 852 3814 placuisse
881 3751 1053 3795 tamen
1085 3739 1221 3794 dicis
1247 3737 1462 3793 decreto
1491 3751 1622 3792 con-

55 3837 143 3892 cilii
171 3838 480 3896 dilationem
517 3837 659 3891 illam
698 3835 951 3905 temporis
977 3834 1112 3889 dari.
1138 3831 1419 3901 Quomodo
1464 3831 1625 3903 igitur

55 3931 98 3984 in
131 3931 367 3989 Ecclesia
415 3939 586 3997 erant,
634 3929 722 4001 qui
776 3937 1059 3998 antequam
1111 3929 1522 3996 corrigerentur,
1569 3925 1624 3979 in

57 4023 320 4081 schismate
373 4037 498 4078 cum
542 4021 860 4076 Maximiano
912 4018 1254 4089 perstabant?
1283 4017 1434 4084 Quod
1482 4017 1526 4070 si
1570 4016 1625 4071 in

61 4114 276 4174 Ecclesia
299 4133 410 4173 non
434 4126 605 4178 erant,
628 4113 748 4185 quia
775 4113 826 4167 in
849 4112 1136 4167 schismate
1161 4119 1333 4175 erant,
1358 4108 1626 4181 quomodo

62 4205 420 4276 baptizabant?
444 4205 668 4271 Deinde,
700 4203 968 4275 quomodo
1012 4203 1202 4256 factum
1244 4210 1345 4266 est,
1377 4202 1513 4257 sicut
1547 4199 1626 4256 di-

61 4301 142 4362 cis.
165 4312 342 4358 utnon
364 4301 541 4356 solum
572 4297 645 4354 illi
667 4313 803 4369 quos
833 4297 1146 4364 memoravi,
1172 4297 1264 4352 sed
1292 4300 1452 4352 etiam
1477 4295 1626 4350 multi

63 4391 135 4446 alii
175 4395 381 4466 purgati
430 4401 589 4463 atque
637 4391 946 4445 innocentes
989 4404 1047 4443 se
1076 4388 1327 4444 Ecclesiae
1364 4385 1625 4441 reddidis-

63 4495 178 4550 sent,
208 4489 250 4542 si
279 4488 349 4542 ab
372 4485 612 4541 Ecclesia
643 4500 747 4538 non
773 4491 926 4538 erant
954 4481 1222 4554 separati?
1242 4480 1339 4536 Cui
1366 4496 1425 4536 se
1447 4480 1627 4535 reddi-

64 4575 250 4644 derunt,
289 4577 432 4635 unde
461 4593 568 4632 non
615 4574 995 4632 recesserunt?
1023 4575 1130 4629 Aut
1175 4573 1219 4628 si
1269 4581 1622 4637 recesserunt,

65 4669 153 4734 dic,
185 4686 386 4742 quaeso,
423 4679 705 4739 antequam
734 4682 794 4723 se
819 4667 1074 4722 Ecclesia:
1111 4664 1491 4730 reddidissent,
1523 4679 1630 4735 quo

63 4761 161 4829 jure
203 4764 637 4838 baptizaverunt?
682 4761 908 4829 Quorum
950 4763 1084 4828 ideo,
1132 4761 1327 4832 inquis,
1367 4759 1630 4832 Baptisma

66 4859 254 4914 rescindi
279 4877 382 4916 non
408 4858 597 4925 debuit,
628 4857 747 4928 quia
786 4858 921 4911 intra
954 4856 1087 4910 diem
1115 4857 1450 4927 praestitutum
1488 4857 1631 4908 resti-

68 4954 163 5020 tuti,
203 4953 538 5027 peremptoria
585 4952 831 5007 sententia
876 4967 975 5005 non
1022 4960 1325 5004 tenerentur.
1369 4949 1627 5014 Restituti,

69 5043 186 5112 quo?
209 5045 433 5118 Evigila,
463 5044 705 5106 obsecro,
733 5041 820 5096 dic
859 5041 1032 5106 nobis,
1061 5056 1166 5111 quo
1197 5040 1466 5094 restituti?
1498 5039 1631 5093 Pro.

72 5131 190 5190 tecto
207 5137 442 5195 dicturus
467 5152 549 5203 es,
574 5135 633 5189 In
656 5133 975 5199 Ecclesiam,
998 5131 1084 5188 cui
1113 5146 1171 5187 se
1194 5131 1316 5186 illos
1337 5130 1635 5186 reddidisse

75 5224 246 5286 dixisti.
268 5230 632 5302 Quisquamne
657 5226 956 5283 restituitur
983 5225 1036 5279 in
1066 5223 1382 5288 Ecclesiam,
1408 5223 1496 5292 qui
1528 5236 1632 5276 non

77 5320 210 5379 luerit
253 5326 319 5382 ab
368 5322 608 5379 Ecclesia
665 5320 976 5391 separatus?
1014 5317 1374 5386 Quisquamne
1420 5314 1487 5369 ab
1532 5315 1634 5369 Ec-

77 5413 214 5471 clesia
246 5433 351 5473 non
390 5423 669 5487 separatus
702 5410 991 5484 quamlibet
1031 5422 1227 5480 paucos
1254 5407 1367 5463 dies
1401 5407 1636 5477 persistit

78 5501 121 5557 in
163 5508 478 5566 schismate?
516 5493 878 5577 Quisquamne
925 5504 992 5559 ab
1038 5500 1276 5557 Ecclesia
1325 5515 1429 5556 non
1478 5514 1635 5572 sepa-

81 5623 145 5733 eu‘:
165 5624 227 5673 Sic
247 5634 350 5678 Mss.
376 5625 496 5674 Editi
514 5631 699 5682 autem,
721 5621 772 5672 in
812 5632 929 5684 quos
952 5616 1096 5670 sinml
1117 5616 1177 5668 ab
1192 5615 1408 5667 munibus
1432 5615 1637 5680 prolata,

128 5723 190 5809 δι)
213 5757 524 5804 Praetextatus
541 5755 594 5799 et
615 5746 892 5797 Felicianus.

132 5811 188 5874 ib)
209 5815 313 5866 Vide
333 5814 456 5866 infra
479 5813 564 5862 lib.
589 5810 636 5871 4,
654 5824 700 5858 η.

1373 261 1572 324 LIBER
1612 256 1920 319 TERTIUS.

3200 258 3305 316 506

1717 391 1864 438 ratus
1903 395 1962 438 se
2008 390 2129 454 post
2170 388 2381 454 tempus
2409 377 2703 456 quamlibet
2730 390 2951 456 parvum
2990 374 3165 436 reddit
3197 375 3304 436 Ec-

1715 476 1894 534 clesiae
1911 477 1937 532 ?

1787 570 2012 628 CAPUT
2040 571 2203 628 XVII.
2232 601 2306 614 —
2327 572 2418 630 20.
2446 572 2692 630 Arbitror
2718 583 2802 644 te,
2826 574 3138 633 charissima
3155 618 3170 643 ,
3196 591 3307 634 non

1717 667 1887 723 solum
1924 666 2083 723 verba
2118 674 2205 723 tua
2235 681 2340 723 non
2369 667 2736 725 considerasse
2760 670 3144 727 eonscribenda
3163 711 3180 740 ,
3210 671 3307 728 sed

1716 775 1817 816 nec
1843 760 2037 832 legisse
2064 761 2385 832 conscripta.
2408 761 2787 818 Verumtamen
2813 761 2940 834 quid
2967 763 3192 830 faceres,
3221 765 3308 820 cui

1717 854 2008 910 necessitas
2053 854 2108 910 in
2149 853 2252 910 hoc
2293 869 2455 926 opere
2490 855 2824 927 ingerebatur
2850 857 2902 912 in
2931 856 3308 915 Maximianum

1719 960 1780 1002 ac
1811 947 1985 1002 socios
2011 946 2126 1017 ejus
2148 988 2166 1014 ,
2193 961 2300 1002 non
2328 947 2596 1018 propriam
2625 947 2838 1016 dicere,
2870 949 2964 1006 sed
2992 949 3059 1006 ab
3084 949 3202 1006 aliis
3228 950 3312 1006 di-

1717 1046 1858 1094 ctam
1886 1080 1900 1107 ,
1957 1038 2226 1111 quomodo
2271 1040 2288 1070 ¹
2348 1053 2568 1110 posses,
2625 1039 2903 1097 defensare
2943 1042 3312 1100 sententiam?

1718 1131 1850 1187 Nam
1879 1141 1933 1188 et
1959 1131 2004 1187 si
2029 1140 2086 1188 tu
2112 1146 2219 1188 non
2252 1131 2481 1188 utereris
2506 1132 2589 1187 his
2619 1132 2828 1201 verbis,
2856 1131 2997 1190 idem
3018 1134 3190 1206 ipsum
3211 1133 3312 1191 de-

1719 1235 1924 1283 cretum
1965 1225 2175 1281 concilii
2222 1223 2529 1296 Bagaiensis
2571 1226 2887 1290 recitarem,
2935 1225 3026 1280 ubi
3053 1227 3310 1298 scriptum

1719 1329 1800 1376 est
1852 1337 1864 1373 :
1910 1318 2016 1374 Eos
2063 1328 2229 1373 autem
2273 1333 2398 1388 quos
2442 1316 2676 1389 sacrilegi
2711 1316 2903 1371 surculi
2941 1333 3044 1372 non
3088 1318 3316 1390 polluere

1721 1414 2010 1485 plantaria,
2053 1413 2147 1468 hoc
2187 1421 2291 1478 est,
2334 1412 2420 1484 qui
2461 1427 2495 1465 a
2538 1408 2846 1465 Maximiani
2879 1411 3045 1484 capite
3082 1413 3316 1483 proprias

1721 1524 1900 1563 manus
1940 1506 2216 1563 verecundo
2259 1505 2380 1575 ﬁdei
2414 1504 2608 1576 pudore
2630 1512 2983 1570 retraxerunt,
3012 1505 3082 1559 ad
3106 1514 3316 1561 matrem

1721 1602 2001 1658 Ecclesiam
2025 1601 2191 1657 redire
2219 1599 2557 1672 permisimus.

1791 1695 2018 1752 CAPUT
2049 1693 2230 1750 XVIII.
2252 1724 2322 1736 —
2348 1693 2440 1748 2i.
2463 1691 2716 1760 Proinde,
2741 1700 2796 1746 et
2819 1691 2862 1747 si
2887 1691 3010 1746 talia
3039 1699 3128 1748 tua
3151 1692 3317 1748 verba

1722 1808 1828 1848 non
1869 1790 2160 1862 reperirem
2181 1831 2195 1854 ,
2242 1788 2331 1844 hic
2370 1795 2518 1844 certe
2555 1785 2820 1852 dicerem,
2851 1783 2940 1840 hic
2968 1798 3064 1854 pro
3093 1785 3317 1841 veritate

1721 1887 2007 1942 clamarem
2032 1926 2048 1952 ,
2097 1881 2377 1952 Quomodo
2420 1880 2486 1936 ad
2529 1888 2756 1935 matrem
2799 1877 3091 1934 Ecclesiam
3139 1876 3316 1934 redire

1723 1978 2098 2051 permittuntur
2121 2019 2135 2043 ,
2167 1976 2254 2048 qui
2285 1975 2351 2030 ab
2369 1973 2608 2030 Ecclesia
2628 1980 2798 2028 matre
2819 1985 2923 2026 non
2943 1970 3315 2027 recesserunt?

1721 2071 1827 2127 Aut
1877 2071 1919 2126 si
1968 2077 2339 2138 recesserunt,
2382 2083 2487 2140 quo
2523 2067 2683 2139 jure,
2725 2073 3006 2137 antequam
3037 2063 3312 2133 redirent,

1722 2164 1992 2234 baptizare
2036 2171 2365 2233 potuerunt;
2410 2160 2513 2216 nisi
2555 2159 2678 2231 quia
2716 2160 2770 2215 in
2805 2173 2963 2214 causa
2987 2153 3315 2213 resarciendi

1724 2258 1884 2330 hujus
1925 2257 2227 2314 schismatis
2267 2255 2416 2311 obliti
2456 2253 2586 2309 estis
2622 2251 2852 2323 propria:
2891 2250 3169 2316 vanitatis,
3210 2263 3317 2320 qua

1721 2362 1842 2424 post
1883 2354 2164 2421 episcopos
2203 2349 2270 2405 ab
2317 2348 2446 2418 ipsis
2485 2344 2860 2416 Apostolorum
2889 2341 3105 2401 sedibus
3133 2339 3318 2401 incon-

1723 2460 1933 2501 cussam
1977 2444 2170 2499 seriem
2214 2457 2384 2514 usque
2429 2441 2482 2495 in
2519 2440 2635 2496 inec
2660 2448 2898 2510 tempora
2924 2437 3317 2510 perducentes,

1723 2555 1830 2596 non
1871 2554 2034 2595 unum
2077 2538 2346 2594 hominem
2371 2578 2385 2602 ,
2413 2551 2521 2592 non
2551 2550 2707 2591 unam
2737 2533 2955 2590 domum
2976 2576 2991 2602 ,
3022 2548 3128 2590 non
3156 2549 3319 2590 unam

1724 2635 1990 2690 civitatem
2012 2673 2027 2698 ,
2073 2646 2179 2686 non
2228 2645 2384 2687 unam
2426 2640 2672 2700 gentem,
2715 2628 2811 2684 sed
2837 2629 3024 2684 amem
3053 2637 3319 2686 terrarum

1724 2727 2095 2799 baptizandum
2124 2740 2245 2782 esse
2271 2723 2541 2781 censetis?
2568 2731 2659 2778 aut
2685 2731 2831 2778 certe
2856 2721 2981 2794 quia
3007 2721 3164 2794 hujus
3193 2721 3320 2779 facti

1725 2821 1919 2877 horror
1959 2834 2172 2890 semper
2209 2820 2368 2874 etiam
2399 2816 2700 2872 facientium
2728 2815 2892 2872 corda
2914 2817 3217 2883 concussit,
3241 2825 3322 2873 tot

1726 2915 1936 2989 populis
1963 2914 2029 2970 ad
2056 2924 2287 2970 vestram
2315 2909 2746 2969 communionem
2772 2926 2802 2966 a
2832 2910 3138 2966 Maximiani
3166 2924 3319 2968 com-

1726 3008 1981 3064 munione
2026 3005 2407 3071 redeuntibus,
2449 3013 2556 3059 tam
2587 3004 2785 3058 multos
2812 3002 3024 3074 quidem
3052 3001 3204 3057 libuit
3230 3017 3320 3058 re-

1727 3116 1917 3171 parare
1936 3141 1951 3167 ,
1979 3099 2072 3155 sed
2105 3099 2289 3169 puduit
2311 3107 2419 3153 tam
2448 3095 2644 3152 multos
2669 3095 3000 3165 rebaptizare
3022 3110 3042 3148 ς
3070 3093 3211 3165 quod
3237 3102 3317 3150 ta-

1725 3209 1846 3248 men
1862 3235 1878 3261 ,
1900 3191 2225 3263 quibuslibet
2247 3187 2632 3245 detestantibus
2656 3196 2711 3243 et
2733 3185 3142 3242 exhorrenlibus
3159 3227 3176 3255 ,
3201 3202 3324 3257 pro-

1724 3294 1846 3358 pter
1889 3285 2114 3341 salutem
2167 3281 2439 3337 hominum
2481 3279 2762 3347 faceretis,
2808 3293 2926 3349 quas
2966 3288 3165 3349 quanto
3206 3277 3324 3348 plu-

1727 3381 1864 3434 rium
1905 3377 2110 3441 fuerat,
2155 3383 2306 3431 tanto
2343 3373 2520 3428 minus
2543 3371 2724 3442 utique
2746 3367 3137 3426 contemnenda
3164 3377 3282 3424 erat
3302 3411 3320 3437 ,

1729 3474 1772 3529 si
1816 3473 1917 3528 hoc
1953 3485 2187 3542 unquam
2218 3468 2459 3524 contuitu
2486 3465 2722 3522 veritatis
2747 3508 2762 3533 ,
2795 3473 2851 3520 et
2879 3479 2983 3520 non
3015 3462 3324 3535 praijudicio

1730 3564 1976 3621 faceretis
2005 3561 2226 3619 erroris.
2258 3559 2422 3616 Vides
2446 3568 2591 3615 certe
2621 3558 2675 3613 in
2703 3556 2806 3613 hoc
2825 3555 3325 3612 Maximiauensium

1728 3660 1795 3716 ad
1836 3668 2067 3715 vestram
2108 3654 2541 3714 communionem
2584 3650 2756 3708 reditu
2803 3648 3159 3722 patefactum,
3197 3663 3325 3705 vera

1729 3769 1850 3811 esse
1895 3767 2014 3824 qua:
2049 3750 2117 3807 de
2140 3749 2414 3821 Baptismo
2435 3746 2683 3803 dicuntur
2710 3760 2741 3800 a
2768 3744 2940 3800 nobis.
2963 3741 3094 3799 Nam
3115 3742 3162 3799 si
3187 3741 3326 3799 ullus

1728 3856 1813 3903 est
1852 3847 1905 3901 in
1944 3843 2250 3900 hominibus
2296 3842 2617 3907 intellectus,
2661 3839 2743 3895 vel
2779 3835 2989 3894 dicendi
3016 3835 3216 3908 aliquid
3241 3835 3326 3892 vel

1731 3938 1979 3995 audiendi
2004 3979 2018 4001 ,
2063 3937 2154 4008 qui
2194 3944 2478 4006 antequam
2518 3932 2704 3990 redeat
2731 3930 2798 3986 ad
2829 3928 3124 3986 Ecclesiam
3148 3927 3324 3999 bapti-

1731 4042 1817 4089 zat
1837 4075 1852 4101 ,
1880 4031 2122 4104 profecto
2147 4039 2296 4086 extra
2326 4027 2622 4084 Ecclesiam
2646 4025 2877 4096 baptizat
2907 4043 2918 4078 :
2950 4033 3004 4078 et
3031 4033 3206 4078 tamen
3233 4037 3324 4076 re-

1730 4125 2054 4182 scindendus
2074 4123 2378 4194 Baptismus
2399 4135 2507 4175 non
2526 4128 2628 4186 est,
2651 4118 2791 4172 sicut
2814 4131 2912 4172 nec
2933 4119 2986 4170 in
3008 4115 3112 4170 illis
3127 4115 3325 4170 rescis-

1731 4233 1824 4274 sus
1855 4232 1886 4273 a
1910 4217 2061 4273 vobis
2085 4225 2185 4270 est.
2216 4214 2334 4283 Quo
2363 4227 2468 4266 non
2499 4219 2704 4266 mutato
2727 4251 2742 4277 ,
2773 4223 2874 4263 nec
2898 4207 2950 4262 in
2977 4221 3076 4262 suo
3099 4247 3115 4273 ,
3147 4221 3246 4262 nec
3271 4206 3324 4264 in

1731 4312 2041 4383 cujusquam
2079 4307 2328 4374 alterius,
2372 4306 2467 4362 sed
2511 4305 2564 4360 in
2602 4303 2772 4358 Patris
2796 4311 2851 4357 et
2874 4301 2994 4357 Filii
3016 4310 3070 4357 et
3096 4298 3326 4372 Spiritus

1732 4406 1901 4462 sancti
1941 4403 2156 4460 nomine
2191 4401 2416 4473 quisque
2452 4398 2701 4469 baptizat.
2731 4394 2968 4461 Deinde,
3003 4401 3198 4464 praeter
3226 4392 3329 4448 Ba-

1733 4500 1911 4573 ptismi
1955 4503 2346 4554 sacramentum
2371 4535 2387 4560 ,
2431 4489 2572 4562 quod
2603 4488 2685 4544 vel
2711 4487 2779 4544 ad
2810 4499 3021 4559 poenam
3050 4485 3323 4556 perversi,

1734 4595 1818 4651 vel
1859 4593 1925 4648 ad
1965 4592 2189 4646 salutem
2232 4586 2364 4642 recti
2397 4585 2513 4640 sive.
2536 4581 2762 4639 correcti
2789 4581 3051 4650 integrum
3075 4591 3325 4649 perseve-

1733 4697 1854 4755 rat,
1895 4686 1963 4741 de
2004 4684 2118 4754 ipsa
2152 4687 2513 4736 correctorum
2539 4674 2838 4747 expiatione
2865 4672 2953 4728 vel
2983 4669 3328 4726 mundatione

1733 4782 1858 4838 volo
1886 4776 2084 4849 aliquid
2109 4775 2309 4831 dicere.
2341 4770 2623 4828 Meministi
2643 4769 2786 4824 enim
2809 4781 2927 4837 quae
2951 4765 3205 4821 adversus
3229 4777 3329 4818 nos

1735 4873 1966 4938 dixeris,
2015 4869 2153 4940 quod
2182 4867 2456 4923 venientes
2485 4864 2552 4919 ad
2585 4878 2681 4918 nos
2710 4877 2739 4914 a
2769 4859 2922 4915 vobis
2948 4871 3010 4914 ex
3043 4855 3327 4912 haeretico-

1736 4982 1855 5022 rum
1900 4962 2160 5032 sacrilego
2203 4973 2417 5024 errore,
2444 4957 2560 5011 sine
2588 4954 2693 5009 ulla
2723 4950 3024 5022 expiatione
3050 4959 3329 5018 susceptos

1738 5060 2049 5116 habeamus.
2099 5055 2180 5110 Tu
2220 5052 2372 5108 nobis
2397 5050 2484 5106 dic
2513 5046 2674 5103 modo
2699 5090 2714 5115 ,
2746 5045 2814 5101 de
2838 5043 3125 5101 schismate
3152 5040 3327 5097 Maxi-

1739 5153 1900 5207 miani
1942 5149 2227 5205 redeuntes
2265 5145 2329 5200 ad
2369 5157 2499 5211 vos,
2529 5155 2652 5196 cum
2679 5139 2731 5194 in
2757 5138 2869 5193 suis
2897 5136 3058 5194 etiam
3088 5134 3329 5206 suscipe-

1739 5253 1924 5300 rentur
1963 5240 2254 5296 honoribus
2283 5258 2297 5306 ;
2339 5251 2441 5308 qua
2479 5233 2693 5290 tandem
2719 5274 2733 5296 ,
2775 5245 2959 5303 quaeso
2981 5271 2996 5298 ,
3026 5227 3332 5301 expiatione

1741 5336 1979 5394 mundati
2022 5334 2184 5390 sunt?
2227 5333 2284 5388 In
2320 5331 2411 5386 illo
2439 5337 2584 5384 tanto
2611 5326 2816 5383 scelere
2845 5323 3194 5397 participato,
3224 5335 3331 5376 non

1740 5439 1894 5487 erant
1923 5439 2027 5483 tam
2055 5425 2258 5482 nefaria
2284 5423 2538 5480 societate
2567 5418 2858 5475 maculati?

1813 5520 2037 5580 CAPUT
2081 5518 2224 5574 XIX.
2261 5547 2332 5558 —-
2370 5515 2460 5570 22.
2504 5512 2732 5570 Attende
2774 5511 2899 5583 quid
2930 5511 3178 5572 insonet,
3208 5503 3334 5577 quid

1746 5620 1987 5688 increpet
2006 5658 2020 5681 ,
2047 5613 2171 5684 quid
2201 5614 2252 5668 in
2280 5613 2369 5668 illo
2397 5611 2654 5683 prteclaro
2682 5606 2906 5664 concilio
2937 5603 3163 5658 fateatur
3191 5599 3335 5656 veri-

1815 5800 1828 5832 ¹
1859 5796 1974 5849 Editi
2000 5835 2009 5854 ,
2041 5806 2226 5858 quoque
2250 5793 2402 5843 modo.
2439 5789 2734 5852 atanuscripti
2763 5797 2903 5838 vero.
2932 5783 3179 5860 quomodg.
