3812 6212
388 301 503 359 Δξ’ἰίνΐ

399 418 577 474 dicum
616 428 679 471 os
724 410 854 469 illud
892 409 1265 479 episcoporum
1310 413 1538 458 tuorum.
1582 399 1989 466 Maaimianum,

399 509 604 581 inquit,
655 504 777 574 lidei
822 500 1095 565 aemulum,
1142 494 1361 551 veritatis
1390 493 1713 558 adulterum,
1759 489 2001 545 Ecclesia:

402 601 575 658 matris
599 597 855 653 inimicum
874 635 888 658 ,
917 590 1136 657 Datlue,
1166 586 1332 645 Chorc
1350 629 1366 653 ,
1398 595 1445 642 et
1474 584 1661 640 Abiron
1690 583 1996 647 ministrum,

402 696 467 750 de
511 691 649 765 pacis
694 670 885 761 gremio
926 683 1184 740 sententia:
1229 680 1421 755 fulmen
1462 678 1679 734 excussit
1723 693 1744 732 :
1783 684 1831 731 et
1866 676 2000 748 quod

405 786 573 841 adhuc
610 798 724 837 eum
763 778 1024 834 dehiscens
1048 784 1182 829 terra
1207 789 1306 827 non
1337 771 1526 827 sorbuit
1555 768 1742 841 (Nunt.
1772 770 1913 838 XVI),
1932 767 2000 822 ad

403 877 571 949 majus
613 871 916 946 supplicium
955 866 1151 939 superis
1188 864 1472 919 reservavit.
1512 862 1710 934 Raptus
1738 859 1869 914 enim
1896 874 2002 929 pte-

401 987 520 1027 nam
563 982 705 1023 suam
748 959 1045 1034 compendio
1085 956 1365 1013 lucraverat
1397 953 1588 1027 funeris
1616 968 1635 1007 :
1663 968 1844 1007 usuras
1868 966 2003 1004 nunc

399 1063 656 1138 graviores
698 1055 892 1129 colligit
934 1052 1157 1127 fenoris,
1200 1065 1315 1105 cum
1355 1058 1585 1103 mortuus
1620 1046 1824 1102 interest
1857 1045 2001 1099 vivis.

404 1135 551 1212 Itane
595 1150 810 1207 tandem
854 1148 907 1202 in
948 1144 1106 1216 hujus
1129 1142 1449 1207 schismate,
1480 1139 1619 1194 sicut
1644 1142 1760 1207 ipse
1782 1135 1998 1201 dixisti,

396 1230 789 1320 persistentes,
818 1247 1103 1309 antequam
1129 1234 1265 1290 intra
1294 1242 1503 1302 tempus
1532 1229 1803 1285 dilationis
1821 1267 1837 1294 ,
1865 1227 2005 1283 sicut

406 1317 465 1397 iu
495 1341 621 1396 item
651 1334 828 1391 dixisti
848 1375 864 1399 ,
896 1347 956 1388 se
984 1339 1177 1386 vestrae
1208 1324 1459 1382 Ecclesiae
1483 1321 1863 1387 reddidissent,
1886 1317 2005 1374 nul-

405 1433 513 1488 lam
560 1429 645 1484 vel
684 1440 899 1499 parvam
945 1422 1011 1478 de
1049 1420 1206 1490 hujus
1244 1418 1498 1473 societate
1527 1420 1799 1470 traxerant
1821 1425 2004 1466 macu-

406 1523 553 1583 lam?
578 1520 684 1579 Sed
725 1517 848 1577 audi
876 1515 1067 1574 deinde
1092 1511 1218 1586 quid
1246 1517 1539 1582 sequatur;
1567 1507 1690 1562 audi
1715 1549 1730 1575 ,
1757 1505 2002 1576 inquam,

408 1619 637 1674 dictator
684 1613 764 1668 vel
807 1612 983 1667 dictor
1024 1607 1164 1663 illius
1212 1602 1492 1660 sententia:
1536 1596 1661 1672 quid
1704 1604 2005 1654 connectat.

415 1709 529 1767 Nec
556 1708 689 1762 hunc
722 1705 906 1767 solum,
933 1701 1135 1771 inquit,
1162 1693 1362 1753 sceleris
1389 1694 1470 1749 sui
1493 1709 1627 1748 mors
1645 1692 1793 1762 justa
1819 1687 2008 1744 conde-

409 1808 550 1858 mnat
595 1816 614 1856 :
658 1796 812 1852 trahit
854 1793 1007 1849 etiam
1044 1789 1113 1844 ad
1154 1786 1460 1844 consortium
1502 1782 1724 1838 criminis
1763 1779 2010 1852 plurimos

408 1902 584 1950 catena
610 1886 880 1960 sacrilegii,
898 1884 961 1939 de
987 1882 1166 1957 quibus
1180 1879 1424 1953 scriptum
1450 1885 1574 1945 est,t
1595 1874 1850 1930 Venenum
1871 1873 2012 1943 aspi-

412 1987 534 2041 dum
566 1982 658 2038 sub
688 1979 834 2036 labiis
859 1992 1069 2042 eorum;
1097 1990 1311 2047 quorum
1335 1989 1392 2027 os
1417 1968 1767 2025 maledictione
1793 1975 1838 2022 et
1866 1983 2008 2020 ama-

410 2079 632 2137 ritudine
677 2078 884 2151 plenum
926 2083 997 2129 est
1021 2114 1034 2139 ,
1064 2068 1253 2126 veloces
1280 2067 1429 2141 pedes
1457 2080 1628 2121 eorum
1654 2063 1723 2117 ad
1750 2059 2013 2130 effunden-

412 2170 536 2227 dum
560 2169 856 2243 sanguinem
884 2182 903 2221 :
924 2162 1156 2218 contritio
1182 2170 1226 2214 et
1256 2156 1530 2230 infelicitas
1559 2156 1612 2209 in
1636 2155 1728 2209 viis
1748 2168 1937 2218 eorum,
1966 2160 2013 2205 et

413 2263 545 2319 viam
574 2241 711 2333 pacis
733 2274 833 2312 non
864 2261 1203 2327 cognoverunt
1230 2270 1249 2303 s
1282 2247 1452 2321 (Psal.
1483 2262 1577 2302 xm
1598 2288 1611 2311 ,
1630 2244 1664 2300 ‘5
1683 2286 1699 2312 ,
1727 2243 1804 2315 4).
1834 2241 2010 2297 Nolle-

414 2371 527 2417 mus
564 2348 765 2420 quidem
808 2357 1048 2417 tanquam
1087 2359 1113 2396 e
1147 2339 1343 2414 proprii
1367 2337 1595 2409 corporis
1618 2337 1857 2406 iunctura
1882 2347 2014 2406 prat-

418 2446 520 2503 cidi
544 2463 562 2512 ;
585 2444 675 2501 sed
709 2442 948 2513 quoniam
978 2436 1270 2493 tabescentis
1298 2432 1516 2489 vulneris
1541 2429 1754 2503 putredo
1779 2427 2018 2500 pestifera

417 2538 537 2613 plus
566 2535 711 2591 habet
736 2536 789 2589 in
817 2530 1120 2587 abscissione
1142 2526 1403 2583 solaminis
1423 2567 1437 2591 ,
1472 2540 1623 2596 quant
1651 2522 1705 2577 in
1727 2519 2021 2576 remissione

420 2626 770 2685 medicaminis
791 2666 807 2692 ,
848 2624 1048 2678 inventa
1076 2628 1146 2675 est
1180 2633 1335 2673 causa
1359 2614 1611 2671 salubrior
1636 2628 1701 2668 ne
1728 2626 1817 2682 per
1840 2616 2022 2666 cuncta

420 2719 645 2777 membra
681 2715 919 2790 pestilens
955 2713 1147 2783 irrepat
1182 2710 1321 2764 virus
1363 2716 1419 2762 ut
1456 2704 1809 2776 compendioso
1846 2702 2023 2756 dolore

425 2821 602 2869 natum
623 2808 821 2866 decidat
845 2807 1050 2863 vulnus.
1082 2802 1293 2859 Faniosi
1315 2818 1432 2873 ergo
1457 2799 1682 2856 criminis
1707 2813 1819 2853 reos
1855 2794 2023 2852 Victo-

421 2908 627 2963 rianum
648 2895 1474 2964 Carchabianensem,Martianum
1491 2892 1849 2959 Sullectinum,
1868 2887 2022 2945 Beia-

423 3018 549 3058 num
590 2997 925 3052 Baianensem
950 3035 965 3058 ,
1015 2991 1248 3048 Salvium
1290 2987 1654 3058 Ausafensem,
1703 2981 2025 3038 Theodorum

430 3092 746 3155 Usulensem,
766 3086 1023 3141 Donatum
1044 3081 1421 3147 Sabratensem,
1450 3076 1735 3150 Miggenem
1762 3073 2028 3148 Elefanta-

427 3187 643 3240 riensem
659 3222 674 3247 ,
700 3179 1067 3234 Prtetextatum
1092 3172 1448 3229 Assuritanum
1466 3213 1482 3240 ,
1516 3169 1746 3226 Salvium
1772 3166 2026 3223 Membre-

428 3278 652 3335 silanum
675 3316 691 3342 ,
746 3270 1003 3327 Valerium
1040 3264 1370 3324 Melsitanum
1394 3306 1411 3334 ,
1434 3263 1753 3320 Felicianum
1793 3260 2029 3318 Μαικία-

430 3387 555 3428 num
577 3411 593 3439 ,
622 3376 668 3423 et
695 3365 986 3423 Martialem
1016 3360 1367 3418 Pertusensem
1388 3402 1402 3429 ,
1425 3360 1512 3433 qui
1535 3363 1732 3431 funesto
1752 3372 1902 3430 apere
1923 3371 2032 3427 per-

431 3461 639 3519 ditionis
666 3476 772 3515 .vas
814 3456 1077 3513 sordidum
1115 3452 1327 3509 collecta
1360 3451 1647 3525 fteculentia
1675 3448 2031 3522 glutinarunt;

430 3554 526 3611 sed
550 3562 597 3609 et
624 3552 831 3608 clericos
860 3545 1136 3618 aliquando
1163 3544 1407 3600 Ecclesia
1432 3542 1774 3613 Carthaginis,
1802 3541 1888 3613 qui
1910 3539 2033 3593 dum

435 3646 653 3723 facinori
689 3644 973 3707 intersunt,
1013 3639 1191 3694 illicito
1232 3637 1442 3692 incestui
1471 3635 1772 3691 lenocinium
1800 3634 2033 3705 praebue-

437 3748 596 3805 runt,
637 3735 733 3792 Dei
778 3731 1091 3807 praesidentis
1130 3729 1336 3783 arbitrio
1375 3725 1671 3782 universalis
1722 3724 1923 3780 concilii
1946 3739 2033 3778 ore

436 3829 654 3886 veridico
697 3826 962 3881 damnatos
998 3838 1103 3877 esse
1140 3818 1423 3892 cognoscite
1463 3818 1560 3892 (a).
1602 3817 1732 3886 Quae
1785 3816 2029 3890 graviora

441 3922 497 3978 in
558 3919 678 3975 illos
738 3917 918 3972 dicere
981 3910 1274 3985 potuistis?
1334 3910 1465 3978 Quae
1522 3910 1767 3981 graviora
1832 3908 1885 3963 in
1940 3922 2040 3964 nos

440 4014 587 4084 ipsos
644 4008 822 4064 dicere
884 3994 1111 4062 soletis?
1170 4002 1277 4060 Sed
1333 4002 1396 4057 ab
1462 4003 1593 4069 hoc,
1656 4001 1870 4072 inquis,
1935 4009 2038 4055 tam

443 4118 630 4176 magno
667 4099 803 4155 malo
839 4100 976 4154 intra
1014 4095 1272 4151 dilationis
1308 4103 1503 4167 tempus
1538 4094 1749 4148 correcti
1775 4102 1911 4149 sunt.
1944 4092 2037 4150 Vi-

446 4195 576 4252 dero
604 4202 781 4249 utrum
808 4189 1035 4246 correcti
1062 4188 1207 4244 sint:
1237 4185 1355 4257 quia
1378 4200 1563 4242 revera
1587 4185 1810 4241 correcti
1835 4192 2037 4253 essent,

444 4288 490 4344 si
518 4286 584 4343 ad
607 4300 793 4341 veram
818 4282 1113 4340 Ecclesiam
1140 4287 1492 4336 remeassent.
1515 4277 1623 4335 Sed
1649 4280 1694 4335 si
1719 4285 1895 4335 vestra
1917 4294 2042 4334 vera

445 4388 529 4437 est
552 4422 567 4449 ,
607 4376 879 4451 quomodo
909 4375 1107 4447 expiati
1129 4374 1237 4432 sint
1263 4389 1294 4428 a
1317 4381 1424 4428 tam
1450 4371 1672 4429 immani
1700 4371 1933 4439 scelere,
1964 4369 2046 4427 di-

447 4475 573 4531 cite.
617 4473 674 4531 Si
715 4471 858 4528 enim
896 4484 1001 4526 non
1039 4476 1164 4524 sunt
1197 4458 1429 4539 expiati,
1460 4480 1653 4521 omnes
1677 4479 1775 4521 vos
1800 4464 1929 4519 estis
1955 4478 2043 4519 sc-

452 4567 687 4624 cundum
707 4574 941 4621 vestram
968 4561 1287 4618 sententiam
1311 4572 1497 4616 eorum
1524 4557 1728 4614 scelere
1751 4555 1999 4611 maculati
2026 4573 2040 4611 :

452 4660 500 4716 si
533 4667 711 4715 autem
741 4656 934 4728 expiati
963 4662 1086 4710 sunt
1105 4696 1119 4717 ,
1148 4653 1264 4710 solo
1291 4652 1407 4724 ipso
1430 4649 1605 4707 reditu
1628 4693 1644 4718 ,
1675 4658 1893 4721 propter
1915 4648 2047 4704 cha-

452 4755 667 4811 ritatem
699 4764 816 4820 quae
842 4746 1082 4817 cooperit
1108 4742 1498 4799 multitudinem
1530 4748 1870 4813 peccatorum
1900 4780 1915 4805 ,
1944 4751 2047 4794 ex-

456 4846 590 4918 piari
634 4842 869 4913 potuisse
901 4836 1229 4901 conceditis;
1259 4844 1312 4891 et
1338 4849 1437 4890 nos
1463 4834 1533 4890 de
1561 4833 1753 4889 vestris
1781 4847 1898 4888 cum
1928 4846 2048 4888 cor-

454 4937 589 4993 recti
631 4935 698 4991 ad
740 4950 836 4990 nos
874 4933 1131 4997 veniunt,
1171 4928 1417 4984 inanibus
1442 4925 1720 4982 calumniis
1743 4924 2003 4980 accusatis
2034 4958 2049 4996 ε

459 5028 564 5086 nisi
586 5027 742 5093 forte,
764 5026 873 5096 jam
899 5023 1112 5096 quidem
1135 5022 1153 5056 ί
1174 5064 1189 5088 ,
1216 5022 1347 5077 sicut
1368 5018 1579 5077 concilii
1602 5017 1759 5073 verba
1786 5015 2050 5084 indicant,

460 5131 516 5179 et
558 5118 862 5177 schismatis
905 5117 1238 5189 sacrilegium
1280 5119 1717 5186 perpetraverant
1741 5154 1755 5178 ,
1803 5109 1897 5166 sed
1932 5119 2055 5166 ante

466 5212 607 5268 diem
652 5223 923 5266 concessae
963 5207 1231 5264 dilationis
1268 5204 1456 5262 eodem
1504 5201 1785 5273 sacrilegio
1822 5201 2057 5256 nondum

470 5305 685 5361 fuerant
724 5302 1017 5373 inquinati,
1064 5309 1119 5357 et
1159 5301 1280 5357 ideo
1304 5314 1413 5356 non
1441 5299 1609 5370 putati
1635 5304 1760 5352 sunt
1787 5294 2055 5366 expiandi.

1147 289 1418 347 CONTRA
1458 284 1888 344 CRESCONIUM
1931 284 2383 352 DONA'I‘ISTAM,
2424 283 2481 340 S.
2524 283 2889 341 AUGUSTINI

2104 399 2318 471 quando
2349 399 2527 455 vultis.
2554 398 2669 454 Non
2698 400 2983 455 obscurum
3006 398 3209 472 aliquid
3232 400 3573 469 redamas,
3605 399 3701 457 ἠ
3720 418 3751 429 ’-

2106 506 2276 547 nusve
2300 500 2482 547 notum
2509 501 2669 564 atque
2693 493 2980 564 vulgatum.
3018 491 3113 549 Illa
3139 494 3402 551 ambesis
3432 502 3562 559 est,
3596 507 3759 565 qua

2109 592 2267 638 tanta}
2286 582 2547 640 facundiae
2567 585 2761 641 merito
2779 586 2832 640 in
2853 586 3100 643 manibus
3111 587 3371 655 omnium,
3388 588 3447 643 in
3466 587 3761 643 omnium

2107 690 2203 732 ore
2241 686 2519 746 versatur,
2564 677 2653 748 qui
2695 678 3044 748 legendorum
3073 680 3254 736 talium
3276 680 3512 737 studiosi
3534 690 3691 736 sunt
3742 696 3767 731 :

2108 767 2176 824 de
2201 784 2303 840 qua
2331 784 2476 825 nunc
2501 769 2691 825 saltem
2721 772 2897 827 cernis
2925 786 3083 842 quam
3113 784 3243 829 vere
3267 772 3501 829 dixerim
3520 812 3539 839 ,
3573 772 3771 844 quod

2108 881 2210 919 non
2250 879 2362 920 eam
2395 863 2629 919 deberent
2669 866 2835 937 primo
2877 865 3098 937 gaudere
3134 866 3404 933 disertam,
3446 884 3518 921 iu
3538 876 3773 940 postea

2109 957 2403 1028 plangerent
2423 955 2743 1025 diffamatam
2770 956 2909 1029 (Lib.
2940 959 2967 1014 1
3000 967 3177 1013 contra
3199 956 3416 1014 Litteras
3441 956 3761 1020 Petiliani.

2109 1065 2164 1103 n.
2192 1049 2303 1120 11).
2332 1048 2563 1106 Attende
2587 1048 2714 1120 quid
2744 1049 2938 1106 habeat
2957 1093 2975 1118 ,
3006 1051 3126 1107 audi
3158 1052 3283 1123 quid
3302 1061 3649 1124 perstrepat.

2180 1140 2408 1198 CAPUT
2459 1141 2601 1197 XXI.
2643 1171 2717 1182 —
2761 1141 2851 1198 24.
2897 1140 3307 1211 Maxintianum,
3345 1142 3567 1213 inquit,
3604 1142 3769 1211 ﬁdei

2108 1236 2384 1302 aemulum,
2431 1236 2655 1292 veritatis
2694 1237 3013 1305 adulterum,
3058 1235 3302 1293 Ecclesia
3324 1236 3509 1291 matris
3538 1236 3773 1291 iniuri-

2110 1347 2259 1397 cum,
2308 1329 2525 1395 Dathw,
2574 1327 2738 1385 Chore
2790 1339 2836 1385 et
2882 1329 3072 1384 Abiron
3108 1328 3426 1395 ministrum,
3468 1327 3540 1385 de
3580 1330 3777 1399 pacis

2108 1423 2299 1495 gremio
2351 1424 2612 1479 sententiae
2644 1423 2836 1493 fulmen
2871 1423 3108 1478 excussit.
3148 1420 3283 1477 Cum
3321 1420 3425 1476 hoc
3465 1421 3653 1492 igitur
3696 1422 3769 1475 si

2111 1516 2232 1587 quis
2269 1514 2674 1572 Sacramentum
2714 1515 2898 1571 altaris
2941 1529 3050 1570 uno
3089 1514 3175 1569 die
3201 1514 3380 1569 sciens
3403 1512 3770 1569 communi-

2112 1616 2324 1674 casset,
2362 1606 2653 1663 secundum
2690 1606 3131 1677 jactantissimam
3176 1606 3321 1661 illam
3360 1605 3757 1662 severitatem

2113 1709 2377 1767 vestram,
2426 1714 2532 1754 non
2579 1698 2648 1755 de
2684 1707 2833 1753 tanto
2860 1699 3002 1754 malo
3035 1698 3114 1754 sic
3141 1697 3471 1769 pollueretur
3492 1737 3512 1763 ,
3539 1707 3609 1753 ut
3636 1712 3764 1768 par

2114 1792 2231 1862 ejus
2272 1791 2470 1849 fieret?
2513 1791 2651 1862 Quid
2689 1807 2818 1862 ergo
2842 1792 3090 1859 fuerunt,
3119 1792 3201 1848 vel
3225 1791 3350 1863 quid
3378 1806 3445 1848 es
3472 1793 3573 1848 illo
3602 1791 3767 1849 facti

2114 1894 2275 1952 sunt,
2316 1886 2406 1957 qui
2446 1901 2553 1942 non
2583 1884 2757 1941 solum
2785 1885 2854 1942 ad
2880 1884 3069 1939 altaria
3094 1898 3216 1939 cum
3242 1899 3308 1940 eo
3332 1893 3711 1941 accesserunt
3740 1926 3764 1951 ,

2115 1992 2302 2033 verum
2342 1976 2501 2033 etiam
2549 1977 2650 2049 ipsi
2689 1992 2811 2033 eum
2851 1975 3152 2032 ordinatum
3186 1975 3503 2046 episcopum
3533 1985 3764 2033 castra

2117 2071 2445 2127 Primianum
2490 2079 2728 2127 vestrum
2771 2070 2966 2128 erectis
3010 2068 3273 2125 altaribus
3320 2068 3767 2124 admoverunt?

2118 2162 2224 2221 Sed
2262 2162 2387 2235 quid
2422 2177 2521 2235 ego
2564 2171 2617 2219 te
2653 2161 2720 2218 de
2758 2162 2875 2217 istis
2905 2161 3224 2231 interrogem
3249 2159 3274 2215 i
3303 2159 3420 2229 Ipsa
3449 2159 3759 2216 sentemia

2116 2254 2367 2326 loquatur
2385 2294 2401 2320 ,
2429 2254 2579 2325 cujus
2606 2252 2771 2309 verba
2792 2253 2869 2309 sic
2890 2252 3110 2324 fulgent,
3136 2260 3196 2307 ut
3222 2253 3271 2308 si
3300 2266 3419 2307 eam
3440 2251 3761 2306 volueritis

2121 2345 2449 2402 abscondere
2476 2388 2493 2414 ,
2545 2344 2901 2415 quarumlibet
2946 2343 3269 2400 latebrarum
3317 2342 3574 2399 tenebras
3634 2356 3759 2397 suo

2121 2440 2288 2496 nimio
2325 2438 2608 2512 splendore
2644 2444 2971 2509 perrumpat.
3007 2437 3291 2494 Videamus
3320 2438 3373 2492 in
3402 2437 3588 2493 socios
3612 2436 3759 2493 Ma-

2123 2530 2345 2587 ximiani
2365 2573 2382 2599 ,
2411 2539 2609 2602 quanto
2634 2530 2813 2586 sonitu
2836 2530 3194 2586 damnationis
3221 2532 3476 2603 insurgat.

2196 2621 2424 2679 CAPUT
2448 2621 2616 2678 XXII.
2643 2652 2714 2663 ——
2741 2621 2835 2679 25.
2863 2620 2975 2678 Nec
2997 2622 3162 2679 solum
3186 2622 3353 2689 hunc,
3377 2623 3557 2694 inquit
3575 2662 3592 2689 ,
3621 2639 3758 2679 sce-

2126 2717 2243 2773 leris
2266 2716 2345 2771 sui
2370 2731 2507 2771 mors
2521 2716 2670 2788 justa
2694 2715 2997 2772 condemnat
3024 2734 3040 2772 :
3068 2716 3223 2771 trahit
3246 2717 3397 2771 suam
3421 2715 3491 2771 ad
3515 2732 3758 2772 consor-
3782 2746 3783 2749 η

2128 2809 2255 2865 tium
2278 2809 2506 2865 criminis
2530 2809 2778 2882 plurimos
2804 2818 2983 2865 catena
3006 2810 3277 2881 sacrilegii,
3300 2809 3364 2864 de
3387 2809 3578 2879 quibus
3603 2812 3757 2864 scri-

2128 2910 2269 2974 ptum
2292 2909 2385 2968 est,
2411 2920 2431 2955 ‹
2448 2898 2711 2958 Venenum
2733 2901 2971 2972 aspidum
2989 2901 3081 2956 sub
3106 2900 3251 2955 labiis
3271 2916 3480 2964 eorum;
3505 2917 3753 2969 quorum

2130 3010 2187 3050 os
2206 2993 2555 3050 maledictione
2577 3004 2625 3049 et
2646 2992 2990 3049 amaritudine
3008 2992 3215 3065 plenum
3239 3001 3333 3058 est.
3356 2993 3553 3049 veloces
3578 2995 3755 3065 pedes

2129 3103 2305 3143 eorum
2341 3086 2411 3141 ad
2436 3085 2800 3155 effundendum
2827 3086 3124 3159 sanguinem
3154 3099 3173 3141 :
3201 3085 3433 3140 contritio
3468 3094 3520 3139 et
3550 3086 3753 3154 infeli-

2132 3179 2258 3236 citas
2284 3179 2339 3234 in
2361 3178 2455 3234 viis
2480 3194 2689 3247 eorum,
2728 3186 2778 3234 et
2805 3178 2938 3233 viam
2976 3177 3117 3248 pacis
3156 3192 3259 3231 non
3292 3186 3679 3249 cognoverunt.
3730 3199 3751 3231 s

2136 3269 2340 3327 Deinde
2367 3268 2528 3340 paulo
2549 3277 2689 3341 post,
2708 3284 2832 3325 cum
2854 3283 3043 3325 omnes
3064 3267 3400 3324 ordinatores
3417 3267 3757 3325 Maximiani

2136 3361 2451 3418 nominatim
2494 3370 2902 3428 enumerasset,
2953 3360 3093 3417 inter
3137 3374 3272 3431 quos
3312 3360 3472 3415 etiam
3522 3360 3614 3416 isti
3677 3361 3756 3417 de

2136 3455 2333 3528 quibus
2361 3470 2481 3527 ago,
2512 3453 2818 3511 Felicianus
2843 3462 2897 3510 et
2919 3453 3273 3511 Praetextatus
3300 3452 3578 3523 leguntur,
3602 3455 3753 3525 quid

2135 3547 2402 3617 fecerint,
2442 3555 2505 3603 ut
2546 3556 2693 3603 tanta
2738 3547 2791 3602 in
2821 3562 2916 3604 eos
2959 3545 3118 3617 digne
3145 3545 3370 3603 dicenda
3398 3554 3629 3615 essent,
3669 3548 3752 3603 ita

2137 3640 2447 3714 subiungit:
2478 3639 2579 3707 Qui
2616 3641 2850 3714 funesto,
2882 3638 3083 3710 inquit,
3113 3653 3263 3709 opere
3301 3636 3603 3710 perditionis
3650 3655 3753 3694 vas

2138 3736 2401 3791 sordidum
2440 3732 2652 3789 collecta
2690 3732 2979 3803 fteculentia
3010 3731 3328 3805 glutinarunt
3348 3747 3369 3786 .'
3394 3732 3473 3788 sic
3497 3731 3750 3804 intelligi

2140 3830 2347 3897 volens,
2378 3827 2523 3900 quod
2554 3827 2654 3899 ipsi
2682 3825 2982 3893 adfuerint,
3010 3825 3110 3895 ipsi
3138 3824 3511 3880 Maximianum
3553 3824 3751 3895 impo-

2143 3925 2262 3983 sitis
2291 3920 2537 3977 manibus
2567 3918 2948 3976 ordinaverint.
2981 3915 3199 3973 Addcns
3222 3918 3382 3974 etiam
3409 3915 3480 3974 de
3502 3916 3750 3974 Cartha-

2142 4013 2283 4087 ginis
2328 4012 2537 4070 clericis
2582 4030 2597 4069 :
2640 4010 2747 4067 Sed
2790 4019 2839 4065 et
2884 4009 3128 4077 clericos,
3165 4008 3369 4080 inquit,
3408 4007 3748 4081 Carthaginis

2145 4105 2421 4168 Ecclesiae,
2461 4103 2551 4176 qui
2579 4101 2699 4157 dum
2729 4101 2944 4175 facinori
2988 4101 3271 4169 intersunt,
3303 4099 3479 4155 illicito
3519 4101 3745 4156 incessi

2147 4196 2451 4253 lenocinium
2481 4194 2820 4266 praebuerunt.
3348 4189 3355 4199 '

2218 4287 2443 4347 CAPUT
2471 4287 2661 4344 XXIII.
2683 4285 2862 4343 —26.
2890 4286 3041 4359 Rogo
3068 4294 3143 4355 te,
3172 4283 3447 4352 Cresconi,
3476 4285 3743 4357 numquid

2146 4381 2271 4439 ullis
2308 4380 2444 4437 meis
2470 4378 2649 4436 verbis
2675 4377 2777 4434 hoc
2804 4378 3009 4433 crimen
3035 4376 3341 4449 exaggero?
3368 4375 3520 4447 Quod
3561 4376 3608 4432 si
3635 4393 3744 4433 γοα

2148 4474 2393 4541 luissem,
2418 4472 2644 4529 fortasse
2672 4469 2825 4538 mihi,
2846 4469 2948 4527 etsi
2977 4484 3082 4527 non
3111 4469 3257 4535 talia,
3281 4476 3459 4524 tamen
3485 4469 3746 4540 qualiter-

2151 4582 2383 4638 cumque
2410 4563 2731 4621 suflicientia
2762 4578 2870 4619 non
2897 4561 3213 4618 defuissent.
3239 4561 3435 4632 Quiaero
3460 4560 3620 4632 igitur
3641 4562 3747 4618 abs

2153 4669 2243 4728 te,
2276 4670 2559 4731 antequam
2589 4658 2677 4714 isti
2717 4656 2860 4724 duo,
2903 4655 2969 4711 de
3008 4653 3201 4728 quibus
3240 4652 3455 4729 interim
3493 4669 3628 4725 ago,
3674 4653 3744 4709 ad
3782 4718 3783 4737 χ

2154 4763 2345 4812 vestra:
2373 4750 2765 4810 communionis
2790 4747 3132 4807 concordiam
3161 4755 3491 4805 remeassem
3508 4787 3523 4813 ,
3565 4745 3625 4802 in
3654 4746 3743 4801 illa

2155 4858 2342 4907 catena
2390 4844 2653 4915 sacrilegii
2696 4841 3004 4909 constituti,
3045 4838 3145 4896 sub
3175 4854 3400 4910 quorum
3445 4837 3603 4893 labiis
3632 4845 3743 4893 erat

2156 4956 2421 5000 venenum
2468 4936 2746 5010 aspidum,
2789 4950 2909 4990 cum
2952 4948 3046 4989 ore
3084 4930 3242 5003 pleno
3283 4928 3663 4987 maledictiune
3694 4935 3743 4983 et

2159 5034 2542 5100 amaritudine,
2572 5047 2693 5087 cum
2723 5029 2949 5101 pedibus
2974 5026 3247 5084 velocibus
3274 5025 3340 5081 ad
3366 5022 3741 5081 effundendum

2161 5127 2511 5198 sanguinem,
2538 5121 2809 5194 quomodo
2834 5117 3211 5191 baptizarunt?
3258 5115 3525 5188 Numquid
3563 5114 3622 5171 in
3666 5114 3743 5170 his

2164 5225 2279 5275 erat
2307 5213 2632 5273 conscientia
2673 5219 2856 5267 sancte
2884 5209 3122 5265 dantium
3145 5249 3159 5275 ,
3185 5223 3307 5281 qua:
3338 5206 3578 5263 ablueret
3605 5205 3740 5261 acci-

2165 5309 2468 5387 pientium?
2511 5304 2779 5377 Numquid
2819 5319 2914 5360 eos
2958 5303 3143 5359 saltem
3188 5302 3325 5357 fama
3356 5301 3494 5357 bona
3533 5299 3621 5356 vel
3649 5299 3739 5356 fal-

544 5392 771 5452 CAPUT
813 5391 934 5448 XX.
980 5423 1055 5434 —
1090 5392 1182 5449 23.
1226 5391 1340 5447 Hoc
1381 5390 1425 5446 si
1452 5389 1525 5445 ita
1549 5397 1663 5454 est,
1690 5387 1810 5459 quis
1832 5401 1931 5443 vos
1955 5401 2062 5441 non

2172 5404 2379 5462 sissima
2408 5397 2839 5465 commendabat,
2867 5411 2987 5468 qua:
3017 5394 3116 5451 tibi
3142 5398 3196 5453 in
3223 5394 3329 5450 illis
3355 5392 3615 5465 angustiis
3645 5406 3735 5447 non

475 5486 691 5554 audiat,
713 5485 802 5556 qui
833 5494 941 5540 tam
959 5484 1257 5540 mirabilem
1285 5490 1599 5554 potestatem
1624 5481 1677 5535 in
1703 5479 1944 5535 homines
1971 5492 2065 5534 ac-

2169 5514 2271 5572 qua
2299 5495 2588 5559 evaderes,
2615 5492 2709 5549 sed
2737 5506 2840 5562 qua
2868 5498 2937 5547 te'
2960 5489 3353 5562 prmeipitares,
3382 5485 3582 5544 exitum
3609 5500 3732 5559 prie

476 5578 693 5651 cepistis
719 5579 747 5632 ?
798 5578 1026 5634 Peccant
1074 5575 1286 5647 quando
1338 5574 1567 5642 volunt,
1626 5580 1681 5629 et
1726 5572 2069 5643 inquinantur
2170 5592 2323 5654 bu“,
2350 5604 2471 5645 cum
2513 5600 2609 5642 eos
2641 5593 2745 5639 tam
2778 5582 2985 5654 insigne
3012 5581 3298 5637 concilium
3335 5580 3529 5637 clamet
3570 5575 3738 5653 [ωας
3782 5596 3783 5599 η

542 5673 560 5703 ί
586 5673 659 5720 sic
683 5678 786 5720 Mss.
814 5669 950 5729 editi,

490 5736 665 5856 ιοξθέιῗ

542 5673 560 5703 ί
586 5673 659 5720 sic
683 5678 786 5720 Mss.
814 5669 950 5729 editi,

540 5733 612 5794 (a)
647 5732 761 5781 vide
786 5732 925 5793 infra,
951 5730 983 5782 li
1004 5745 1036 5780 ).
1059 5729 1126 5780 de
1148 5729 1309 5780 Gestis
1328 5741 1438 5780 cum
1465 5727 1674 5779 Emerita
1704 5728 1963 5789 Donatista,
1985 5739 2069 5783 nn.

2176 5682 2399 5739 criminis
2428 5678 2589 5736 reos?
2631 5674 2936 5734 Redeuntes
2964 5671 3179 5741 deinde,
3206 5673 3343 5728 sicut
3371 5670 3500 5728 falsa
3531 5685 3736 5727 narratio

2181 5779 2320 5836 tibus
2340 5774 2531 5834 vestris
2554 5770 2825 5845 episcopis
2842 5766 3136 5838 credidisti,
3158 5776 3283 5826 ante
3300 5765 3570 5826 dilationis
3585 5763 3737 5829 diem.
