3778 6134
39 314 136 375 509

35 429 297 500 quomodo
343 430 708 500 suscipiuntur
752 427 805 483 in
855 426 1144 482 honoribus
1186 423 1329 490 suis,
1378 441 1504 480 eum
1545 427 1624 480 eis

36 538 158 593 quos
184 534 340 577 extra
384 523 680 580 Ecclesium
722 535 844 577 cum
873 521 1224 586 Maximiano,
1255 520 1527 574 constituti
1570 519 1622 574 in

35 626 210 670 catena
259 616 515 686 sacrilch
545 611 846 670 seltismatis
887 609 1370 684 baptizavcrant‘?
1409 611 1564 667 Unde
1592 621 1624 666 a

39 709 310 778 sacrilegio
356 717 508 763 tanto
545 709 870 778 expiantur?
912 709 956 762 A
985 717 1168 762 eatena
1211 707 1296 760 illa
1342 705 1484 761 unde
1511 706 1626 760 sol-

39 801 266 853 runtur?
294 799 468 855 Labia
497 815 704 866 eorum,
734 813 795 853 os
821 813 1006 854 eorum
1033 813 1063 852 a
1086 813 1291 852 veneno
1320 795 1562 866 aspidum
1580 797 1625 864 ',

37 907 62 944 a
92 891 479 946 maledictione
506 903 560 946 et
584 892 937 946 amaritudine
963 890 1104 945 unde
1128 889 1452 944 mundatnr?
1477 887 1628 943 Unde

38 984 194 1053 pedes
235 985 308 1038 ab
359 985 624 1040 effusione
663 985 953 1055 spiritualis
1003 985 1276 1054 sanguinis
1321 983 1625 1046 abluuntur,

39 1093 136 1147 quo
163 1078 435 1133 velociter
474 1077 870 1131 cucurrerunt?
913 1076 1068 1131 Unde
1113 1087 1301 1130 manus
1346 1091 1374 1128 a
1419 1074 1629 1128 funesto

38 1185 190 1238 opere
231 1170 558 1240 perditionis
587 1170 953 1224 emaculantur
971 1165 998 1220 ?
1043 1167 1200 1224 Unde
1227 1168 1294 1221 ab
1332 1166 1516 1220 illicito
1544 1167 1629 1220 ln-

37 1272 212 1322 cestu,
244 1278 366 1316 non
411 1261 649 1317 membra
679 1262 920 1332 corporis
940 1303 954 1326 ,
988 1260 1083 1315 sed
1112 1260 1305 1314 animae
1336 1266 1588 1331 purgatur
1609 1257 1629 1290 ⁸

39 1353 250 1408 allectus
271 1354 298 1407 ?

102 1445 336 1501 CAPUT
364 1445 563 1501 XXIV.
585 1474 656 1487 --
677 1445 767 1500 97.
797 1445 1001 1515 Nempe
1028 1445 1185 1499 istam
1210 1457 1428 1500 causam
1455 1453 1512 1498 ut
1537 1443 1630 1498 de~

43 1536 261 1590 tendatis
282 1579 296 1602 ,
333 1537 518 1592 velitis
574 1537 772 1602 nolitis,
806 1537 871 1591 ad
903 1535 1254 1606 patrocinium
1276 1538 1515 1592 Veritatis
1541 1549 1633 1592 ve-

40 1629 148 1683 nire
187 1631 503 1699 cogemini,
555 1645 677 1700 quze
715 1629 845 1685 dicit
882 1630 1214 1700 Baptismum
1245 1629 1478 1695 Christi,
1523 1641 1630 1684 non

44 1723 202 1776 solum
233 1737 336 1792 per
362 1723 630 1788 occultos,
659 1722 756 1778 sed
780 1723 940 1777 etiam
968 1737 1066 1792 per
1089 1722 1399 1777 manufestos
1425 1722 1629 1787 malos;

43 1828 130 1867 nec
160 1816 343 1868 solum
376 1828 407 1868 a
439 1814 750 1882 conversis,
781 1827 968 1868 verum
998 1814 1158 1868 etiam
1186 1828 1216 1868 a
1249 1813 1513 1884 perversis
1540 1811 1634 1868 da-

46 1913 166 1971 tum,
215 1905 432 1962 habere
475 1907 849 1962 inconcussam
895 1906 981 1961 sui
1024 1907 1232 1961 roboris
1280 1906 1630 1972 ﬁrmitatem;

46 2007 93 2052 et
130 1997 208 2051 eis
253 2012 426 2068 posse
469 1998 685 2069 quident
735 1999 945 2066 inesse,
983 1998 1080 2053 sed
1110 1999 1212 2052 nisi
1241 1999 1500 2053 correctis
1528 2013 1632 2052 non

48 2102 193 2156 posse
246 2090 555 2159 prodesse;
606 2100 884 2146 correctos
935 2101 1111 2146 autem
1173 2092 1332 2147 etiam
1387 2092 1634 2148 fraternis

49 2181 376 2236 orationibus
432 2183 674 2252 expiari,
723 2197 821 2253 per
871 2183 1183 2238 charitatem
1238 2183 1633 2252 σουρξε-ξείνιοιή

52 2274 444 2330 multitudinem
473 2285 835 2343 peccatorum.
880 2277 1014 2330 Ecce
1043 2285 1326 2346 antequam
1355 2276 1632 2331 ostendam

51 2381 196 2433 quant
241 2367 594 2438 impudenter
639 2368 734 2422 tibi
762 2369 925 2423 vestri
973 2369 1208 2438 episcopi
1253 2369 1321 2422 de
1361 2368 1634 2422 Maximia-

53 2461 288 2515 nensium
320 2463 666 2531 susceptione
710 2463 916 2516 mentiti
942 2469 1098 2527 sunt,
1131 2461 1426 2516 secundum
1465 2463 1637 2531 ipsum

56 2553 385 2608 mendacium
418 2569 601 2610 eorum
629 2563 682 2609 et
712 2555 1071 2609 narrationem
1115 2564 1257 2609 tuam
1283 2597 1297 2621 ,
1329 2569 1487 2624 quam
1530 2562 1636 2607 tota

55 2657 200 2699 causa
230 2653 420 2701 vestra
448 2646 710 2702 subversa
749 2646 824 2701 sit
861 2651 991 2717 polo
1031 2645 1171 2718 quod
1205 2662 1307 2701 non
1347 2647 1460 2716 jam
1486 2660 1637 2716 qua:-

55 2749 162 2789 rere
185 2735 414 2799 debeas,
445 2736 541 2793 sed
571 2751 884 2807 agnoscere,
918 2753 1018 2792 nec
1047 2752 1237 2807 parare
1263 2737 1640 2792 contradictio-

57 2842 204 2895 nem,
231 2829 330 2885 sed
361 2829 753 2885 correctionem
796 2831 973 2900 potius
1001 2832 1117 2901 cogi
1130 2839 1262 2885 tare.
1299 2830 1456 2885 Vides
1493 2830 1637 2884 enim

61 2937 188 2977 nunc
224 2923 445 2990 saltem,
489 2939 649 2994 quam
686 2924 946 2979 veraciter
987 2940 1018 2980 a
1061 2941 1148 2980 me
1191 2925 1282 2980 illa
1325 2923 1464 2979 dicta
1507 2923 1635 2991 sint,

59 3016 236 3085 quibus
273 3017 480 3074 frustra
521 3018 854 3074 mendaciter
895 3019 1224 3089 respondere
1268 3028 1491 3074 conatus
1534 3033 1636 3073 es:

64 3121 207 3176 quam
250 3120 402 3166 recte
443 3109 670 3165 dixerim
691 3149 706 3177 ,
749 3111 811 3165 Si
839 3127 933 3180 pro
962 3111 1156 3164 unitate
1180 3112 1340 3178 portis
1365 3109 1558 3165 Donati
1584 3111 1640 3164 in

64 3202 244 3273 ostiario
269 3204 546 3261 schismate
574 3204 854 3275 baptizatos
892 3219 1038 3259 nemo
1080 3203 1391 3275 rebaptisat,
1421 3221 1512 3259 cur
1538 3219 1640 3259 non

66 3310 144 3360 pro
184 3298 379 3351 unitate
408 3298 598 3352 Christi
641 3313 759 3352 vera
804 3307 850 3350 et
893 3297 1120 3364 plenaria
1166 3299 1251 3352 lea:
1291 3298 1428 3351 illius
1474 3297 1638 3350 luere-

65 3386 219 3442 ditatis
263 3389 559 3460 agnoscitur
607 3388 762 3459 (Lib.
817 3389 842 3443 l
892 3400 1069 3443 contra
1111 3388 1330 3444 Litteras
1377 3387 1633 3454 Petiliani,

67 3493 111 3530 η.
149 3480 279 3550 ll)?
309 3481 444 3537 Cum
496 3479 613 3550 ipse
663 3481 900 3546 fatearis,
949 3495 1044 3535 eos
1091 3481 1178 3550 qui
1235 3481 1286 3534 in
1330 3477 1640 3534 Maximiani

66 3571 343 3629 schismate
395 3574 752 3643 perstitissent
811 3573 1072 3628 meruisse
1130 3575 1485 3638 sententiam,
1536 3585 1640 3642 qua

69 3678 161 3718 non
202 3675 516 3722 tenerentur
553 3667 598 3720 si
641 3666 779 3720 intra
821 3665 962 3720 diem
991 3665 1261 3720 dilationis
1287 3679 1345 3719 se
1383 3663 1641 3720 Ecclesia:

67 3758 434 3816 reddidissent.
499 3759 649 3816 Unde
706 3768 949 3822 constat,
1003 3767 1287 3827 antequam
1340 3772 1400 3813 se
1460 3756 1641 3812 reddi-

69 3849 292 3920 disserit,
325 3866 422 3908 eos
450 3852 504 3906 in
534 3851 824 3907 schismate
870 3851 923 3905 in
962 3865 1068 3920 quo
1100 3851 1440 3920 perstiterant
1466 3849 1641 3919 bapti-

70 3957 223 4012 susse,
255 3962 381 4002 cum
411 3946 604 4017 quibus
633 3947 686 4001 in
719 3955 949 4001 vestram
979 3945 1409 4000 communionem
1442 3945 1640 4015 recepti

71 4047 196 4091 sunt.
246 4039 410 4094 Vides
460 4039 907 4109 quemadmodum
962 4037 1160 4092 mortui
1209 4038 1638 4107 baptizaverint:

71 4131 176 4198 quia
201 4132 268 4189 de
293 4133 400 4188 illis
424 4133 514 4202 qui
541 4133 594 4187 in
620 4132 922 4186 Maximiani
946 4131 1234 4185 schismate
1263 4132 1640 4200 perstitissent,

73 4233 344 4297 antequam
369 4225 435 4280 ad
463 4241 558 4280 vos
582 4225 840 4289 redirent,
863 4226 1062 4280 dictum
1089 4235 1204 4280 erat
1234 4228 1496 4281 sententia
1518 4241 1652 4281 con-.

71 4313 162 4369 cilii
194 4316 534 4387 Bagaiensis,
563 4315 928 4387 Egyptiorum
971 4315 1244 4368 admodum
1273 4316 1501 4388 exemplo
1531 4333 1646 4388 per-

73 4409 279 4462 euntium
311 4405 569 4478 funeribus
601 4409 749 4478 plcua
777 4417 892 4462 sunt
921 4407 1115 4461 littora.

133 4500 351 4558 CAPUT
388 4500 554 4554 XXV.
582 4529 652 4541 -—
692 4500 782 4555 28.
841 4498 995 4566 Quod
1034 4513 1162 4554 vero
1200 4497 1314 4553 dixi
1362 4516 1375 4553 :
1428 4500 1644 4568 Quando

77 4595 200 4661 apud
225 4611 312 4650 eos
350 4593 665 4648 decernenda
716 4593 922 4648 recitata
953 4601 1054 4657 est,
1086 4609 1170 4647 ore
1207 4593 1451 4649 latissimo
1479 4596 1648 4650 accla-

78 4698 362 4752 mavcrunt;
408 4703 544 4741 nunc
584 4697 754 4741 autem
797 4703 908 4740 cum
953 4702 984 4738 a
1031 4686 1173 4740 nobis
1218 4689 1426 4741 recitata
1471 4689 1642 4758 fuerit,

75 4778 401 4835 obmutescunt
435 4778 619 4851 (Ibid.,
647 4798 699 4834 η.
735 4780 824 4851 II)
852 4799 864 4834 :
897 4780 1089 4851 quibus
1119 4782 1290 4851 pinnis
1317 4780 1337 4812 ⁸
1372 4798 1496 4839 ecce
1535 4783 1646 4853 jam

79 4872 226 4929 multo
252 4873 448 4928 melius
471 4873 918 4939 obmutescerent,
944 4887 1100 4942 quam
1122 4889 1242 4926 cum
1273 4875 1392 4927 talia
1421 4875 1646 4946 loquun-

79 4969 179 5028 tur,
222 4965 648 5035 implicarentur.
695 4962 859 5018 Vides
907 4979 1064 5034 quam
1095 4979 1277 5018 verum
1318 4964 1386 5018 sit
1431 4965 1570 5034 quod
1614 4981 1644 5020 a

80 5066 150 5107 me
173 5057 369 5112 dictum
407 5065 520 5122 est,
560 5053 684 5108 Jant
713 5055 915 5108 tandem
941 5055 1123 5107 sentire
1150 5055 1414 5120 deberent,
1457 5066 1644 5122 quanta

79 5146 162 5199 sint
195 5166 285 5221 pro
327 5163 453 5219 pace
482 5147 744 5201 toleranda
764 5188 776 5212 ,
809 5156 857 5200 et
903 5163 994 5217 pro
1031 5163 1152 5216 pace
1177 5144 1361 5200 Citriin
1389 5147 1550 5199 redire
1577 5147 1645 5200 ad

85 5232 373 5304 Ecclesium,
402 5255 516 5308 qua:
555 5254 655 5292 non
699 5238 953 5290 damnavit
991 5237 1282 5308 incognita,
1315 5236 1358 5288 si
1394 5252 1486 5306 pro
1523 5252 1646 5307 pace

131 5398 330 5450 ‘rlures
353 5405 483 5462 Mss,
522 5410 571 5449 in
609 5403 776 5448 catena
813 5395 1058 5460 sacrilegii
1099 5393 1393 5448 schismatici
1431 5394 1642 5460 baptiza-

80 5467 217 5514 υιταηι
223 5499 233 5510 .

133 5523 149 5552 ¹
172 5525 302 5585 editi,
325 5537 379 5576 os
402 5534 569 5574 eorum
586 5533 815 5573 terrenum
842 5518 1084 5584 aspidum.
1113 5526 1167 5570 Αι
1189 5525 1318 5581 Mss,
1339 5533 1392 5570 os
1413 5533 1582 5571 eorum
1612 5534 1645 5572 a

82 5592 232 5650 reuma
248 5585 494 5650 aspidurn.

147 5649 234 5718 {sic
246 5655 370 5718 _Mss_._
390 5649 508 5698 Editi
527 5658 663 5718 vero,
684 5649 967 5718 purgantur.

148 5709 471 5761 ‘Ilicbaelinus
492 5704 694 5768 codex,
716 5704 832 5771 quid
855 5706 1007 5771 peius
1027 5704 1054 5756 .’
1083 5707 1252 5771 caeteri
1294 5711 1425 5766 Mss,
1465 5705 1642 5771 quibus

84 5770 194 5831 Mus
215 5786 301 5824 :ac
323 5772 468 5834 paulo
491 5778 596 5834 post
614 5768 1088 5834 iidemcodicescum
1109 5770 1324 5834 editione
1343 5779 1440 5819 Am.
1458 5768 1638 5832 ferunt,
1659 5771 1680 5790 ‘

87 5841 173 5885 anu
190 5835 303 5889 talia
327 5831 631 5899 loquerentur
648 5831 1044 5897 itupticurentur;
1066 5833 1262 5895 omisso,
1287 5843 1450 5896 qutun.

1386 309 1587 366 LIBER
1625 307 1938 366 TERTIUS.

1737 424 1927 477 Donati
2001 425 2191 494 placuit
2262 439 2493 480 revocare
2551 425 2794 480 damnata
2845 426 2863 496 (
2903 425 3015 480 Lib.
3067 427 3091 482 1
3141 439 3318 486 contra

1736 517 1953 571 Litteras
2002 515 2283 586 Petitiani,
2317 533 2368 573 n.
2418 517 2543 590 14).
2593 517 2760 574 Multo
2799 519 2967 590 magis
3019 520 3162 575 enim
3215 521 3320 576 hoc

1736 613 2026 667 secundum
2083 621 2225 668 tuam
2277 615 2637 669 narrationem
2691 625 2876 669 verum
2929 623 3030 681 est,
3064 613 3319 684 quidixi‘

1736 707 1804 759 sti
1849 707 2008 760 etiam
2061 705 2181 760 illos
2236 705 2487 761 dilatione
2555 719 2810 763 concessa
2882 716 3200 772 revocatos,
3255 705 3323 762 de

1735 801 1926 869 quibus
1953 799 2264 854 nominatim
2294 799 2563 869 expressis
2593 799 2702 870 jam
2759 798 2958 854 dictum
2988 797 3178 863 fuerat,
3228 798 3326 853 Dei

1736 892 2054 962 prandentis
2102 893 2312 946 arbitrio
2357 893 2654 947 universalis
2709 893 2909 947 concilii
2973 908 3058 946 ore
3103 892 3321 947 veridico

1737 985 2002 1039 damnatos
2031 1000 2136 1038 esse
2162 986 2464 1055 cognoscite.
2495 984 2627 1040 Cum
2666 985 2807 1039 enim
2862 989 2981 1054 post
3006 984 3120 1040 haec
3161 984 3326 1040 verba

1736 1074 1826 1129 illa
1875 1083 1957 1130 est
2025 1075 2213 1130 dilatio
2265 1077 2551 1131 constituta
2586 1118 2600 1141 ,
2655 1076 2924 1146 quomodo
2974 1089 3080 1131 non
3131 1076 3328 1146 placuit

1737 1183 1993 1225 revocare
2036 1169 2330 1226 damnata?
2377 1181 2470 1226 aut
2514 1170 2782 1241 quomodo
2826 1172 2980 1224 nobis
3021 1179 3170 1224 tanto
3209 1179 3329 1240 post

1735 1262 1910 1327 natis,
1939 1262 2026 1316 vel
2058 1263 2156 1332 ipsi
2193 1263 2354 1316 etiam
2384 1262 2678 1318 christiano
2717 1262 2834 1318 orbi
2877 1273 3134 1317 terrarum
3179 1264 3330 1318 inco-

1737 1354 1883 1423 gnita
1916 1368 2035 1410 esse
2065 1368 2172 1408 non
2215 1355 2454 1425 possint,
2485 1370 2606 1426 quae
2643 1354 2856 1426 probari
2903 1368 3007 1408 non
3047 1363 3332 1425 potuerunt

1739 1447 1807 1502 de
1835 1448 2158 1514 Caeciliano,
2189 1449 2241 1503 in
2271 1463 2337 1504 eo
2377 1449 2519 1518 quod
2563 1457 2746 1519 postea
2797 1448 2990 1503 factum
3019 1457 3100 1502 est
3133 1447 3332 1518 judicio

1737 1540 2143 1607 transmarino;
2186 1540 2402 1610 quando
2450 1555 2512 1595 ea
2562 1553 2680 1610 qua:
2727 1540 2794 1595 de
2833 1538 3333 1596 Maximianensibus

1739 1643 1887 1704 gesta
1916 1641 2074 1700 sunt,
2108 1641 2162 1688 et
2205 1634 2256 1688 in
2294 1632 2506 1701 Africa,
2547 1641 2602 1688 et
2651 1632 2977 1703 temporibus
3016 1633 3210 1686 nostris
3233 1671 3247 1698 ,
3279 1643 3332 1687 tu

1741 1741 1862 1780 cum
1889 1728 1966 1782 sis
1986 1726 2132 1791 Afer,
2163 1727 2303 1782 sicut
2330 1727 2486 1793 dicis,
2516 1735 2636 1797 post
2663 1735 2742 1781 tot
2773 1739 2942 1780 annos
2966 1725 3140 1780 adhuc
3163 1739 3331 1796 usque

1741 1833 1847 1874 non
1895 1820 2173 1875 noveras?
2217 1821 2355 1875 sicut
2396 1828 2574 1876 autem
2621 1833 2720 1874 nos
2772 1819 2968 1874 docere
3015 1819 3326 1888 poterimus,

1741 1909 1916 1964 adhuc
1944 1923 2114 1981 usque
2145 1925 2255 1965 non
2284 1910 2457 1979 nosti,
2500 1911 2627 1981 quia
2660 1909 2926 1981 episcopis
2951 1909 3146 1964 vestris
3175 1921 3327 1964 men-

1743 1999 2000 2058 tientibus
2026 2003 2318 2059 credidisti.

1813 2093 2040 2151 CAPUT
2069 2092 2256 2150 XXVI.
2274 2123 2347 2136 -ο
2365 2093 2456 2151 29.
2485 2093 2637 2163 Quod
2668 2103 2845 2150 autem
2873 2109 2952 2148 me
2974 2094 3039 2149 de
3061 2093 3331 2149 traditione

1741 2187 1797 2240 in
1838 2198 2026 2240 vestros
2068 2189 2316 2258 majores,
2363 2186 2530 2250 dicis,
2578 2188 2720 2258 quasi
2766 2201 2854 2257 per
2897 2187 3327 2256 attticategoritmt,

1741 2281 1879 2350 quod
1898 2295 1932 2332 α
1949 2281 2133 2334 nostris
2153 2280 2432 2352 majoribus
2455 2285 2645 2351 factum
2665 2288 2761 2344 est,
2788 2286 3074 2344 retorquere
3097 2279 3330 2348 voluisse,

1743 2372 1968 2441 culpans
2004 2372 2148 2441 quod
2180 2370 2280 2426 hoc
2322 2371 2536 2426 fecerim
2559 2412 2574 2435 ,
2603 2373 2749 2442 (μίασὶ
2791 2370 2844 2424 in
2883 2371 3056 2425 schola
3083 2372 3147 2424 de
3167 2385 3334 2426 causa:

1743 2463 2007 2534 generibus
2043 2463 2120 2519 vel
2163 2464 2523 2534 (putationibus
2561 2472 2822 2534 ageretur,
2865 2479 2968 2517 non
3007 2462 3062 2516 in
3105 2460 3336 2517 Ecclesia

1743 2557 1928 2611 veritas
1953 2566 2300 2626 quieo-eretur:
2335 2556 2590 2626 munquid
2633 2557 2736 2611 hoc
2775 2556 2908 2610 Elia:
2947 2557 3219 2626 prophetat
3246 2555 3332 2611 di-

1745 2661 1916 2711 ceres,
1963 2647 2058 2718 qui
2101 2661 2222 2702 cum
2269 2647 2370 2702 sibi
2411 2663 2440 2701 a
2481 2663 2608 2717 rege
2649 2647 2984 2718 iniquissimo
3012 2657 3157 2702 esset
3182 2647 3336 2717 obje-

1745 2749 1924 2804 ctum,
1969 2739 2107 2809 quod
2153 2740 2268 2809 ipse
2310 2748 2575 2794 everteret
2618 2738 2820 2803 Israel;
2867 2738 3177 2807 respondit,
3225 2738 3335 2810 Ego

1746 2849 1848 2887 non
1875 2843 2068 2896 everte,
2096 2831 2184 2887 sed
2213 2833 2388 2887 avertis
2414 2841 2468 2884 tu
2502 2842 2549 2885 et
2577 2832 2757 2885 donius
2785 2831 2948 2903 patris
2973 2832 3047 2884 tui
3072 2833 3090 2901 (
3112 2830 3174 2883 III
3204 2830 3333 2902 Reg.

1747 2939 1894 2990 xvtn,
1931 2923 2061 2993 l8)?
2097 2923 2233 2991 Quid
2275 2924 2416 2978 enim
2449 2923 2517 2978 ad
2563 2937 2664 2978 nos
2708 2923 2941 2994 pertinet
2979 2922 3083 2978 hoc
3118 2931 3333 2978 retorta-2

1747 3017 2066 3088 objectionis
2105 3032 2306 3087 genus,
2356 3031 2464 3086 quo
2495 3017 2712 3071 nomine
2737 3031 2768 3070 a
2797 3013 3000 3072 Graecis
3039 3015 3336 3085 appellatur

1747 3109 1803 3164 in
1829 3117 1945 3163 arte
1973 3107 2240 3163 rhetorica
2257 3150 2272 3177 ,
2302 3123 2422 3163 cum
2451 3107 2554 3163 hoc
2580 3107 2916 3164 inveniamus
2941 3108 2996 3162 in
3021 3107 3338 3163 auctoritate

1749 3199 2100 3270 prephetica?
2129 3197 2261 3254 Cum
2300 3215 2430 3270 ergo
2458 3201 2684 3270 quisque
2727 3200 2882 3264 dicit,
2916 3198 3033 3254 Non
3072 3214 3172 3270 ego
3211 3199 3335 3266 feci,

1748 3291 1843 3346 sed
1885 3301 1938 3346 tu
1978 3291 2150 3346 Iecisti
2181 3311 2194 3346 :
2225 3308 2406 3346 verum
2454 3292 2632 3347 dicere
2659 3306 2793 3362 opus
2839 3301 2954 3357 est,
3003 3308 3109 3346 non
3151 3291 3332 3347 dicere

1748 3384 2094 3439 metuendum
2117 3393 2220 3439 est.
2253 3385 2316 3440 Et
2346 3395 2400 3440 tu
2428 3385 2697 3455 quomodo
2725 3385 2980 3440 ostendas
3009 3400 3112 3439 non
3141 3384 3333 3440 iecisse

1749 3479 1982 3548 majores
2035 3488 2279 3542 vestros,
2336 3479 2478 3550 quod
2532 3481 2644 3534 suis
2707 3479 3134 3536 confessionibus
3184 3481 3336 3536 lectis

1750 3570 1943 3627 iecisse
1987 3580 2384 3637 monstrantur,
2426 3572 2592 3627 debes
2624 3572 2670 3626 si
2700 3572 2826 3643 quid
2855 3572 3001 3627 vales
3039 3572 3336 3642 vigilantis-

1751 3663 1887 3718 sime
1930 3663 2164 3732 cogitare
2189 3704 2204 3728 ,
2236 3678 2343 3718 non
2384 3663 2546 3718 verbo
2591 3678 2766 3734 grmco
2812 3663 3085 3734 imperitos
3130 3679 3196 3718 ne
3241 3677 3338 3718 nos

1751 3754 1970 3809 audiant
1995 3754 2285 3809 deterrere.
2336 3755 2403 3809 Et
2429 3754 2660 3823 majores
2696 3754 2909 3824 quidem
2936 3764 3149 3809 nostros
3176 3754 3338 3810 fuisse

1751 3847 2038 3903 traditores
2063 3862 2168 3902 non
2195 3847 2424 3903 docuisti
2452 3866 2465 3902 :
2491 3863 2665 3918 neque
2693 3850 2834 3902 enim
2861 3848 2982 3917 quia
3010 3847 3188 3903 dixisti
3218 3863 3339 3904 esse

1750 3940 1947 3994 multas
1992 3940 2195 3994 litteras
2223 3941 2415 4010 quibus
2457 3939 2561 3995 hoc
2605 3941 2770 4009 possit
2799 3939 3042 4008 ostendi,
3081 3941 3203 3996 ideo
3226 3941 3335 4010 jam

1749 4033 2053 4090 ostendisse
2083 4034 2344 4103 putandus
2373 4049 2452 4089 es.
2503 4034 2578 4088 De
2609 4036 2798 4090 vestris
2835 4044 3015 4090 autem
3047 4036 3338 4104 majoribus

1750 4137 1924 4182 exstat
1953 4127 2184 4183 Secundi
2209 4127 2488 4194 Tigisitani
2515 4129 2822 4195 concilium,
2850 4143 2972 4182 cum
3004 4130 3337 4198 paucissimis

1751 4221 1964 4291 quidem
1995 4222 2188 4276 factum
2228 4221 2368 4290 apud
2398 4221 2595 4276 Cirtam
2634 4229 2752 4288 post
2795 4222 3217 4290 persecutionem
3243 4236 3339 4276 co-

1751 4312 1928 4369 dicum
1960 4312 2337 4369 tradendorum
2357 4354 2372 4379 ,
2417 4320 2476 4367 ut
2503 4311 2610 4368 illic
2639 4312 2691 4367 in
2723 4312 2898 4366 locum
2926 4311 3160 4367 defuncti
3190 4311 3337 4367 ordi-

1752 4416 1971 4460 naretur
1996 4407 2298 4475 episcopus.

1824 4495 2050 4552 CAPUT
2076 4494 2290 4550 XXVII.
2317 4525 2390 4535 -
2414 4493 2502 4550 30.
2532 4493 2606 4550 Ibi
2636 4509 2756 4565 quae
2785 4505 2930 4566 gesta
2969 4496 3078 4552 sint
3114 4497 3295 4567 accipe
3323 4517 3334 4552 :

1755 4603 1876 4643 nam
1907 4604 2026 4659 quae
2057 4589 2357 4643 necessaria
2391 4587 2638 4655 fuerunt,
2683 4587 2816 4644 infra
2861 4590 3096 4646 scribere
3137 4593 3337 4646 curavi.

1754 4681 2072 4736 Diocletiano
2116 4683 2302 4746 octies,
2351 4693 2396 4736 et
2444 4679 2760 4737 Maximiano
2806 4685 2984 4754 septies
3031 4686 3339 4752 consulibus,

1753 4787 1934 4847 quarto
1964 4791 2124 4830 nonas
2149 4776 2318 4828 martii
2336 4818 2350 4842 ,
2380 4773 2532 4830 Cirta:
2563 4774 2640 4847 (α)
2662 4816 2675 4839 ,
2704 4791 2816 4829 cum
2844 4775 3110 4830 Secundus
3147 4777 3340 4849 cpisco-

1756 4885 1848 4938 pus
1875 4867 2188 4938 Tigisitanus
2237 4869 2414 4937 prima:
2461 4866 2712 4923 cathedrae
2757 4868 3059 4923 consedisset
3101 4872 3156 4926 iu
3192 4873 3340 4926 domo

1759 4961 1952 5016 Urbani
1991 4961 2180 5015 Donati
2210 4960 2301 5032 (b),
2344 4961 2476 5015 idem
2507 4961 2633 5015 dixit
2662 4977 2679 5016 :
2707 4960 2985 5015 Probemus
3025 4979 3115 5017 nos
3155 4965 3337 5033 prima,

1817 5089 1889 5149 (α)
1912 5088 2187 5152 aestatum
2203 5087 2430 5152 Cirtensis
2446 5085 2629 5152 concilii
2656 5088 2703 5135 in
2725 5087 2991 5152 exemplari
3009 5091 3134 5152 quod
3153 5092 3341 5140 Cartha-

1753 5151 1971 5212 ginensis
1991 5149 2262 5198 tmllationis
2276 5156 2496 5210 tempore
2515 5149 2798 5214 diligentius
2819 5149 3087 5214 inspectum
3108 5151 3213 5210 fuit,
3235 5167 3341 5202 con-

1752 5214 1939 5272 signata
1967 5219 2121 5266 erant,
2140 5223 2266 5258 anno
2288 5228 2310 5255 ι
2333 5220 2438 5272 post
2463 5213 2761 5260 consulatum
2795 5213 3070 5262 mouletiani
3097 5218 3263 5263 novies
3294 5233 3301 5260 ς
3324 5224 3340 5264 ι

1761 5291 1781 5318 α
1809 5275 2070 5321 traximiani
2111 5275 2278 5330 octies,
2324 5274 2471 5321 tertio
2504 5286 2655 5321 nonas
2699 5277 2954 5335 martias”
2987 5275 3034 5324 id
3079 5285 3181 5335 est,
3216 5289 3341 5325 anno

1750 5336 1919 5384 Christi
1937 5335 2047 5391 303,
2072 5342 2123 5382 ut
2148 5341 2352 5397 testatur
2379 5336 2666 5397 Augustinus
2686 5338 2823 5392 inira,
2846 5339 2895 5387 in
2919 5338 3166 5387 Breviculo
3189 5339 3340 5386 Colla-

1751 5397 1914 5453 tionis,
1937 5397 2080 5458 dies,
2103 5408 2231 5446 unm.
2259 5395 2336 5443 32.
2366 5395 2492 5458 Apud
2516 5404 2751 5458 Optatum,
2790 5398 2871 5447 lib.
2899 5401 2921 5448 1
2949 5407 3112 5448 contra
3150 5407 3341 5449 Parme-

1748 5460 1945 5508 nianum
1987 5457 2113 5523 idem
2151 5458 2382 5523 Cirtensis
2402 5457 2678 5523 consessus
2715 5468 2908 5510 notatur
2937 5461 3130 5510 habitus
3174 5479 3195 5506 «
3232 5469 3340 5523 post

1759 5539 1781 5566 «
1803 5518 2311 5583 persecutionemdie
2334 5535 2382 5568 ιιι
2406 5521 2568 5569 iduum
2605 5523 2852 5571 malarum.
2877 5539 2898 5566 ι
2924 5523 3008 5571 tibi
3042 5518 3341 5583 persecutio-

1759 5539 1781 5566 «
1803 5537 2210 5583 ,persecuuonem,
2230 5537 2311 5567 DIC
2334 5537 2382 5568 111
2406 5537 2568 5569 10111111]
2605 5537 2852 5571 malarum.
2877 5539 2898 5566 ἱ
2926 5537 3008 5571 [ἐυι
3061 5537 3341 5574 ιρι-δεοιιιω-

1750 5595 1884 5641 nem,
1913 5594 2004 5646 non
2028 5581 2276 5640 Maxentii,
2309 5585 2379 5632 uti
2408 5583 2727 5646 Albasplntens
2750 5583 2899 5634 voluit
2916 5623 2927 5641 ,
2965 5537 3056 5632 seri
3083 5600 3105 5629 α
3126 5585 3342 5634 codicum

1757 5664 1781 5708 ᾳ
1805 5644 2160 5708 tradentlorum,
2177 5660 2199 5684 υ
2227 5656 2288 5692 ex
2305 5644 2668 5708 Augustiui'loco
2681 5649 2825 5696 citato
2843 5645 3103 5707 intelliges.
3131 5648 3342 5698 Cessavit

1750 5707 1854 5757 haec
1877 5707 2153 5769 persecutio
2188 5706 2438 5756 consulatu
2473 5707 2752 5757 Diocletiani
2775 5721 2822 5755 ix
2842 5745 2856 5768 ,
2883 5715 2933 5756 et
2958 5706 3222 5758 Maximiani
3241 5725 3338 5760 vui.

1813 5767 1889 5831 (1))
1908 5777 2121 5830 Optatus,
2145 5767 2226 5815 lih.
2255 5770 2274 5816 1
2309 5783 2319 5816 :
2351 5771 2501 5828 «Quia
2527 5770 2734 5818 basilicae
2751 5805 2764 5826 ,
2790 5788 2811 5813 ι)
2841 5767 2924 5826 ait,
2958 5787 2979 5831 ᾳ
3003 5769 3208 5819 necdum
3231 5771 3340 5823 fue-

1749 5830 2134 5893 runt'restituue,
2160 5831 2208 5882 in
2229 5831 2423 5882 domum
2446 5831 2616 5881 Urbani
2635 5833 2780 5883 Caiisi
2796 5830 3137 5884 consederunt.
3156 5849 3178 5880 ι
