3778 6152
21 307 119 369 513

21 418 368 479 Constatuina
389 419 610 492 juniare
633 415 941 473 nobilissimo
962 412 1164 471 Cwsare
1185 412 1473 469 consulibus
1493 455 1509 481 ,
1540 413 1643 467 idi—

21 516 106 571 bus
129 512 437 569 decembris
482 529 545 569 ac
566 520 673 568 tota
695 507 1020 566 Mociaciensi
1044 509 1250 563 inducta
1273 508 1285 530 ‘
1320 517 1367 563 et
1403 507 1646 577 applicito

31 610 230 663 Victore
248 605 634 678 grammatico,
662 613 859 660 astante
881 602 1032 659 etiam
1055 599 1108 656 Ν
1112 599 1382 655 undinaria
1405 598 1640 667 diacono,

22 699 347 773 Zenophilus
372 698 671 756 consularis
695 697 825 753 dixit
855 711 875 753 :
904 695 1032 763 Quis
1064 693 1299 751 vocaris?
1329 691 1642 764 Respondit:

34 798 221 852 Victor.
252 795 331 850 Et
372 793 550 866 paulo
577 800 700 864 post
716 791 824 847 alio
849 790 971 847 loco
1002 806 1016 843 :
1050 786 1410 843 Nundinarius
1435 800 1646 857 respon-

22 890 89 943 dit
119 904 137 942 :
167 885 468 957 Legantur
501 894 635 940 acta.
675 882 987 953 Zenophilus
1013 879 1296 936 consularis
1337 877 1466 933 dixit
1495 893 1516 931 :
1543 876 1646 932 Le-

22 991 223 1054 gantur.
250 978 329 1035 Et
358 979 494 1052 legit
517 976 814 1033 Nundinius
838 985 1075 1046 cxceptar
1106 990 1126 1030 :
1154 973 1475 1029 Diocletiano
1494 971 1647 1027 octies

22 1084 66 1129 et
91 1071 445 1127 Maximiano
486 1070 665 1143 septies
689 1069 979 1125 consulibus
997 1110 1013 1134 ,
1046 1076 1226 1139 quarto
1253 1066 1447 1122 decimo
1471 1066 1645 1121 calen-

25 1166 111 1219 das
120 1163 270 1235 junii
291 1205 310 1232 ,
357 1178 434 1219 ex
454 1162 581 1218 actis
610 1160 830 1216 Munatii
854 1158 1042 1216 Felicis
1059 1158 1283 1229 [laminis
1304 1157 1529 1230 perpetui
1553 1173 1647 1211 cu-

24 1255 203 1311 ratoris
227 1253 483 1323 Colonia:
506 1251 747 1310 Cirtensis
778 1268 796 1306 :
826 1251 955 1307 Cum
978 1262 1177 1306 ventum
1205 1259 1329 1305 esset
1355 1249 1426 1304 ad
1442 1248 1649 1304 domum

28 1349 195 1419 inqua
214 1344 524 1403 Christiani
560 1344 951 1412 conveniebant,
986 1341 1134 1398 Felix
1165 1343 1353 1412 ﬂamen
1380 1349 1650 1413 perpetuus

27 1448 228 1494 curator
249 1435 449 1493 Paulo
469 1437 705 1513 episcopo
726 1436 879 1501 dixit,
909 1433 1145 1506 Proferte
1165 1435 1466 1505 Scripturas
1502 1433 1647 1506 legis,

30 1544 73 1590 et
90 1532 132 1589 si
155 1530 287 1604 quid
309 1530 472 1586 aliud
495 1532 578 1586 hic
602 1529 816 1597 habetis,
835 1539 888 1584 ut
914 1539 962 1584 et
984 1539 1234 1601 praecepto
1253 1539 1300 1583 et
1312 1526 1540 1599 jussioni
1560 1544 1653 1597 pa-

31 1640 135 1678 rere
158 1622 407 1693 possitis.
445 1620 644 1677 Paulus
669 1621 940 1692 episcopus
961 1620 1090 1676 dixit
1120 1636 1139 1675 :
1170 1619 1464 1691 Scripturas
1495 1618 1650 1675 lecta-

32 1732 108 1773 res
148 1715 347 1771 habent
366 1756 389 1784 ,
422 1713 517 1771 sed
556 1730 650 1769 nos
675 1713 812 1785 quod
839 1713 922 1767 hic
964 1711 1205 1767 habemus
1226 1751 1240 1777 ,
1269 1711 1471 1766 damus.
1502 1709 1653 1766 Felix

36 1811 216 1881 ﬂamen
234 1816 532 1881 perpetuus
548 1816 756 1863 curator
773 1805 903 1861 dixit
926 1802 1096 1860 Paula
1120 1820 1139 1859 :
1176 1803 1396 1859 Ostende
1420 1804 1649 1873 lectores,

41 1913 120 1959 aut
152 1901 306 1958 mitte
326 1900 410 1957 ad
434 1899 574 1957 illos.
616 1898 811 1955 Paulus
833 1898 1100 1971 episcopus
1137 1897 1266 1952 dixit
1300 1912 1320 1952 :
1350 1895 1539 1953 Omnes
1562 1912 1652 1951 co-

42 1996 293 2069 gnoscitis.
321 1993 493 2052 Felix
516 1995 704 2066 [tamen
726 2003 996 2066 perpetuus
1014 2002 1220 2048 curator
1237 1991 1408 2048 dixit:
1431 1989 1553 2047 Non
1570 2006 1654 2048 eos

43 2088 286 2145 novimus.
318 2085 535 2142 Paulus
553 2086 820 2159 episcopus
841 2084 970 2142 dixit
1004 2100 1023 2140 :
1052 2082 1210 2140 Novit
1233 2083 1449 2155 ofﬁcium
1486 2083 1654 2155 publi-

46 2195 181 2245 cum,
212 2178 274 2234 id
297 2188 382 2235 est
412 2176 632 2234 Edesius
663 2188 710 2233 et
734 2176 924 2233 Junius
946 2186 1254 2247 acceptaret.
1286 2175 1436 2231 Felix
1468 2176 1656 2245 ﬂamen

49 2280 315 2344 perpetuus
343 2281 563 2327 curator
587 2270 718 2326 dixit
748 2285 768 2325 :
799 2268 1042 2326 Manente
1078 2269 1275 2324 ratione
1298 2269 1361 2324 de
1387 2268 1657 2324 lectoribus

51 2380 165 2435 quos
198 2363 520 2421 monstrabit
543 2362 812 2434 (iniciunt,
843 2372 890 2417 et
922 2377 1008 2418 vos
1032 2362 1168 2432 quod
1187 2360 1269 2416 hic
1289 2359 1480 2416 habetis
1517 2360 1654 2415 date.

56 2455 266 2514 Sedente
287 2455 472 2513 Paulo
497 2455 734 2528 episcopo
753 2496 769 2523 ,
799 2466 847 2510 et
867 2454 1117 2511 Montano
1141 2464 1189 2511 ct
1224 2453 1420 2509 Victore
1469 2452 1532 2508 de
1559 2451 1659 2508 Ca.

58 2548 192 2605 stella
216 2559 266 2605 et
279 2548 545 2604 Memorio
557 2547 859 2621 presbyteris
878 2548 925 2616 ',
945 2555 1143 2602 astante
1165 2544 1331 2601 Marte
1352 2562 1469 2600 cum
1489 2543 1656 2612 At‘lia,

58 2653 100 2697 et
138 2642 309 2700 Marte
345 2644 609 2713 diacono,
642 2641 926 2713 proferente
965 2640 1282 2705 Marcuclio,
1309 2637 1659 2707 Catulinohet

64 2734 267 2793 Silvano
294 2745 345 2792 et
394 2735 591 2793 Caroso
613 2733 634 2766 ³
662 2733 986 2789 subdiaconis
1004 2773 1021 2801 ,
1050 2742 1095 2786 et
1132 2730 1384 2786 Januario
1402 2772 1418 2798 ,
1453 2728 1663 2785 Marcu-

65 2828 159 2897 lio,
185 2827 486 2885 Fructuose
507 2871 525 2897 ,
556 2825 795 2900 Miggene
812 2867 827 2893 ,
874 2824 1190 2892 Saturnino,
1226 2822 1425 2879 Victore
1448 2823 1662 2880 Suntsu-

68 2920 163 2975 rica
179 2918 224 2987 ⁸,
244 2930 293 2977 et
321 2918 527 2977 cteteris
547 2918 844 2994 fossoribus,
864 2927 1040 2974 contra
1059 2916 1305 2973 scribente
1336 2915 1532 2972 Victore
1555 2916 1664 2971 Au-

72 3010 171 3079 ﬁdii
195 3011 248 3067 in
274 3013 429 3069 breve
444 3011 523 3068 sic
548 3026 570 3065 :
598 3010 796 3068 Calices
819 3010 923 3065 duo
941 3009 1084 3065 aurei
1096 3023 1117 3076 ;
1131 3009 1251 3064 item
1269 3007 1452 3064 calices
1470 3025 1561 3065 sex
1576 3025 1681 3081 ar-_

74 3103 257 3173 gentei,
284 3115 389 3160 etc.
416 3103 489 3160 Et
524 3102 631 3160 alio
657 3102 776 3159 loco
807 3117 823 3156 :
857 3100 1197 3172 Posteaquam
1219 3110 1512 3171 perventum
1550 3110 1621 3156 est
1641 3105 1664 3139 ⁸

74 3194 120 3248 in
140 3195 520 3263 bibliothecam,
545 3194 748 3251 inventa
768 3204 885 3251 sunt
905 3193 973 3249 ibi
993 3192 1217 3249 armaria
1237 3193 1432 3262 inania,
1454 3193 1523 3249 ibi
1546 3209 1665 3264 pro-

78 3284 179 3341 tulit
199 3285 453 3345 Silvanus
471 3287 805 3360 capitulatam
826 3296 1117 3358 argenteam
1135 3296 1182 3341 et
1202 3286 1462 3342 lucernam
1482 3302 1665 3357 argen-

79 3386 216 3448 team,
241 3380 386 3452 quod
418 3380 605 3435 diceret
625 3395 679 3435 se
701 3387 815 3451 post
839 3394 1012 3433 arcam
1032 3378 1054 3410 ⁸
1083 3376 1331 3434 invenisse
1351 3393 1458 3434 eas.
1499 3376 1667 3434 Victor

83 3470 261 3542 Auﬁdii
297 3473 524 3532 Silvano
545 3473 708 3541 dixit,
736 3470 974 3528 Mortuus
1012 3475 1222 3544 fueras,
1247 3473 1293 3528 si
1317 3487 1421 3527 non
1437 3469 1556 3527 illas
1587 3471 1667 3525 iu-

80 3564 299 3623 venisses.
322 3565 487 3624 Felix
516 3568 705 3637 [lumen
729 3576 999 3637 perpetuus
1019 3575 1229 3620 curator
1249 3563 1462 3622 Silvano
1493 3563 1669 3620 dixit:

83 3650 277 3726 inquire
296 3658 616 3733 diligentius,
645 3674 710 3713 ne
727 3657 851 3729 quid
872 3657 955 3713 hic
973 3657 1289 3714 remanserit.
1322 3656 1565 3714 Silvanus
1580 3656 1666 3712 di-

84 3745 148 3800 xit
174 3763 193 3801 :
224 3747 376 3806 Nihil
406 3751 490 3806 hic
524 3750 802 3816 remansit,
846 3759 1006 3805 totum
1041 3750 1138 3806 hoc
1174 3751 1410 3822 ejecimus
1429 3790 1446 3818 ,
1475 3760 1571 3808 etc.
1602 3749 1670 3807 Et

88 3838 183 3896 alio
215 3842 356 3902 loco.
400 3842 680 3917 Exemplar
720 3845 877 3901 libelli
916 3845 1092 3900 traditi
1114 3846 1366 3918 episcopis
1394 3863 1426 3900 a
1458 3845 1666 3903 Nundi-

88 3934 220 3990 nario
233 3936 477 3995 diacono.
497 3936 661 3994 Testis
680 3946 751 3993 est
766 3936 996 3994 Christus
1016 3948 1063 3992 et
1077 3937 1254 4011 Angeli
1281 3938 1415 4010 ejus,
1430 3939 1670 4010 quoniam

92 4028 413 4088 traditaribus
430 4031 837 4088 communicastis
852 4033 872 4064 "
894 4048 913 4086 :
936 4032 988 4086 id
1008 4042 1079 4088 est
1102 4031 1346 4089 Silvanus
1365 4050 1397 4087 a
1415 4032 1553 4090 Cirta
1574 4042 1670 4089 tra-

94 4118 214 4177 ditor
230 4134 303 4181 est
324 4167 338 4194 ,
365 4137 416 4183 et
440 4129 528 4199 [ur
551 4141 719 4181 rerum
742 4140 1058 4197 pauperum,
1085 4125 1220 4194 quod
1241 4140 1413 4182 omnes
1449 4141 1534 4183 vos
1558 4127 1670 4197 epi-

96 4319 197 4395 liata
219 4325 401 4395 ibidem
427 4326 629 4395 legitur,
651 4333 749 4377 Cur
769 4335 887 4385 crqo
905 4322 1177 4395 intermisso
1197 4334 1254 4375 eo
1273 4323 1415 4395 cujus
1446 4324 1673 4395 iinioceu-

101 4387 165 4449 tia
177 4388 384 4449 probata
404 4387 506 4449 est,
521 4389 711 4440 Silvano
731 4388 1053 4439 communitas
1072 4388 1097 4437 1’
1113 4387 1285 4437 CIL'l'lCl
1304 4387 1451 4438 etiam
1471 4400 1499 4436 a
1523 4393 1672 4437 Zeno-

102 4399 163 4433 na
217 4399 384 4441 rorata
404 4399 498 4449 est,
521 4399 711 4440 Siti-ano
731 4399 1053 4439 conmunucas
1072 4399 1097 4437 ξ
1113 4399 1285 4437 ειρτιςι
1304 4399 1451 4438 etiam
1471 4400 1499 4436 a
1523 4399 1672 4437 zeno-

102 4399 220 4516 βριἰᾷ
234 4450 538 4516 interrogati,
561 4464 671 4502 cuni
689 4449 987 4516 respondent
1007 4462 1064 4500 se
1083 4462 1115 4499 a
1136 4454 1398 4516 majoribus
1417 4450 1517 4499 suis
1537 4459 1675 4500 acce-

104 4510 222 4579 pisse
242 4515 370 4579 quod
390 4510 611 4579 Silvanus
632 4510 1007 4579 esset'traditor,
1027 4516 1144 4579 quia
1166 4510 1350 4579 scilicet
1375 4515 1421 4579 in
1438 4522 1675 4579 persecu-

103 4574 223 4637 tione
239 4574 460 4628 codicum
482 4575 825 4626 ti'adciidoruni
844 4585 957 4637 qum
979 4575 1038 4637 ad
1052 4574 1236 4637 'aiiiiiini
1252 4574 1420 4637 Christi
1438 4574 1538 4637 sos
1556 4587 1671 4634 iicr-

106 4631 236 4695 ὶῖιιθι,
256 4650 342 4698 res
374 4649 540 4690 sacras
561 4637 834 4689 tradidisset
846 4631 1159 4693 {traditionis
1179 4635 1295 4698 illud
1317 4637 1501 4698 crimen
1527 4631 1675 4698 longe

104 4697 269 4768 {lutei}!
292 4704 529 4768 temporis
557 4712 585 4750 a
608 4699 796 4749 Silvano
815 4698 1077 4748 admissum
1099 4697 1384 4768 Significant.
1412 4696 1538 4767 addc
1555 4696 1675 4747 coii-

103 4759 438 4823 Slatuii_clilori
468 4770 694 4823 tempore
731 4773 826 4811 non
866 4769 1083 4822 potuisse
1117 4759 1356 4823 Silvanum
1394 4761 1673 4823 episcopum

180 4821 439 4875 traditionis
448 4815 643 4889 Acritii'cii
665 4834 695 4872 a
717 4815 1006 4889 Sunili'iiario
1022 4823 1226 4889 diacono
1247 4835 1293 4872 iii
1313 4815 1546 4889 judicium
1563 4815 1674 4885 ἰιιι-

110 4874 271 4954 ὶξῇξαιιιι
287 4874 531 4954 γέιιόυιιιιι
549 4874 635 4938 viri
659 4885 924 4954 consularis
946 4884 1068 4954 trahi
1090 4897 1105 4941 :
1131 4896 1296 4954 neque
1313 4874 1516 4933 ili-inlini
1540 4874 1676 4954 ursa-

111 4947 179 5012 go
194 4952 244 4995 et
268 4947 525 5012 Zemqiliilo
548 4949 961 5012 persequentibus
995 4947 1159 5012 (quod
1187 4947 1263 4997 hic
1301 4955 1494 5009 postea,
1525 4958 1573 4996 ιι.
1593 4947 1674 5010 Si,

113 5006 628 5085 ετεξδειξιιῇιιξὸιιῇεῴιι)
653 5013 701 5060 ιιι
716 5006 951 5085 ⁷ιειιδιιιιιιιι
976 5006 1102 5085 citet.

143 5066 185 5135 ,⁸
207 5074 343 5138 Gesta
370 5066 621 5138 jiulicialia'
635 5080 801 5138 contra
815 5066 1062 5138 Δδιιειιιιιῐιιι
1106 5076 1153 5120 iii
1179 5070 1323 5138 hujus
1343 5070 1459 5138 Ionii
1484 5081 1674 5134 Appell-

114 5124 429 5244 gmferuiit,
446 5133 611 5187 idibus
642 5127 991 5195 deccmbrtlts,
1015 5140 1157 5186 sexto
1189 5124 1581 5196 rh'tnnuqadtcr'tit
1594 5142 1677 5187 ἰιι-

117 5252 373 5365 legalem
389 5267 531 5314 Gesta
550 5293 566 5323 ,
604 5258 791 5311 Victore
834 5257 1102 5312 Deusatcli'o
1137 5263 1186 5311 et
1210 5255 1437 5310 Memorio
1475 5259 1675 5324 presby-

172 5351 330 5468 Iiﬁﬁz
343 5382 633 5468 ei
653 5397 828 5468 οηιιιεε
848 5390 1190 5468 διεδ-ρίανραξτ

164 5444 194 5508 ,⁸
213 5444 498 5511 legendum,
527 5446 714 5500 Victore
751 5447 1031 5511 sapisurict,
1054 5456 1111 5511 ut
1126 5453 1260 5511 [uitet
1282 5457 1345 5496 ex
1372 5444 1574 5497 laudans

124 5503 528 5580 ﬂiij'ilﬁgialibtis
555 5517 727 5580 contra
761 5503 1031 5572 Silvanum,
1069 5503 1152 5560 uli'i
1191 5511 1371 5572 saepius
1406 5513 1560 5561 victor
1594 5508 1678 5560 ille

175 5569 347 5622 msttrici
366 5576 656 5623 nominatur.
1016 5569 1025 5572 ⁷
1264 5569 1274 5572 ⁷

175 5624 196 5656 ⁸
214 5630 319 5682 Fditi
336 5669 351 5693 ,
376 5641 609 5748 (genum
643 5641 733 5686 est.
757 5633 1079 5710 ttinendantur
1101 5647 1165 5686 ex
1187 5634 1527 5714 subsequente
1553 5633 1676 5685 libro

175 5696 288 5748 Ιξὶηο,
310 5708 355 5745 ιι.
441 5732 456 5748 .
481 5709 533 5748 ct
556 5710 621 5748 cx
643 5703 801 5748 Gestis
816 5695 1123 5748 iudicialibus
1141 5704 1309 5747 contia
1324 5696 1581 5748 Silvanum.

124 5692 355 5778 αυὲτὶρερ-
376 5692 461 5778 θθι
481 5709 533 5748 αι
546 5710 621 5778 εξ
643 5697 801 5749 οοειίε
815 5695 1309 5778 interissent}?
1324 5692 1581 5778 δέἑνεξιξυιη-

213 5757 341 5819 !Sesta
358 5757 522 5811 contra
546 5759 788 5811 Silvanum
810 5757 1087 5809 constanter
1112 5759 1315 5819 habent,
1337 5771 1520 5819 arcam.

179 5808 196 5843 ⁷
218 5808 377 5871 ιἰιύοιιι
388 5808 877 5885 (Summ—tradiderunt
900 5820 1069 5884 quibus
1092 5808 1488 5873 communicastis.

1409 294 1608 353 LlBER
1646 291 1959 354 TERTIUS.

3158 344 3169 351 .
3242 297 3347 357 δὶα

1751 412 1895 483 scopi
1909 453 1926 479 ,
1955 420 2000 467 et
2026 407 2303 484 presbyteri
2324 452 2342 478 ,
2372 420 2420 467 et
2458 412 2697 469 diacoues
2715 453 2731 479 ,
2759 421 2808 469 et
2843 412 3063 470 seniores
3095 412 3275 480 scitis;
3301 425 3350 472 et

1751 507 1814 581 de
1836 504 2217 578 quadringentis
2236 503 2446 575 follibus
2467 503 2546 580 (α)
2565 504 2783 561 Lucilla:
2800 505 3100 564 clarissima:
3120 510 3346 581 feminae,

1752 580 1846 670 pro
1865 614 1963 669 quo
1986 594 2123 654 vobis
2146 596 2475 669 conjuiastis,
2500 607 2552 652 ut
2582 597 2724 665 fieret
2750 594 3040 671 Majorinus
3059 599 3348 679 episcopus,

1751 700 1800 747 et
1837 690 1956 746 inde
1977 690 2171 761 factum
2195 698 2271 746 cst
2291 689 2532 747 schisma.
2576 688 2718 745 Nam
2739 698 2787 745 et
2834 688 3008 747 Victor
3027 690 3161 763 [ulla
3199 691 3353 748 vestri

1751 784 2022 857 prasentia
2061 795 2108 839 et
2148 783 2326 855 populi
2348 782 2487 839 dedit
2524 783 2675 857 falles
2701 784 2913 858 viginti,
2940 794 2995 839 ut
3018 785 3188 856 [actus
3224 793 3353 843 esset

1751 876 2011 947 presbyter
2030 916 2047 942 ,
2078 874 2216 946 quod
2265 875 2358 931 scit
2384 873 2617 931 Christus
2645 883 2692 931 et
2731 875 2913 949 Angeli
2951 877 3095 949 ejus,
3126 887 3231 934 etc.
3283 876 3353 934 Et

1751 967 1860 1025 alio
1881 968 2000 1025 loco
2024 986 2040 1023 :
2068 967 2261 1038 Quibus
2288 968 2429 1024 lectis
2453 967 2767 1041 Zenophilus
2790 970 3072 1026 consularis
3092 971 3263 1027 dixit:
3283 970 3353 1028 Et

1752 1060 1880 1116 actis
1899 1068 1946 1115 et
1965 1059 2145 1115 litteris
2164 1075 2281 1132 qua
2299 1060 2521 1116 recitatae
2547 1071 2686 1129 sunt,
2710 1060 3004 1118 traditorcm
3030 1071 3227 1118 constat
3248 1078 3356 1120 esse

1754 1151 2045 1209 Silvanum.
2075 1151 2206 1209 Item
2236 1152 2343 1208 alio
2362 1152 2482 1210 loco
2507 1169 2519 1206 :
2543 1151 2857 1225 Zenophilus
2876 1153 3158 1210 consularis
3183 1153 3354 1210 dixit:

1758 1245 1894 1314 Quid
1909 1246 2297 1302 administrabat
2312 1254 2431 1301 tunc
2447 1245 2687 1303 Silvanus
2701 1247 2757 1302 in
2770 1247 2943 1302 clero?
2966 1245 3139 1303 Victor
3151 1264 3357 1320 respono

1755 1339 1829 1394 dit
1848 1340 1862 1371 ¹
1890 1357 1903 1394 :
1930 1338 2039 1397 Sub
2061 1337 2232 1395 Paula
2251 1340 2488 1413 episcopo
2508 1349 2618 1394 orta
2638 1340 2917 1412 persecutio
2936 1348 3029 1409 est,
3047 1348 3094 1397 et
3113 1339 3357 1398 Silvanus

1754 1429 2097 1486 subdiaconus
2127 1430 2248 1502 fuit.

1828 1523 2056 1581 CAPUT
2085 1522 2257 1579 XXX.
2289 1554 2359 1564 —
2388 1525 2477 1582 54.
2513 1524 2784 1594 Habesne,
2802 1524 2968 1583 frater
2993 1524 3354 1596 Cresconi,ad

1756 1616 1858 1674 ista
1878 1617 2021 1689 quod
2043 1617 2226 1674 dicas?
2243 1617 2379 1674 Puto
2409 1634 2518 1674 non
2547 1633 2717 1690 usque
2745 1618 2884 1676 adeo
2910 1618 3141 1679 frontem
3168 1619 3358 1693 periis-
3449 1674 3470 1695 _

1756 1725 1818 1766 se
1850 1708 1918 1767 de
1954 1709 2114 1767 rebus
2140 1711 2388 1767 humanis
2407 1751 2425 1779 ,
2454 1720 2515 1767 ut
2536 1709 2605 1767 ad
2631 1711 3003 1784 purgationem
3027 1711 3233 1770 Silvani
3257 1712 3358 1770 ad-

1758 1804 1867 1862 huc
1894 1813 2053 1877 putes
2080 1805 2403 1863 sententiam
2439 1804 2766 1862 recitandam
2796 1820 2957 1877 quam
2986 1804 3122 1863 dixit
3154 1806 3209 1863 in
3236 1805 3356 1865 Ca:-

1758 1895 2012 1953 cilianuin
2054 1906 2110 1954 et
2145 1897 2381 1968 collegas
2409 1896 2528 1967 ejus
2550 1897 2702 1969 quasi.
2744 1898 3064 1966 traditores;
3095 1914 3165 1956 ne
3190 1899 3359 1973 magis

1759 2002 1859 2044 nos
1893 1988 2188 2045 admoneas
2208 1988 2390 2045 dicere
2416 2003 2483 2045 ex
2510 1987 2751 2060 Epistola
2780 1990 3025 2062 Apostoli
3060 1991 3236 2049 simile
3254 1991 3357 2048 ali-

1758 2080 1907 2154 quid,
1933 2091 1993 2139 ut
2017 2083 2176 2154 paulo
2205 2089 2329 2139 ante
2356 2083 2797 2151 commemoravi,
2822 2083 2926 2152 Qui
2955 2084 3217 2155 praedicas
3247 2102 3358 2145 non

1761 2175 2102 2246 tradendum,
2135 2176 2336 2245 tradis;
2366 2185 2455 2245 et,
2491 2196 2511 2231 i
2538 2175 2605 2232 In
2625 2194 2725 2249 quo
2746 2177 2905 2234 alium
2914 2178 3159 2251 judicas,
3185 2189 3362 2237 temet-

1759 2270 1926 2343 ipsum
1946 2266 2476 2339 condemnas;eadem
2493 2271 2628 2326 enim
2660 2270 2772 2343 agis
2800 2285 2913 2342 quae
2936 2271 3166 2344 judicas.
3195 2289 3221 2327 s
3253 2271 3361 2331 Sed

1762 2373 1958 2434 postea,
1975 2363 2170 2435 inquis,
2188 2362 2402 2419 Ursacio
2415 2363 2437 2395 ¹
2455 2371 2500 2419 et
2526 2361 2809 2436 Zenophila
2825 2366 3234 2436 persequentibus
3245 2382 3362 2422 cum

1761 2454 2138 2510 communicare
2174 2453 2453 2521 noluisset,
2483 2463 2625 2511 actus
2652 2463 2725 2511 est
2751 2455 2807 2510 in
2834 2455 3089 2511 exsilium.
3134 2454 3248 2513 lmo
3270 2458 3361 2532 qui

1758 2546 1869 2619 jam
1898 2547 2124 2605 traditor
2154 2548 2285 2618 fuit,
2311 2563 2631 2620 permanere
2657 2549 2818 2606 etiam
2841 2550 3129 2609 haereticus
3151 2551 3321 2610 voluit
3343 2595 3362 2624 ,

1763 2649 1826 2698 ut
1849 2641 2043 2698 falsum
2070 2641 2327 2699 honorem
2360 2643 2413 2698 in
2444 2642 2556 2715 ipsa
2584 2651 2736 2714 parte
2757 2643 2947 2700 Donati
2976 2643 3237 2714 haberet,
3265 2647 3360 2719 qui

1765 2731 1965 2791 habere
1990 2733 2042 2790 in
2064 2733 2340 2791 Catholica
2368 2733 2571 2790 nullum
2590 2743 2790 2805 posset,
2809 2743 2918 2791 tam
2935 2736 3236 2794 manifestis
3257 2746 3339 2796 tra

1764 2824 1984 2882 ditionis
2010 2841 2123 2883 suae
2159 2826 2326 2898 gestis
2354 2826 2568 2898 publica
2604 2825 2807 2897 judicio
2842 2827 3119 2885 reseratis.
3151 2828 3278 2886 Hec
3312 2835 3365 2887 la

1765 2918 2005 2990 profecto
2030 2917 2162 2975 falsa
2188 2933 2309 2975 esse
2331 2917 2575 2975 dicturus
2592 2932 2653 2975 es
2668 2960 2685 2986 ,
2717 2928 2774 2975 et
2801 2933 2900 2992 pro
2922 2919 3118 2977 vestris
3140 2917 3364 2993 majori-

1765 3008 1902 3076 bus,
1930 3017 1991 3066 ut
2012 3010 2302 3082 plurimum
2331 3010 2507 3082 possis
2526 3052 2542 3080 ,
2573 3020 2762 3067 contra
2788 3018 3005 3068 nostros
3044 3010 3147 3068 alia
3182 3013 3365 3084 prola-

1768 3110 1942 3159 turus.
1972 3102 2124 3173 Quod
2163 3102 2380 3176 quidem
2418 3103 2645 3160 forsitan
2678 3119 2788 3161 non
2810 3103 3049 3174 valebis,
3079 3120 3186 3162 non
3212 3104 3365 3164 inve-

1770 3196 1970 3253 niendo
1998 3196 2123 3268 quid
2152 3196 2417 3268 proferas.
2449 3195 2558 3255 Sed
2596 3196 2683 3254 fac
2707 3206 2760 3254 te
2795 3198 3100 3267 invenisse,
3131 3198 3215 3256 fac
3236 3215 3366 3271 pro-

1770 3289 1956 3347 tulisse
1986 3306 2001 3344 :
2034 3298 2250 3347 tantane
2276 3288 2408 3345 furis
2445 3288 2807 3361 impudentia,
2838 3300 2899 3346 ut
2925 3290 3023 3348 abs
3046 3298 3101 3347 te
3138 3290 3362 3362 prolatis

1769 3383 1942 3455 magis
1967 3382 2260 3441 contendas
2287 3381 2437 3440 credi
2464 3391 2746 3453 oportere,
2780 3398 2940 3455 quam
2968 3383 3049 3441 eis
3075 3400 3195 3457 qua}
3231 3399 3363 3458 pro-

1770 3474 2016 3532 feruntur
2042 3490 2075 3532 a
2102 3474 2294 3532 nobis?
2313 3474 2421 3532 Aut
2441 3472 2584 3531 enim
2609 3481 2666 3530 et
2689 3472 2779 3530 hic
2803 3481 2859 3530 et
2877 3473 2986 3532 illic
3013 3474 3232 3532 fuerunt
3257 3484 3366 3533 tra-

1770 3566 1975 3625 ditores
1992 3610 2008 3637 ,
2038 3566 2084 3624 si
2111 3575 2168 3624 et
2192 3575 2250 3623 tu
2277 3566 2459 3638 aliqua
2484 3564 2681 3622 recitas
2698 3564 2769 3622 de
2795 3565 3135 3624 confessione
3152 3576 3366 3637 nostro-

1771 3675 1893 3718 rum
1915 3677 1928 3714 :
1947 3668 2039 3716 aut
2063 3659 2110 3717 si
2129 3658 2332 3732 aliquid
2354 3665 2509 3731 putas
2537 3666 2728 3715 contra
2754 3666 2966 3718 vestros
2979 3673 3010 3714 a
3028 3660 3227 3718 nostris
3244 3676 3368 3719 esse

1772 3752 2095 3823 conlictum,
2134 3769 2233 3812 cur
2268 3767 2377 3809 non
2415 3761 2472 3809 et
2498 3767 2530 3809 a
2558 3752 2755 3810 vestris
2795 3760 2984 3810 contra
3022 3762 3237 3811 nostros
3265 3752 3369 3811 hoc

1771 3848 1916 3906 idem
1944 3848 2099 3906 nobis
2125 3855 2313 3918 putare
2350 3844 2685 3903 conceditis?
2713 3844 2857 3919 Ergo
2882 3861 2981 3918 pro
3008 3845 3257 3904 humanis
3286 3845 3369 3903 fa-

1773 3941 1874 3998 ctis
1893 3981 1915 4009 ,
1938 3948 2031 3996 aut
2049 3947 2107 3996 et
2126 3937 2254 3996 hinc
2280 3946 2335 3995 et
2362 3935 2490 3994 inde
2517 3935 2877 3995 manifestatis
2897 3980 2911 4006 ,
2942 3945 3036 3994 aut
3053 3952 3119 3995 ex
3142 3946 3372 4012 utroque

1772 4029 1945 4088 latere
1967 4030 2221 4099 incertis,
2251 4044 2320 4087 ne
2347 4028 2437 4102 qui
2467 4028 2523 4086 in
2552 4045 2719 4086 unum
2758 4028 2927 4087 Deum
2965 4029 3237 4089 credimus
3260 4030 3370 4088 liti-

1773 4137 1962 4196 gemus
1980 4164 1998 4191 ,
2023 4121 2166 4194 quod
2190 4134 2396 4179 certum
2420 4128 2479 4177 et
2504 4119 2743 4177 divinum
2767 4134 2963 4177 munus
2985 4129 3070 4178 est
3086 4162 3103 4188 ,
3132 4120 3187 4176 in
3210 4120 3368 4178 Chri-

1774 4215 1844 4272 sti
1868 4215 2039 4288 gratia
2052 4212 2459 4272 concordemus.
2487 4211 2624 4269 Cum
2650 4212 2793 4269 enim
2810 4221 2961 4285 gesta
2987 4214 3250 4283 majorum
3272 4228 3370 4270 no-

1774 4318 2012 4367 strorum
2053 4318 2215 4381 atque
2249 4315 2551 4365 vestrorum
2580 4306 2709 4364 hinc
2734 4314 2897 4379 atque
2936 4305 3060 4364 inde
3102 4308 3371 4365 contraria

1775 4403 2071 4461 recitantur
2112 4400 2267 4457 nobis
2293 4408 2443 4457 tanta
2468 4408 2592 4471 post
2619 4398 2759 4455 natis
2780 4438 2798 4466 ,
2828 4398 2875 4455 si
2904 4413 3005 4456 nec
3033 4398 3224 4457 saltem
3268 4399 3371 4458 du-

1776 4494 1949 4554 bitarc
1995 4493 2364 4569 permittitur,
2419 4492 2546 4565 quid
2596 4492 2877 4566 iniquius?
2927 4492 2973 4551 si
3016 4502 3197 4553 autem
3245 4509 3374 4567 per-

1778 4586 2045 4655 mittitur,
2089 4584 2218 4659 quid
2257 4582 2652 4643 sufficientius?
2694 4584 2883 4658 Neque
2922 4585 3068 4644 enim
3107 4586 3247 4645 sicut
3287 4587 3373 4644 in-

1778 4692 1983 4740 certum
2012 4689 2097 4738 est
2123 4695 2154 4735 a
2180 4676 2375 4751 quibus
2398 4678 2669 4736 exstiterit
2695 4678 2999 4736 traditionis
3026 4679 3227 4737 malum
3247 4719 3263 4744 .
3295 4678 3377 4738 sic

1780 4777 2041 4834 incertum
2084 4783 2170 4832 est
2195 4788 2228 4830 a
2256 4787 2365 4846 quo
2403 4772 2655 4845 iubeatur
2696 4771 2853 4831 reddi
2902 4772 3131 4830 turbata;
3157 4771 3181 4807 ³
3227 4773 3377 4845 pacis

1779 4870 2000 4928 bonum.

1849 4961 2080 5021 CAPUT
2110 4959 2309 5019 XXXI.
2338 4989 2412 5003 —
2437 4960 2530 5018 35.
2561 4960 2642 5017 Ac
2666 4974 2761 5030 per
2788 4957 2894 5017 hoc
2920 4959 3014 5032 qui
3045 4974 3146 5033 pro
3169 4959 3380 5018 incerto

1779 5054 1954 5113 alieno
1982 5054 2125 5111 malo
2162 5067 2347 5126 pacem
2375 5050 2578 5108 Christi
2605 5050 2846 5123 respuit,
2876 5052 3177 5110 certissime
3201 5050 3377 5111 malus

1780 5156 1863 5206 est
1894 5164 1908 5203 :
1940 5143 2375 5219 quandoquidem
2397 5141 2696 5216 Cyprianus
2723 5158 2827 5201 nec
2845 5158 2948 5216 pro
2971 5158 3117 5202 certa
3145 5144 3382 5218 permix-

1845 5300 1863 5332 ι
1889 5298 2006 5350 καίιί
2050 5304 2125 5348 ttr.
2166 5304 2221 5349 et
2259 5303 2370 5348 tm.
2391 5309 2406 5346 :
2427 5293 2542 5350 ovis
2587 5293 3004 5350 administrabat?
3050 5305 3180 5349 mc
3221 5295 3373 5350 silva-

1781 5373 1873 5424 nus
1895 5358 1944 5412 in
1966 5360 2196 5424 clericatu
2221 5356 2485 5424 respondit.
2524 5359 2828 5424 castigantur
2858 5359 3142 5424 iuvantibus
3159 5358 3377 5410 nonnihil

1783 5420 2079 5494 IlllleSAlilil'i
2101 5420 2464 5494 manuscriptis,
2502 5420 2594 5472 sed
2616 5420 2828 5473 maxime
2854 5420 3178 5473 Succurrente
3201 5434 3377 5472 exem-

1782 5480 1903 5549 plari
1924 5491 2176 5549 Gestorum
2198 5480 2366 5533 contra
2387 5480 2648 5534 Silvanum.

1847 5550 1868 5580 ’
1893 5546 2010 5598 [aditi
2039 5558 2053 5595 :
2079 5545 2171 5609 sed
2204 5549 2515 5609 posteaquam
2541 5544 2755 5609 Ursacio.
2808 5543 2977 5609 melius
2999 5542 3216 5595 nonnulli
3241 5551 3378 5609 uss:

1784 5609 1876 5662 sed
1898 5615 2076 5674 postea,
2097 5606 2272 5674 inquis,
2301 5613 2399 5674 etc.
2427 5607 2473 5658 Id
2500 5608 2629 5658 enim
2646 5609 2760 5674 ipse
2790 5608 3054 5671 exprobrat
3070 5607 3375 5657 Cresconius.

1848 5674 1870 5706 ³
1896 5667 1944 5722 iii
1969 5679 2073 5723 Mss.
2100 5667 2352 5733 plerisque
2368 5667 2531 5732 deest,
2556 5667 2776 5722 turbatas.

1849 5753 2089 5819 (a)7t’ollis
2109 5750 2287 5803 nummi
2321 5763 2485 5813 genus
2505 5752 2725 5819 _t_‘.9n"cr.
2763 5751 2842 5802 Ill).
2870 5751 2931 5802 ἓξ
2961 5749 3250 5802 decimare
3273 5758 3378 5813 DCI,

1787 5814 1876 5883 cog}
1890 5814 1966 5881 78,
1991 5831 2039 5868 ii.
2064 5818 2115 5878 9,
2135 5823 2185 5867 et
2203 5825 2483 5866 sermonem
2505 5814 2613 5866 589.
