3778 6162
30 263 136 324 117

31 378 296 452 numquid
325 380 652 440 mirandum
673 387 756 438 est
782 379 851 437 de
880 387 990 437 tam
1016 378 1321 451 longinquis
1349 380 1506 436 terris
1534 381 1652 450 epi-

29 487 226 542 scopos
259 481 398 528 tuos
427 474 650 544 impune
680 474 774 528 tibi
801 488 1021 529 narrare
1065 472 1205 543 quod
1232 472 1455 527 volunt?
1499 470 1653 540 Quod

29 571 71 625 si
97 569 332 624 omnino
363 569 449 625 ita
479 579 641 637 esset,
669 579 746 630 tot
773 568 954 639 populi
979 568 1104 639 quid
1131 567 1389 632 fecerunt,
1417 567 1652 638 quicum

29 663 124 719 ista
152 663 481 728 nescirent,
506 674 679 720 tamen
706 678 736 718 a
760 663 912 720 vobis
937 661 1301 733 rebaptizandi
1325 659 1651 718 censeantur?

30 757 221 814 Annon
251 765 350 814 est
372 759 644 815 credibile
673 757 816 829 quod
839 758 954 814 hac
979 757 1160 827 populi
1187 757 1434 826 ignorare
1461 766 1651 826 pomo-.-

31 851 166 917 rint,
208 865 344 907 eum
398 861 463 906 tu
509 851 698 907 harum
740 866 917 908 rerum
958 851 1287 920 aliquantum
1338 848 1649 916 studiosior,

31 941 150 1014 quid
205 957 342 1000 eum
403 942 917 1002 Maximianensibus
964 942 1167 1013 egerim
1220 940 1385 996 vestri
1433 939 1549 997 Afri
1596 939 1651 998 in

29 1036 240 1103 Africa,
279 1036 401 1093 nisi
439 1037 458 1072 ί
489 1037 681 1093 litteris
720 1037 856 1094 meis
902 1035 1072 1102 velles
1122 1033 1483 1106 respondere,
1543 1048 1651 1090 non

29 1143 305 1200 quareres
327 1130 356 1184 τ

92 1221 335 1290 CAPUT
371 1221 600 1282 XXXV.
623 1221 796 1280 —59.
830 1223 962 1284 Illud
989 1238 1116 1283 vero
1141 1223 1283 1294 quod
1311 1222 1442 1290 disi,
1472 1221 1652 1293 Neque

33 1315 69 1368 si
97 1314 410 1385 aliquorum
457 1315 510 1376 in
540 1323 716 1376 nostra
759 1316 1111 1378 communione
1153 1314 1504 1387 defunctorum
1545 1323 1652 1376 tra-

35 1404 149 1466 ditio
178 1405 508 1476 probaretur
527 1449 542 1474 ,
569 1423 683 1478 quia
709 1423 741 1460 α
779 1408 924 1470 nobis
951 1405 1264 1478 improbatur
1299 1416 1347 1472 et
1375 1405 1607 1473 displicet
1631 1446 1646 1472 ,

35 1513 118 1558 nos
144 1512 211 1561 eis
249 1496 452 1568 aliqua
489 1507 632 1567 parte
668 1499 944 1566 macularet
987 1497 1125 1566 (Lib.
1159 1500 1180 1553 l
1211 1504 1388 1564 contra
1431 1495 1648 1556 Litteras

37 1588 317 1662 Petiliam,
353 1608 416 1656 η.
459 1590 583 1662 l9);
615 1606 774 1662 quam
817 1591 1037 1659 ridicule
1069 1591 1260 1661 putasti
1298 1587 1572 1656 ridiculum
1601 1596 1648 1646 et

34 1682 194 1746 inim
231 1684 558 1751 conveniens
586 1685 869 1755 prudentiae
901 1700 1042 1751 mare
1079 1682 1312 1752 Proinde
1349 1683 1458 1752 iam
1487 1682 1646 1753 cupio

36 1788 188 1830 nosse
217 1774 514 1845 quomodo
557 1775 610 1838 id
650 1773 906 1838 relellerit
944 1773 1222 1845 prudentia
1263 1782 1370 1838 tua.
1406 1774 1484 1830 An
1521 1771 1646 1843 quia

37 1865 158 1932 (lit-fis
200 1874 255 1930 te
285 1883 407 1932 non
451 1866 624 1934 videre
645 1867 896 1939 quomodo
943 1884 974 1932 a.
1017 1867 1159 1930 nobis
1197 1866 1528 1938 improbetur.
1569 1865 1648 1920 vel

39 1966 277 2024 quatenus
301 1959 605 2028 displiceat,
631 1959 766 2031 quod
797 1975 1052 2031 nunquam
1095 1958 1298 2030 cognito
1346 1974 1516 2016 errore
1552 1957 1647 2014 da.-

40 2049 320 2118 nuiapitpus
334 2050 590 2118 ineorum
612 2051 879 2119 schismate
904 2051 1100 2122 positi?
1119 2049 1248 2114 Vide
1277 2049 1472 2119 potius,
1487 2063 1648 2120 quam

42 2138 267 2206 breviter
297 2141 371 2198 ad
407 2141 511 2212 ista
555 2142 932 2210 respondeam,
966 2142 1079 2210 Ego
1121 2142 1178 2210 in
1212 2140 1450 2210 Ecclesia
1502 2155 1641 2208 sum,

42 2230 178 2300 cujus
203 2232 465 2287 membra
492 2243 615 2292 sunt
643 2234 747 2304 illa;
771 2249 960 2304 omnes
994 2232 1250 2302 Ecclesia!
1272 2275 1286 2300 ,
1317 2247 1452 2302 unas
1472 2247 1537 2296 ex
1569 2231 1648 2296 1.3:

44 2323 250 2394 boribus
285 2325 679 2396 Apostolorum
728 2335 881 2396 natas
919 2335 1080 2397 atque
1123 2324 1360 2396 firmatas
1389 2322 1549 2396 simul
1591 2324 1646 2378 in

45 2414 249 2486 Litteris
288 2419 581 2490 canonicis.
615 2418 907 2489 novimus;
959 2432 1142 2489 earnm
1187 2416 1642 2491 communionem,

49 2521 296 2579 quantum
335 2527 433 2574 me
476 2511 695 2584 adjuvat
735 2511 1013 2583 Dominus.
1053 2511 1167 2580 sive
1207 2511 1260 2572 in
1298 2509 1499 2582 Afyica,
1531 2509 1650 2580 sive.

49 2603 362 2680 ubicumque
394 2619 505 2670 non
535 2605 800 2670 deseram.
832 2604 890 2660 lu
920 2603 1019 2674 hac
1055 2601 1433 2672 communioni:
1457 2601 1502 2658 si
1535 2599 1647 2664 lue-

53 2703 162 2764 runt
181 2710 323 2767 quos
350 2694 540 2764 nescio
563 2695 868 2763 tradituros,
899 2709 1019 2764 cum
1047 2707 1141 2756 eos
1169 2691 1640 2764 demonstraveris,

53 2795 97 2848 et
131 2801 292 2860 carne
323 2797 386 2854 et
433 2787 596 2846 corde
641 2796 882 2851 mortuos
913 2783 1264 2854 detestabor:
1309 2796 1646 2854 nequaquam

55 2884 215 2940 tamen
239 2892 270 2938 ξι
302 2878 448 2948 vivis
471 2878 524 2932 in
554 2876 792 2949 ejusdem
821 2875 1075 2942 Ecclesia:
1096 2884 1276 2942 sancta
1300 2874 1505 2948 unitate
1529 2887 1646 2950 pia-

57 2969 309 3040 nenlibus,
331 2979 564 3042 propter
589 2978 829 3036 mortuos
849 2965 1142 3036 alienabor.
1170 2963 1356 3038 Neque
1377 2963 1518 3038 enim
1546 2961 1648 3034 ipsi

58 3057 180 3126 hanc
223 3061 533 3134 Ecdesiam
580 3059 938 3132 condiderunt
986 3061 1040 3128 ’ς
1088 3057 1186 3114 sed
1224 3058 1278 3112 in
1322 3073 1407 3124 ea,
1432 3057 1474 3110 si
1499 3056 1646 3131 boni,

61 3149 413 3222 frumentum;
445 3154 488 3222 si
516 3161 694 3222 autem
724 3152 869 3222 mali,
900 3151 1050 3224 palea
1070 3149 1300 3222 luerunt.
1329 3147 1439 3219 Vos
1471 3156 1649 3218 autem

63 3260 179 3317 quos
203 3255 310 3314 tam
336 3245 642 3316 manifestae
665 3245 921 3310 Ecclesia:
943 3244 1164 3318 zipania,
1189 3243 1274 3298 vel
1299 3242 1448 3311 palea
1473 3257 1651 3310 macu-

65 3335 158 3406 lare
177 3354 283 3403 non
311 3347 521 3413 posset,
549 3354 669 3408 quae
690 3352 848 3393 causa
876 3336 977 3408 luit
1006 3345 1198 3406 vestrae
1220 3333 1517 3405 divisionis,
1549 3333 1652 3388 nisi

65 3433 310 3504 appetitus
340 3433 588 3503 sacrilegi
628 3429 966 3498 schismalis?
998 3428 1059 3484 Si
1086 3428 1176 3496 tibi
1201 3469 1215 3498 ,
1245 3427 1440 3503 inquis,
1467 3425 1651 3497 displi-

68 3531 128 3574 cet
153 3521 173 3554 ³
191 3566 206 3591 ,
235 3524 490 3596 improba,
513 3524 632 3595 fuge
660 3534 704 3578 et
731 3523 957 3598 relinque
1001 3519 1286 3590 Ecclesium
1328 3518 1648 3574 traditarum.

70 3608 180 3667 Noli
204 3617 488 3670 errantium
515 3616 766 3687 majorum
798 3623 1000 3682 tuorum
1027 3611 1164 3681 sequi
1192 3611 1417 3681 vestigia.
1445 3609 1522 3663 Ad
1551 3609 1654 3664 hoc

70 3707 351 3776 respondeo
387 3727 402 3761 :
434 3707 489 3762 Si
511 3723 608 3762 nec
635 3705 710 3776 illi
732 3705 944 3760 fuerunt
968 3702 1272 3782 traditores,
1297 3699 1526 3771 majores
1549 3698 1651 3754 mei

70 3806 215 3856 sunt:
257 3802 304 3872 si
335 3802 593 3867 fuerunt,
622 3799 766 3872 quod
789 3813 888 3869 ego
914 3812 1018 3852 non
1058 3810 1177 3850 sum
1201 3835 1218 3860 ,
1250 3810 1355 3848 non
1393 3802 1516 3848 sunt
1543 3808 1654 3846 ma-

73 3887 197 3959 jores
225 3896 351 3962 mei,
397 3893 694 3966 Ecclesium
731 3900 889 3962 teneo
932 3889 1147 3962 plenam
1184 3888 1360 3954 tritico
1388 3895 1440 3946 et
1479 3886 1650 3958 palea.

75 3980 178 4046 Non
198 3985 337 4058 dico,
354 3987 402 4056 si
427 3987 561 4052 alios
584 3986 672 4055 qui
690 4000 839 4050 suam
866 3982 1127 4038 sarcinam
1147 3988 1379 4062 portant,
1394 3979 1488 4034 sed
1508 3979 1548 4032 si
1570 3994 1654 4034 me

79 4072 232 4148 ipsum
258 4079 308 4150 in
332 4094 398 4135 ea
425 4077 555 4132 mihi
581 4075 891 4144 ostenderes
910 4072 1239 4142 traditorem,
1261 4070 1348 4124 ubi
1375 4070 1502 4123 mihi
1533 4069 1654 4133 licet

80 4165 123 4220 in
144 4171 323 4242 melius
349 4169 687 4246 commutari,
712 4184 818 4240 non
847 4167 974 4222 mihi
997 4180 1130 4246 Opus
1153 4175 1234 4220 est
1257 4163 1377 4223 inde
1397 4162 1652 4234 separari,

83 4256 129 4312 Si
157 4276 282 4336 quos
326 4264 464 4332 tales
504 4261 557 4316 in
607 4260 1072 4330 Sacramentorum
1116 4256 1233 4330 ejus
1278 4254 1656 4318 communione

83 4364 367 4430 (agnovere
392 4397 406 4423 ,
433 4354 598 4426 verbo
625 4363 678 4409 et
706 4351 986 4422 diaClplllla
1014 4348 1224 4414 Domini
1267 4347 1494 4402 emendo
1522 4360 1655 4415 quos

90 4458 303 4524 possum,
349 4448 520 4520 tolero
546 4461 679 4517 quos
720 4442 1007 4500 emendare
1050 4456 1155 4496 non
1206 4455 1443 4512 possum.
1489 4439 1657 4524 Fugio

85 4519 298 4612 paleam,
319 4558 393 4614 ne
417 4540 518 4594 hoc
545 4539 645 4606 sim
669 4555 682 4592 :
716 4553 819 4600 non
847 4551 1047 4614 aream,
1072 4550 1138 4590 ne
1169 4534 1299 4590 nihil
1327 4533 1448 4588 sim.

149 4613 372 4704 CAPUT,
393 4629 634 4700 XXXVI.
652 4628 826 4683 —40.
851 4613 1078 4682 Proinde
1098 4625 1208 4692 poli
1231 4624 1422 4682 frustra
1444 4623 1499 4677 in
1522 4622 1657 4679 hanc

91 4724 386 4796 sententiain
407 4721 651 4795 ventilari
679 4721 720 4775 ⁸.
748 4719 909 4794 Magis
939 4717 1079 4790 enim
1111 4733 1198 4776 me
1226 4717 1498 4784 admonet,
1525 4731 1658 4786 quo-

95 4812 232 4870 modo
271 4816 322 4872 id
368 4833 543 4892 agam,
588 4823 912 4890 praeceptum
967 4811 1312 4884 apostolicum
1359 4809 1500 4882 quod
1544 4812 1657 4882 ipse

97 4909 340 4971 Posuisti:
382 4910 468 4976 Ne
518 4909 851 4982 communicet:
896 4907 1112 4977 peccatis
1151 4905 1370 4971 alienis;
1413 4914 1458 4958 te
1491 4904 1659 4974 ipsum

100 5009 264 5062 castum
289 5020 429 5072 serva
458 5001 499 5074 (1
512 4999 647 5070 Tini.
674 4999 864 5076 ν,22).
896 4997 1028 5056 Nam
1057 4995 1430 5066 utostcndcrel
1463 5010 1656 5065 quem-

100 5086 356 5168 admodum
398 5094 623 5170 quisque
676 5107 781 5163 non
826 5087 1245 5162 communicaret
1267 5087 1500 5158 peccatis
1525 5086 1656 5140 alie-

104 5178 205 5254 “l5;
232 5185 292 5258 ad
319 5186 421 5259 hpc
451 5183 673 5256 addidit,
706 5191 753 5256 te
779 5183 946 5256 ipsum
969 5189 1163 5252 castum
1191 5194 1350 5233 serva.
1379 5177 1493 5233 Non
1517 5177 1659 5231 enim

106 5271 179 5339 ‘lui
204 5291 258 5333 se
301 5288 507 5335 castum
552 5285 748 5344 servat,
785 5273 1144 5331 communicat
1172 5270 1402 5342 peccatis
1432 5270 1654 5325 alienis:

160 5450 320 5542 :l‘iditi,
345 5457 411 5542 si;
423 5456 724 5519 Castigantur
746 5466 811 5526 ex
832 5451 1123 5542 Corbeiepsi
1134 5450 1326 5542 codich
1358 5511 1400 5542 In
1433 5511 1444 5521 ο

116 5511 356 5636 dixit
382 5525 476 5570 εει-,ε
502 5511 663 5581 Νέᾳιιε
691 5515 820 5576 atim
843 5512 1059 5582 episcopi
1091 5512 1215 5574 hanc
1262 5511 1525 5581 Ecclesium
1547 5524 1660 5563 con-

164 5633 717 5712 tribus-mepte":
897 5705 907 5712 .
976 5698 1006 5712 ,.
1269 5698 1278 5708 .

118 5694 331 5817 “agilem
349 5694 448 5762 duo
471 5694 598 5768 item,
621 5702 672 5755 in
694 5701 786 5755 hac
807 5698 1037 5754 sordentia
1059 5698 1294 5754 ventilari.
1323 5700 1408 5752 Alii
1424 5706 1662 5763 Mss.,ven-

1440 262 1644 321 LIBER
1681 262 1997 322 TERTIUS.

3245 269 3352 338 618

1765 381 2006 450 quamvis
2034 395 2140 437 non
2161 395 2345 438 eorum
2367 390 2603 454 peccata,
2632 382 2727 446 sed
2749 383 2836 446 illa.
2857 397 2980 457 qua
3003 383 3070 448 ad
3089 381 3350 456 iudicium

1761 473 1859 528 sibi
1887 483 2123 542 sumunt,
2153 475 2246 531 Dei
2275 475 2613 534 Sacramenta
2645 479 3002 534 communicet
3030 494 3149 533 cum
3178 479 3286 546 eis,
3316 494 3350 536 a

1761 567 1952 636 quibus
1987 583 2048 623 se
2076 577 2282 624 castum
2327 566 2592 626 sei‘vando
2631 569 2755 628 fecit
2801 569 3052 631 alienum.
3096 571 3347 642 Alioquin

1761 661 1921 716 etiam
1957 661 2271 734 Cyprianus,
2311 663 2452 733 quod
2495 663 2653 728 absit,
2701 665 2930 734 peccatis
2972 673 3245 734 raptorum
3292 673 3348 722 et

1761 752 2120 810 feneratorum
2150 754 2473 825 collegarum
2514 755 2973 823 communicabat,
3004 771 3123 818 cum
3153 756 3348 826 quibus

1759 851 1938 901 tamen
1989 845 2042 900 in
2097 846 2471 912 communione
2521 846 2820 905 divinorum
2880 847 3346 916 Sacramentornm

1757 939 2026 1006 manebat,
2057 937 2124 995 de
2151 940 2342 1010 quibus
2371 939 2498 996 dicit
2523 941 2541 972 ³
2573 959 2584 994 :
2617 940 2858 1012 Episcopi
2885 942 3110 1014 plurimi.
3149 959 3274 1013 quos
3301 952 3348 1008 et

1758 1041 2050 1087 ornamento
2074 1048 2180 1088 esse
2201 1032 2458 1103 oportebat
2484 1034 2675 1090 steteris
2696 1043 2743 1089 et
2765 1033 3014 1104 exemplo,
3037 1034 3208 1096 divina
3224 1051 3348 1106 pro-

1758 1125 2021 1180 curatione
2043 1124 2288 1196 neglecta,
2311 1136 2660 1195 procuratores
2680 1142 2849 1188 rerum
2863 1127 3184 1192 secutor-ium
3203 1128 3338 1195 ﬁeri,

1757 1216 1996 1272 derelicta
2019 1218 2280 1288 cathedra,
2303 1219 2444 1288 plebe
2471 1219 2688 1285 deserta,
2722 1237 2809 1288 per
2839 1220 3031 1284 alienas
3061 1224 3344 1292 provincias

1756 1311 2062 1378 aberrantes,
2090 1312 2442 1383 negotiationis
2463 1323 2761 1382 qumtuosat
2786 1311 3037 1378 nundinas
3058 1315 3306 1385 aucupari
3329 1333 3344 1370 :

1756 1402 2087 1456 esurientibus
2114 1403 2168 1457 in
2195 1399 2424 1461 Ecclesia
2447 1403 2706 1474 fratribus,
2735 1402 2916 1468 habere
2940 1414 3204 1474 argentarii
3233 1406 3344 1462 lar-

1755 1498 1882 1569 giter
1907 1498 2070 1563 velle;
2102 1498 2287 1569 fundos
2311 1498 2570 1553 insidiosis
2594 1498 2861 1568 fraudibus
2889 1515 3066 1570 rapere
3089 1501 3109 1546 .'
3136 1539 3150 1566 ,
3180 1498 3348 1563 usuris

1755 1589 2206 1661 multiplicantibus
2232 1595 2376 1662 fenus
2413 1609 2598 1664 augere
2621 1590 2912 1666 (Epistula,
2965 1609 3053 1648 seu
3080 1609 3243 1653 sermo
3284 1595 3349 1650 de

1753 1681 1982 1753 Lapsis).
2013 1682 2276 1751 Numquid
2304 1683 2486 1738 talium
2516 1683 2604 1736 ille
2629 1683 3057 1746 communicabat
3078 1683 3345 1753 peccatis?

1755 1773 2011 1842 numquid
2053 1789 2239 1829 eorum
2272 1785 2475 1830 sectam
2519 1775 2881 1844 sequebatur?
2919 1775 2984 1839 Et
3010 1784 3185 1829 tamen
3223 1789 3345 1829 cum

1754 1865 1832 1920 eis
1879 1865 1933 1919 in
1967 1865 2275 1920 earumdem
2321 1864 2786 1925 Sacramentorum
2817 1866 3191 1931 communione
3224 1881 3346 1936 per:-

1755 1956 2012 2012 sistebat:
2057 1957 2178 2027 quia
2213 1959 2298 2013 illa
2344 1957 2687 2016 Sacramenta
2731 1973 2834 2020 non
2863 1959 2964 2027 ipsi
3005 1960 3345 2024 instituerant

1754 2047 1992 2108 moribus
2017 2048 2147 2115 suis,
2171 2049 2266 2106 88d
2285 2047 2353 2104 ad
2374 2064 2587 2119 pinnam
2611 2048 2712 2116 sibi
2743 2051 2918 2111 valere
2948 2048 3209 2120 iaciebant
3227 2066 3344 2120 uto-

1753 2140 1899 2196 ribns
1928 2141 2102 2196 malis.

1823 2231 2048 2300 CAPUT
2083 2231 2346 2290 XXXVII.
2373 2263 2448 2274 —
2472 2235 2558 2296 tl.
2601 2234 2736 2303 Quid
2766 2243 2849 2298 est
2875 2246 3052 2302 autem
3083 2236 3226 2307 quod
3256 2237 3344 2294 di-

1754 2325 1850 2391 cis,
1879 2340 1999 2382 cum
2026 2341 2091 2382 ex
2119 2340 2348 2395 persona
2388 2342 2506 2387 mea
2529 2327 2621 2389 tibi
2645 2329 3034 2398 proposuisses,
3068 2331 3207 2400 quod
3238 2347 3342 2402 ego

1757 2432 2026 2485 nunquam
2050 2417 2286 2476 divinum
2318 2418 2625 2478 tradiderim
2665 2419 3103 2490 Testamentum?
3131 2421 3340 2492 Adiun-

1754 2509 1834 2579 gis
1857 2513 2000 2569 enim
2025 2527 2039 2564 :
2065 2508 2170 2570 Sed
2190 2510 2278 2565 ille
2302 2511 2394 2582 qui
2420 2510 2651 2578 tradidit,
2685 2520 2732 2564 te
2759 2514 2962 2578 creavit.
2989 2511 3188 2576 Deinde
3218 2529 3346 2582 eon-

1755 2604 1893 2658 texis
1923 2619 2042 2673 quae
2066 2603 2159 2660 tibi
2190 2603 2324 2660 bene
2349 2619 2544 2662 sonare
2571 2603 2918 2664 videbantur:
2950 2603 3118 2668 Fonte
3141 2605 3347 2670 deduci-

1758 2705 1838 2751 tur
1857 2697 2014 2763 riuus,
2044 2709 2090 2750 et
2115 2705 2265 2767 caput
2287 2698 2508 2754 membra
2527 2707 2822 2767 sequuntur.
2843 2698 2984 2758 Sana
3011 2701 3177 2771 capite
3201 2718 3346 2760 omne

1755 2804 1937 2852 sanum
1975 2796 2048 2844 est
2075 2803 2278 2858 corpus,
2309 2797 2354 2842 et
2387 2788 2431 2844 si
2456 2788 2579 2859 quid
2606 2789 2659 2848 in
2688 2791 2782 2848 hoc
2813 2789 2972 2850 morbi
3000 2790 3079 2845 vel
3102 2792 3208 2856 vitii
3249 2803 3343 2862 est,

1758 2879 1928 2935 omnia
1956 2880 2177 2937 membra
2207 2878 2452 2936 debilitat.
2486 2877 2745 2951 Originem
2765 2898 2910 2944 suam
2936 2884 3159 2952 respicit,
3195 2885 3346 2954 quid.-

1757 2973 1879 3045 quid
1906 2975 1960 3028 in
1985 2974 2139 3045 stirpe
2167 2975 2428 3044 processit.
2462 2974 2530 3032 Et
2557 2985 2676 3044 post
2702 2974 2817 3031 haec
2850 2977 3002 3046 quasi
3023 2977 3076 3036 in
3099 2987 3345 3038 extremo

1760 3065 2071 3122 concludis:
2104 3064 2228 3120 Non
2258 3075 2416 3138 potest
2457 3067 2696 3127 innocenti
2735 3083 2860 3134 esse,
2891 3069 2979 3138 qui
3021 3077 3208 3126 sectam
3246 3087 3348 3128 non

1757 3158 1978 3229 sequitur
1997 3157 2294 3213 innocentis.
2323 3158 2378 3214 In
2410 3157 2492 3218 his
2520 3159 2768 3216 onmibus
2797 3159 2974 3216 verbis
3004 3163 3108 3223 tuis
3134 3172 3345 3216 creato-

1758 3265 1872 3305 rem
1899 3264 2098 3315 meum,
2122 3258 2285 3318 caput
2312 3264 2510 3316 meum,
2540 3264 2644 3309 non
2670 3250 2838 3310 fecisti
2869 3251 2968 3310 nisi
3001 3252 3344 3320 traditorcm;

1758 3357 1916 3412 quem
1953 3340 2167 3410 quidem
2207 3355 2461 3397 accusare
2503 3350 2726 3406 tantum,
2766 3357 2869 3402 non
2898 3345 3222 3406 cotiyincere
3246 3361 3348 3415 po-

1762 3433 1926 3488 tuisti.
1960 3432 2074 3502 Ego
2098 3442 2276 3486 autem
2309 3447 2409 3486 nec
2436 3432 2554 3500 ejus
2581 3433 2939 3494 innocentiam
2974 3434 3101 3500 mihi
3122 3436 3347 3494 creatri-

1759 3542 1898 3592 eem,
1945 3527 2025 3581 vel
2071 3524 2272 3580 fontem
2317 3533 2544 3594 caputve
2587 3527 2886 3588 constituo:
2914 3526 3008 3588 sed
3038 3536 3092 3586 tu
3121 3527 3188 3592 ad
3213 3527 3345 3596 illud

1759 3623 1923 3688 redis,
1953 3623 2006 3675 in
2033 3637 2138 3691 quo
2167 3620 2458 3676 Petilianus
2483 3622 2701 3686 erravit,
2745 3637 2813 3677 ne
2850 3620 3110 3691 cujusque
3138 3623 3190 3684 in
3215 3638 3344 3688 san.

1761 3714 2080 3770 ctilieatione
2124 3713 2466 3784 Baptismatis
2515 3711 2760 3768 Christus
2789 3713 2860 3767 sit
2903 3713 3052 3784 origo
3081 3723 3347 3784 caputque

1761 3809 2066 3865 nascentis:
2093 3816 2147 3862 et
2177 3823 2279 3862 non
2310 3808 2392 3862 vis
2416 3807 2601 3863 venire
2635 3806 2687 3861 in
2718 3807 3080 3872 maledictum,
3127 3806 3196 3868 de
3241 3823 3348 3878 quo

1762 3903 2017 3972 scriptum
2042 3907 2146 3967 est,
2180 3899 2484 3955 Haledictus
2513 3901 2673 3956 omnis
2716 3901 2802 3970 qui
2840 3917 2982 3972 spem
3021 3917 3167 3965 suam
3207 3903 3348 3973 ponit

1761 3994 1815 4046 in
1841 3993 2042 4050 homine
2069 3991 2284 4062 (Jerem.
2313 4009 2441 4059 xvn,
2466 3991 2556 4064 5):
2586 4007 2709 4049 cum
2742 4002 2791 4056 te
2813 3993 3028 4054 aliunde
3047 4009 3154 4058 non
3182 3994 3351 4056 lllVDlt-

1764 4101 1876 4152 vas,
1906 4101 1974 4139 ne
2001 4100 2123 4140 cum
2147 4084 2402 4140 resilieris
2420 4083 2463 4151 ³,
2496 4085 2547 4139 in
2572 4084 2712 4142 aliud
2744 4085 2966 4146 recidas.
3346 4094 3349 4117 ῖ

1833 4175 2059 4232 CAPUT
2097 4173 2385 4230 XXXVIII.
2404 4204 2475 4228 —.-
2500 4174 2589 4230 42.
2613 4175 2717 4235 Sed
2738 4184 2792 4229 et
2816 4177 3120 4236 teSIimonio
3145 4193 3229 4232 me
3252 4179 3350 4236 ade

1763 4282 1952 4328 mones
1976 4267 2043 4322 de
2072 4266 2382 4335 Scripturis,
2415 4266 2541 4337 quid
2572 4266 2666 4330 tibi
2696 4266 2870 4328 adhuc
2896 4268 2962 4324 ad
2993 4269 3092 4328 ista
3116 4285 3346 4340 reSpon.

1763 4358 1938 4416 deam.
1966 4357 2105 4412 Dicis
2129 4357 2272 4412 enim
2301 4366 2516 4426 propter
2536 4357 2638 4412 hoc
2660 4358 2915 4426 scriptum
2942 4374 3082 4426 esse,
3114 4359 3180 4416 In
3206 4363 3349 4434 lega-

1764 4454 1894 4508 libus
1911 4462 2110 4524 patrum
2124 4461 2400 4506 uestrorum
2419 4466 2483 4505 ne
2501 4451 2874 4510 ambulaneritis
2893 4450 3102 4522 (Ezeclt.
3122 4471 3212 4520 xx,
3233 4456 3347 4525 l8),

1764 4546 1874 4602 Nec
1901 4544 2132 4600 advertis
2158 4543 2356 4599 dictum
2405 4558 2525 4598 esse
2567 4541 2788 4610 iud-nis,
2833 4554 2890 4599 ut
2919 4545 3056 4600 mala
3085 4545 3224 4606 facta
3252 4562 3347 4618 pa-

1766 4647 1905 4693 trum
1930 4651 2145 4692 suorum
2176 4650 2284 4690 non
2311 4633 2667 4701 imitarentur,
2701 4649 2806 4695 non
2832 4646 2890 4690 ut
2919 4635 2986 4700 ab
3018 4636 3108 4692 illo
3133 4638 3227 4693 Dei
3250 4654 3349 4708 po-

1767 4732 1891 4801 pulo
1910 4728 2302 4785 scinderentur.
2333 4726 2389 4783 Si
2416 4743 2544 4798 ergo
2569 4727 2717 4786 licuit
2737 4728 2848 4798 regi
2873 4728 3060 4796 David,
3087 4729 3346 4800 Samueli,

1767 4823 1938 4890 Isaize,
1963 4822 2229 4886 Jeremiae,
2259 4819 2553 4887 Zachariae,
2581 4819 2896 4889 calorisque
2919 4821 3120 4877 sanctis
3138 4837 3203 4878 ac
3228 4839 3350 4894 pro-

1769 4914 1944 4984 phetis
1966 4913 2057 4967 Dei
2080 4913 2219 4968 inter
2247 4920 2644 4981 contemptores
2668 4911 2803 4981 legis
2841 4911 2936 4968 Dei
2963 4913 3209 4970 mandata
3231 4930 3350 4972 ser-

1767 5020 1912 5072 vare,
1934 5010 2093 5075 atque
2117 5005 2172 5059 in
2190 5004 2310 5060 illos
2336 5005 2481 5074 ipsos
2496 5003 2728 5064 mandati
2749 5013 3171 5076 transgressores
3188 5010 3352 5065 multa

1766 5096 1923 5168 digna
1945 5104 2002 5154 et
2017 5110 2146 5154 vera
2168 5095 2329 5150 verba
2345 5095 2594 5165 jaculari,
2625 5102 2836 5164 patrum
2865 5111 3080 5167 quoque
3107 5099 3196 5164 illa
3225 5115 3352 5171 pet;-

1767 5199 1884 5248 cata
1907 5190 2099 5262 quibus
2119 5187 2220 5245 sub
2239 5187 2420 5260 Moyse
2445 5188 2518 5244 ita
2545 5186 2882 5254 oli‘entlerunt
2905 5191 3090 5261 Deum,
3114 5201 3173 5248 ut
3193 5207 3354 5260 nemo

1767 5299 1951 5340 eorum
1978 5282 2171 5353 dignus
2195 5289 2340 5338 esset
2369 5290 2568 5340 terram
2591 5283 2960 5358 promissionis
2989 5285 3208 5364 intrare,
3247 5303 3357 5343 non

1768 5375 1983 5441 imitari,
2018 5388 2126 5432 non
2151 5373 2366 5440 sectari,
2396 5372 2492 5434 sed
2531 5374 2786 5434 detestari
2815 5390 2878 5436 ac
2914 5375 3119 5448 fugere,
3151 5389 3205 5433 et
3233 5378 3355 5450 illos

1834 5507 1851 5536 ι
1876 5502 2012 5562 Editi,
2037 5499 2281 5552 dicuntur.
2304 5508 2357 5566 At
2380 5508 2484 5552 Mss.
2506 5537 2520 5562 ,
2563 5501 2680 5552 dicit
2695 5513 2725 5566 _:
2751 5510 2802 5552 et
2826 5515 2888 5552 ex
2914 5503 2990 5554 liis
3006 5543 3019 5564 ,
3063 5505 3361 5566 Georgianus

1771 5580 1875 5630 pro,
1899 5569 2176 5615 ornamento
2196 5578 2317 5628 esse,
2344 5565 2493 5614 habet
2515 5572 2569 5615 ut
2583 5564 2708 5627 apud
2740 5567 3040 5629 Cyprianum,
3063 5564 3359 5620 hortamento

1771 5644 1979 5760 εδδξλξῐι.
2014 5697 2086 5739 Er.
2117 5696 2168 5738 et
2198 5688 2363 5752 plures
2383 5695 2512 5750 Mss.,
2541 5690 2794 5760 [ruralibus
2826 5704 3015 5756 parare.

1839 5757 1858 5789 ³
1883 5755 2049 5806 Plures
2071 5761 2201 5815 Mss,
2231 5764 2316 5803 nec
2340 5765 2449 5803 cum
2466 5752 2714 5816 resilieris.
