3784 6140
457 238 568 298 5W

455 357 547 430 qui
566 369 631 413 ea
653 353 1072 417 committerent,
1097 349 1444 408 similitudine
1483 348 1668 403 talium
1714 355 1923 419 patrum
1953 347 2040 401 in-

456 465 678 520 crepare
696 449 737 515 ¹,
770 462 871 504 nec
891 455 1068 502 tamen
1095 443 1194 499 sibi
1215 443 1441 498 alterum
1466 443 1720 512 populum
1741 440 1892 512 quasi
1917 455 2044 510 pur-

456 550 637 613 gatum
665 547 720 596 et
739 539 995 608 liquatum
1010 536 1033 568 ⁸
1053 534 1388 606 separatione
1412 532 1669 604 sacrilega
1686 531 2040 588 constituere:

456 629 727 705 quomodo
755 628 910 685 nobis
938 643 1044 684 non
1084 627 1240 682 liceat
1263 641 1366 682 nec
1389 625 1546 692 facta,
1587 625 1769 680 nescio
1795 638 2042 694 quorum,

453 741 572 796 qua:
597 723 765 795 magis
787 721 1018 792 objicitis
1044 736 1202 792 quam
1225 719 1462 790 probatis
1489 719 1717 783 imitari;
1742 734 1841 774 uec
1866 728 2042 774 tamen

451 816 522 872 ab
548 831 612 871 ea
641 830 760 886 qua:
796 813 851 869 in
887 814 1120 868 uniuerso
1165 812 1378 877 mundo,
1411 811 1552 868 sicut
1577 811 1863 880 Apostolus
1889 809 2038 876 dicit,

452 909 726 981 fructi/ient
747 918 796 965 et
823 907 999 964 crescit
1020 905 1239 978 (Coloss.
1273 921 1314 972 ι,
1344 903 1425 976 6),
1457 915 1640 960 sancta
1681 903 1922 960 Ecclesia
1948 918 2039 960 se-

448 1001 668 1074 parari?
692 1001 958 1073 Numquid
987 1000 1161 1071 aliqua
1190 999 1536 1056 Sacramenta
1561 999 1905 1054 instituerunt
1926 1005 2038 1052 tra-

448 1096 670 1161 ditores,
699 1093 756 1151 in
785 1093 976 1166 quibus
1000 1092 1338 1162 baptizarer?
1361 1090 1624 1162 Numquid
1643 1091 1850 1162 aliquos
1876 1090 2040 1146 libros

447 1188 518 1247 de
543 1187 792 1246 facienda:
820 1188 904 1244 vel
929 1185 1181 1243 imitanda
1213 1185 1499 1241 traditione
1523 1184 1754 1255 posteris
1781 1183 2037 1240 condide-

447 1293 595 1347 runt,
647 1289 704 1338 et
744 1296 929 1340 eorum
977 1289 1222 1337 tenemus
1274 1279 1654 1350 sequimurque
1702 1276 2036 1333 doctrinam?

449 1374 602 1445 Quod
633 1375 678 1430 si
707 1374 979 1439 fecissent,
1018 1389 1118 1428 nec
1147 1370 1247 1427 sibi
1275 1369 1672 1426 communicare
1697 1375 2029 1439 paterentur,

449 1468 554 1525 nisi
580 1481 674 1524 eos
701 1466 790 1537 qui
821 1467 908 1521 illa
937 1466 1192 1534 legerent,
1215 1462 1604 1535 approbarent;
1636 1460 1736 1530 ipsi
1757 1460 1826 1516 ab
1846 1458 2034 1514 Eccle-

447 1559 542 1616 site
566 1574 626 1614 se
657 1558 860 1613 unitate
883 1555 1217 1612 dividerent:
1243 1555 1298 1610 in
1328 1569 1554 1624 quorum
1589 1552 1851 1608 divisione
1878 1567 1965 1607 me
1988 1551 2032 1606 si

445 1651 678 1718 videres,
703 1659 828 1707 tunc
853 1665 941 1704 me
959 1649 1142 1705 dicere
1171 1647 1398 1704 deberes
1426 1662 1546 1703 esse
1575 1647 1627 1702 in
1658 1645 1885 1704 ecclesia
1928 1653 2034 1701 tra-

443 1747 696 1803 ditorum.
725 1742 880 1813 Quod
908 1743 953 1798 si
981 1758 1075 1798 sua
1103 1741 1334 1813 pessima
1381 1741 1448 1796 de
1477 1739 1716 1796 facienda
1749 1737 2033 1794 traditione

441 1845 708 1910 praecepta
735 1833 1154 1900 conscriberent,
1189 1849 1289 1890 nec
1329 1842 1506 1888 tamen
1545 1840 1694 1888 extra
1741 1830 2031 1886 Eoclesiam

442 1944 538 1986 sua
563 1928 777 1999 propria
818 1926 1230 1997 congregatione
1273 1934 1433 1996 atque
1461 1923 1838 1979 communione
1875 1921 2029 1977 colli-

441 2031 727 2095 gerentur;
771 2020 972 2077 zizania
998 2029 1280 2092 propterea
1310 2025 1768 2088 computarentur,
1799 2030 2029 2087 quorum

443 2130 604 2172 causa
635 2115 898 2171 frumenta
927 2128 1032 2168 non
1058 2121 1207 2170 recte
1235 2112 1633 2168 desererentur.
1657 2179 1663 2184 Π

512 2206 739 2265 CAPUT
777 2204 1100 2262 XXXIX.—
1121 2205 1210 2261 45.
1239 2203 1382 2260 Ecce
1408 2203 1530 2259 dico
1559 2203 1772 2267 iterum,
1797 2215 1918 2272 quae
1942 2215 2030 2258 me

439 2300 668 2359 ulterius
694 2307 842 2356 vetas
885 2299 1064 2354 dicere
1101 2314 1114 2350 :
1152 2297 1336 2368 Arguis
1363 2297 1504 2368 apud
1527 2313 1605 2350 me
1633 2313 1736 2362 eos,
1774 2311 1900 2365 quos
1916 2296 2030 2364 jam

438 2395 562 2450 olim
583 2394 849 2466 defunctos
876 2408 989 2447 mea
1014 2392 1232 2463 cognitio
1257 2407 1359 2446 non
1377 2391 1627 2462 judicavit
1661 2389 1795 2460 (Lib.
1829 2391 1854 2444 l
1889 2397 2025 2445 cont.

439 2487 659 2542 Litteras
707 2485 966 2552 Petiliani,
1017 2503 1072 2540 η.
1122 2483 1233 2556 l9).
1277 2485 1416 2541 Dicis
1443 2493 1496 2539 tu
1521 2495 1705 2540 contra
1732 2503 1745 2538 :
1777 2484 1915 2538 Licet
1939 2483 2030 2538 tibi

437 2587 487 2633 et
517 2577 665 2633 hodie
680 2577 932 2648 judicare,
963 2585 1008 2630 et
1029 2576 1285 2648 judicium
1319 2593 1420 2631 non
1450 2585 1645 2630 tantum
1673 2575 1738 2630 de
1761 2575 1901 2640 vivis,
1936 2574 2026 2630 sed

439 2669 592 2724 etiam
616 2668 681 2724 de
705 2668 916 2723 mortuis
945 2667 1120 2722 haberi
1153 2677 1332 2739 potest.
1379 2666 1520 2722 Licet
1547 2667 1680 2722 enim
1709 2668 1774 2721 sit
1799 2679 2027 2722 mortuus

437 2763 526 2834 qui
554 2762 794 2832 peccavit,
813 2778 1068 2831 nunquam
1087 2759 1221 2816 illud
1236 2761 1448 2815 moritur
1465 2760 1601 2831 quod
1618 2760 1845 2814 admisit.
1865 2758 2023 2828 Quid,

437 2853 481 2910 si
511 2869 630 2910 eum
655 2853 858 2910 viveret
887 2867 946 2908 se
975 2852 1236 2919 correxit,
1259 2852 1531 2921 Deumque
1557 2849 1819 2920 placavit?
1841 2849 2027 2905 Nonne

436 2941 706 3002 mortuum
729 2955 783 3002 et
807 2944 1040 3001 deletum
1063 2952 1147 3000 est
1175 2943 1318 3014 quod
1359 2943 1609 3000 admisit?
1637 2944 1774 2999 sicut
1799 2941 2024 2999 Felicia-

435 3052 539 3093 nus
559 3046 613 3092 et
633 3035 985 3092 Praetextatus
1007 3034 1308 3090 Maximiani
1332 3034 1690 3099 ordinatores,
1723 3033 1845 3090 data
1884 3033 2024 3090 sicut

435 3129 569 3186 dicis
597 3128 871 3196 dilatione,
915 3143 974 3184 se
1013 3136 1161 3183 tanto
1200 3127 1406 3184 scelere
1434 3135 1802 3184 correxerunt.
1834 3127 2022 3182 Mirum

434 3229 520 3278 est
543 3229 721 3277 autem
766 3220 811 3277 si
849 3219 1064 3291 propria
1095 3228 1308 3289 peccata
1348 3233 1456 3274 non
1494 3217 1692 3274 obsunt
1717 3217 2021 3274 hominibus

434 3312 526 3384 qui
552 3327 613 3369 ea
635 3312 773 3368 facta
794 3311 1144 3372 correxerint,
1173 3320 1228 3365 et
1247 3309 1366 3365 aliis
1391 3309 1588 3366 obsunt
1606 3311 1695 3380 qui
1717 3325 1778 3365 ea
1805 3309 2024 3365 omnino

432 3420 540 3463 non
569 3404 823 3462 fecerint:
851 3403 992 3476 quod
1019 3403 1063 3460 si
1083 3403 1152 3459 de
1173 3402 1326 3459 nobis
1355 3404 1548 3474 agitur,
1590 3401 1746 3468 adde,
1779 3402 1878 3472 Qui
1923 3416 2024 3458 nec

432 3497 568 3556 facta
594 3496 960 3571 cognoverint.
991 3495 1099 3553 Sed
1122 3495 1256 3552 dicis
1283 3495 1432 3550 licere
1450 3495 1574 3548 mihi
1593 3496 1743 3549 etiam
1773 3495 1920 3550 hodie
1929 3495 2023 3565 ju-

430 3591 623 3659 dicare,
648 3590 768 3662 quia
789 3589 1040 3661 judicium
1069 3604 1171 3642 non
1201 3596 1394 3642 tantum
1423 3587 1486 3642 de
1509 3588 1651 3654 vivis,
1684 3587 1773 3642 sed
1791 3587 1940 3641 etiam
1961 3585 2025 3642 de

431 3683 646 3740 mortuis
674 3682 788 3752 ﬁeri
816 3689 995 3752 potest.
1037 3679 1178 3735 Ecce
1207 3679 1327 3734 volo
1351 3677 1614 3748 judicare,
1649 3678 1744 3734 sed
1769 3693 1864 3734 vos
1893 3694 2020 3734 can-

430 3791 546 3834 sam
579 3774 749 3845 ipsam
787 3787 894 3828 non
924 3770 1086 3828 vultis
1125 3785 1312 3840 agere;
1361 3770 1470 3824 imo
1500 3784 1632 3824 vero
1661 3778 1785 3826 tunc
1824 3779 2017 3836 actam,

431 3879 561 3926 tunc
579 3869 738 3925 etiam
763 3867 879 3923 sine
898 3865 1061 3921 dubio
1081 3863 1438 3929 terminatam,
1469 3862 1624 3918 nobis
1650 3863 2023 3919 demonstran-

431 3961 596 4029 tibus,
628 3974 736 4016 non
761 3958 926 4015 vultis
953 3971 1262 4028 agnoscere.
1294 3955 1400 4012 Sed
1431 3955 1686 4011 faciamus
1713 3971 1806 4012 vos
1845 3957 2021 4026 potius

431 4052 630 4111 habere
655 4050 797 4123 quod
825 4050 1020 4106 docere
1040 4048 1286 4120 possitis:
1314 4062 1450 4120 quos
1473 4045 1710 4102 nondum
1739 4047 2013 4116 docuistis,

430 4161 597 4218 quare
632 4144 742 4217 jam
789 4140 1199 4214 rebaptizandos
1239 4156 1362 4197 esse
1401 4139 1738 4208 contenditis,
1773 4141 2016 4212 quando-

429 4237 645 4311 quidem
671 4251 702 4291 a
745 4233 1090 4292 traditoribns
1113 4246 1249 4303 quos
1291 4232 1669 4304 ignoraverant
1693 4231 2012 4304 baptizatos,

427 4343 532 4387 nec
553 4343 675 4386 cum
701 4325 991 4383 docueritis
1033 4324 1304 4394 baptizare
1341 4323 1609 4389 debeatis;
1641 4324 1779 4380 sicut
1803 4339 1899 4381 eos
1925 4327 2016 4395 qui

427 4421 731 4480 nescientes
762 4419 829 4476 ab
857 4417 1112 4474 adulteris
1138 4416 1385 4488 baptizati
1407 4425 1553 4484 sunt,
1584 4425 1639 4472 et
1663 4416 1769 4472 illis
1795 4415 2017 4488 proditis

426 4527 589 4586 atque
617 4514 877 4572 convictis
895 4527 1002 4569 non
1026 4509 1342 4582 baptizatis?

495 4605 723 4665 CAPUT
761 4603 876 4662 XL.
904 4634 976 4645 —
1002 4603 1092 4658 M.
1133 4601 1229 4657 Hic
1253 4601 1391 4656 forte
1414 4601 1592 4657 dicas:
1621 4601 1726 4658 Sed
1755 4601 1821 4659 de
1848 4603 2016 4658 Caeci-

428 4704 572 4761 liano
591 4702 701 4773 jam
727 4699 1022 4772 judicatum
1047 4703 1150 4751 est.
1179 4695 1553 4766 Respondetur
1579 4695 1668 4750 tibi
1691 4713 1704 4750 :
1727 4695 1844 4752 Jam
1865 4696 2014 4767 judi-

426 4805 604 4852 catum
634 4801 750 4849 erat
769 4798 825 4847 et
847 4790 916 4846 de
943 4787 1213 4845 Primiano
1231 4802 1260 4841 a
1283 4795 1494 4842 centum
1515 4787 1777 4858 episcopis
1795 4790 2011 4857 vestris,

426 4886 621 4959 quibus
658 4898 781 4940 eum
826 4879 1214 4952 iniquissimum
1259 4878 1609 4935 Maximianus
1652 4891 2009 4951 persuaserat,

425 4988 713 5049 antequam
735 4974 1029 5045 Bagaiense
1047 4972 1332 5028 concilium
1354 4971 1622 5027 faceretis.
1645 4971 1750 5028 Sed
1769 4973 1822 5029 in
1843 4974 2013 5044 primo

421 5072 624 5146 judicio
651 5069 933 5126 damnatus
951 5074 1035 5123 est
1058 5066 1273 5133 absens,
1303 5067 1356 5121 iu
1384 5065 1618 5122 secundo
1641 5066 1914 5124 absolutus
1931 5076 2014 5125 est

424 5181 688 5240 praesens.
718 5162 776 5221 Si
809 5171 930 5234 post
965 5161 1193 5234 primum
1222 5174 1357 5231 quos
1381 5159 1667 5229 baptizavit
1693 5160 2012 5232 rebaptizari

428 5277 535 5318 non
557 5265 799 5333 possunt,
822 5265 1022 5330 quanto
1040 5255 1216 5327 potius
1240 5260 1362 5324 post
1385 5252 1714 5310 secundum?
1735 5252 1810 5310 lta
1831 5265 1886 5312 et
1902 5256 2014 5312 Ca:-

425 5353 650 5411 eilianus
673 5351 841 5423 primo
864 5347 1002 5421 apud
1026 5345 1400 5417 Carthaginem
1430 5344 1636 5416 judicio
1662 5347 1890 5404 Secundi
1922 5349 2011 5406 Τί-

425 5447 638 5522 gisltani
664 5446 945 5506 damnatus
971 5449 1056 5500 est
1081 5441 1296 5508 absens,
1328 5440 1566 5498 secundo
1584 5441 1784 5514 judicio
1809 5444 2005 5501 Miltia-

490 5631 505 5664 ι
530 5637 638 5681 Mss.
655 5664 669 5689 ,
694 5633 741 5679 et
760 5626 859 5678 illis
879 5623 964 5689 qui
985 5636 1043 5675 ea
1062 5619 1405 5675 committerent
1425 5638 1442 5685 ;
1459 5624 1818 5681 similitudinem
1842 5627 2011 5681 talium

425 5702 617 5761 pastini:
632 5690 901 5761 increpare.
934 5753 944 5761 ι

492 5757 512 5787 ³
537 5754 723 5816 Aliquot
747 5747 874 5811 uss,
901 5753 944 5800 et
967 5747 1243 5811 eliquatum.

1239 231 1509 290 CONTRA
1549 228 1982 286 CRESCONIUM
2025 228 2476 302 DONATISTAM,
2518 235 2573 290 S.
2617 235 2987 295 AUGUSTINI

3647 241 3750 334 se

2157 354 2241 409 dis
2260 355 2277 387 ι
2303 353 2527 410 Romani
2549 354 2822 415 absolutus
2842 367 2926 416 est
2945 373 3216 432 praesens:
3241 364 3416 424 adhuc
3435 382 3540 426 nos
3560 370 3640 428 de
3663 371 3751 431 illo

2152 459 2329 506 certos
2359 462 2478 504 esse
2509 464 2613 505 non
2644 451 2804 507 vultis
2825 495 2840 520 ,
2889 455 3077 512 saltem
3120 456 3369 517 dubitare
3411 465 3747 532 permittite;

2151 550 2318 608 vincit
2337 552 2480 609 enim
2503 568 2600 608 vos
2627 568 2734 610 non
2757 554 2929 610 solum
2956 555 3045 626 qui
3076 554 3422 614 Caecilianum
3449 560 3559 617 scit
3585 561 3749 619 inno-

2150 653 2382 712 centem,
2405 660 2591 702 verum
2611 647 2769 701 etiam
2791 647 2880 717 qui
2902 648 3072 704 nescit
3095 658 3398 706 nocentem.
3427 651 3538 707 Vos
3566 662 3749 709 autem

2149 745 2402 809 utrosque
2429 738 2836 809 rebaptizandos
2860 739 2993 796 'esse
3031 742 3281 808 censetis,
3319 751 3374 800 et
3411 745 3506 815 qui
3538 746 3740 803 dicunt

2147 831 2422 900 N0vimus,
2471 839 2527 888 et
2571 832 2661 902 qui
2701 831 2901 898 dicunt,
2949 833 3066 890 Non
3106 836 3349 893 novimus
3377 840 3560 908 qualis
3587 841 3748 897 fueri.

2148 922 2483 979 Caecilianus.
2508 923 2622 979 Non
2648 933 2775 980 sunt
2797 925 3102 994 baptizandi
3132 943 3269 998 quos
3297 929 3592 1000 baptizavit
3628 933 3746 990 Pri-

2145 1014 2355 1070 mianus
2379 1024 2503 1086 post
2524 1017 2752 1085 primum
2777 1017 3034 1088 judicium
3061 1036 3168 1091 quo
3197 1021 3482 1080 damnatus
3528 1035 3620 1081 est
3648 1027 3743 1082 ab-

2145 1123 2291 1175 sens,
2322 1118 2376 1165 et
2400 1109 2700 1180 baptizandi
2729 1121 2856 1169 sunt
2896 1128 3032 1185 quos
3076 1114 3363 1184 baptizavit
3409 1116 3744 1176 Caecilianus

2144 1213 2266 1273 post
2287 1205 2577 1262 secundum
2601 1207 2860 1277 judicium
2897 1225 3006 1281 quo
3039 1210 3310 1269 absolutus
3343 1223 3425 1270 est
3458 1218 3746 1285 praesens?

2144 1297 2295 1354 Illum
2321 1298 2630 1356 damnatum
2656 1301 2911 1357 damnare
2931 1319 3040 1359 non
3066 1304 3248 1361 licuit:
3271 1306 3338 1362 de
3362 1307 3464 1363 isto
3484 1308 3744 1365 absoluto

2144 1390 2332 1447 saltem
2377 1393 2535 1449 liceat
2578 1393 2842 1451 dubitare.
2872 1394 3038 1466 Cujus
3080 1397 3305 1454 crimina
3349 1399 3563 1456 etiamsi
3593 1411 3744 1456 certa

2141 1484 2297 1540 nobis
2326 1495 2528 1553 essent,
2561 1487 2614 1543 in
2644 1488 2882 1545 Ecclesia
2908 1491 3230 1548 constitutos
3246 1493 3288 1559 ³,
3315 1508 3474 1564 quam
3504 1493 3743 1565 Spiritus

2142 1588 2357 1635 sanctus
2385 1581 2530 1637 velut
2556 1597 2738 1639 aream
2765 1599 2888 1640 cum
2921 1585 3072 1655 palea
3100 1587 3492 1656 praenuntiavit,
3527 1606 3738 1662 nequa-

2139 1686 2299 1740 quam
2330 1687 2430 1729 nos
2454 1673 2625 1730 aliena
2652 1683 2870 1746 peccata
2905 1693 3012 1732 non
3043 1678 3247 1734 imitata
3281 1681 3641 1738 macularent.
3675 1682 3739 1737 Et

2141 1770 2319 1819 tamen
2346 1767 2553 1822 etiamsi
2581 1767 2736 1824 nobis
2763 1769 2959 1826 incerta
2989 1785 3109 1828 esse
3129 1773 3399 1840 dicuntur,
3426 1790 3538 1830 non
3561 1776 3736 1832 solum

2138 1855 2216 1910 rei
2244 1857 2636 1923 constituimur,
2667 1875 2853 1916 verum
2883 1862 3042 1918 etiam
3069 1862 3373 1934 baptizandi
3401 1865 3736 1933 iudicamur.

2137 1947 2283 2004 Itane
2326 1951 2520 2021 agitis?
2561 1953 2758 2009 siccine
2799 1961 2989 2010 cuncta
3037 1956 3380 2026 pervertitis?
3427 1958 3738 2019 Tantumne

2137 2055 2323 2097 revera
2348 2043 2501 2100 vobis
2525 2045 2686 2102 licere
2706 2047 3057 2112 arbitramini,
3089 2059 3149 2106 ut
3173 2051 3314 2120 quod
3337 2053 3495 2110 vultis
3514 2055 3590 2111 sit
3609 2069 3736 2111 san-

2135 2142 2300 2197 ctum,
2342 2136 2482 2206 quod
2531 2139 2692 2196 vultis
2734 2139 3101 2196 immundum?
3141 2140 3398 2201 Cohibete
3442 2160 3576 2215 vos;
3625 2164 3732 2205 non

2134 2228 2425 2299 proficiatis
2450 2229 2504 2285 in
2531 2231 2706 2296 malis,
2738 2247 2806 2287 ne
2826 2234 3061 2302 pereatis
3085 2249 3114 2288 a
3139 2234 3314 2291 bonis.

2204 2320 2434 2381 CAPUT
2469 2323 2607 2380 xu.
2631 2357 2701 2367 —
2721 2327 2810 2383 45.
2844 2326 2976 2382 Nam
3010 2328 3138 2384 illud
3168 2329 3312 2401 quod
3340 2331 3472 2399 dixi,
3508 2334 3672 2401 Quod
3692 2338 3732 2391 si

2134 2415 2198 2470 de
2221 2419 2646 2487 persecutionibus
2673 2421 2804 2492 agis,
2836 2421 2936 2476 cito
2960 2423 3260 2494 respondeo,
3280 2425 3328 2480 si
3346 2427 3545 2497 aliquid
3565 2429 3735 2499 inique

2135 2512 2273 2581 passi
2309 2512 2444 2576 estis,
2475 2530 2576 2568 non
2603 2515 2853 2584 pertinere
2877 2515 2946 2570 ad
2983 2533 3066 2571 eos
3103 2519 3189 2589 qui
3218 2518 3340 2573 talia
3382 2524 3615 2590 quamvis
3640 2523 3735 2577 im-

2132 2606 2287 2677 probe
2310 2609 2565 2678 facientes,
2606 2625 2697 2677 pro
2727 2627 2851 2681 pace
2877 2620 3042 2667 tamen
3071 2615 3280 2670 unitatis
3306 2615 3638 2673 laudabiliter
3662 2629 3732 2674 to-

2135 2697 2298 2754 lerant
2337 2700 2524 2770 (Lib.l
2555 2710 2730 2757 contra
2768 2701 2948 2759 Litter.
2979 2705 3246 2775 Petiliani,
3278 2725 3330 2762 n.
3359 2707 3498 2781 20);
3530 2726 3698 2780 quam

2132 2789 2392 2848 fallaciter
2414 2793 2662 2850 refellere
2681 2796 2917 2863 voluisti,
2946 2813 3168 2868 prorsus
3187 2814 3291 2855 non
3317 2800 3564 2871 cogitans
3593 2803 3729 2860 litte-

2131 2897 2219 2938 ras
2242 2891 2359 2940 tuas
2377 2885 2492 2941 sani
2512 2887 2702 2965 capitis
2731 2888 3002 2946 habituras
3029 2905 3149 2947 esse
3171 2892 3448 2949 lectorem.
3473 2893 3556 2950 lta
3579 2897 3723 2952 enim

2131 2978 2448 3048 respondes,
2498 2981 2648 3051 quasi
2692 2997 2791 3053 ego
2833 2981 3081 3050 dixerim,
3115 2987 3543 3052 persecutionem
3575 2987 3729 3046 vobis

2131 3085 2230 3141 pro
2261 3086 2390 3140 pace
2416 3071 2635 3128 unitatis
2666 3072 2777 3129 fieri
2807 3075 3022 3130 debere.
3055 3076 3209 3145 Quod
3242 3078 3332 3134 illo
3359 3079 3579 3150 quidem
3613 3082 3728 3138 loco

2138 3179 2243 3220 non
2269 3165 2376 3220 dixi
2410 3183 2423 3218 :
2454 3166 2548 3221 sed
2588 3166 2718 3234 dixi,
2767 3167 2828 3223 Si
2869 3169 3063 3239 aliquid
3089 3171 3259 3241 inique
3288 3172 3426 3242 passi
3449 3174 3597 3240 estis,
3632 3192 3730 3229 non

2133 3259 2383 3328 pertinere
2408 3259 2480 3314 ad
2504 3276 2587 3315 eos
2617 3262 2649 3315 α
2679 3261 2861 3333 quibus
2901 3263 3224 3320 laudabiliter
3249 3283 3340 3336 pro
3364 3267 3581 3324 unitatis
3611 3286 3731 3339 pace

2132 3350 2429 3415 tolerantur,
2461 3351 2549 3420 qui
2577 3352 2701 3406 talia
2740 3352 2794 3408 in
2835 3370 2922 3408 vos
2967 3357 3195 3426 quamvis
3231 3358 3454 3429 improbe
3497 3361 3725 3429 faciunt.

2130 3444 2282 3512 Quod
2307 3461 2430 3501 cum
2457 3445 2794 3517 apertissime
2819 3446 3018 3503 dictum
3061 3450 3150 3512 sit,
3183 3451 3374 3508 saltem
3417 3455 3723 3523 expositum

2131 3535 2409 3592 attendant
2431 3552 2568 3608 quos
2592 3537 2777 3594 fallere
2800 3538 3037 3595 voluisti.
3069 3541 3252 3613 Neque
3283 3543 3426 3600 enim
3467 3553 3544 3612 te,
3581 3548 3722 3616 quod

2131 3637 2237 3684 tam
2265 3638 2509 3700 apertum
2549 3639 2650 3696 est,
2682 3647 2788 3687 non
2821 3632 3147 3689 intellexisse
3174 3636 3438 3694 arbitror:
3467 3639 3569 3694 sed
3601 3640 3720 3696 bre-

2129 3723 2346 3779 vitatem
2372 3725 2651 3779 sententiae
2679 3739 2814 3782 meze
2854 3724 3010 3782 facile
3039 3729 3232 3797 putasti
3260 3743 3418 3813 posse
3458 3731 3509 3786 in
3549 3733 3721 3804 caligi-

2130 3829 2252 3870 nem
2280 3815 2439 3882 mitti,
2470 3814 2562 3870 ubi
2587 3815 2864 3886 quodlibet
2883 3817 3026 3873 aliud
3056 3818 3283 3884 diceres.
3302 3821 3351 3877 ei
3378 3823 3722 3893 respondisse

2126 3906 2406 3962 videreris.
2436 3905 2548 3962 Cur
2571 3915 2749 3964 autem
2779 3908 3005 3965 dixerim
3029 3910 3198 3967 malos
3214 3912 3612 3972 communionis
3627 3932 3720 3972 no-

2127 4006 2274 4064 strae,
2303 3998 2407 4055 hoc
2433 4008 2536 4067 est,
2583 4015 2723 4057 arere
2773 4000 3055 4059 dominica:
3103 4005 3340 4074 paleam;
3372 4021 3493 4064 cum
3539 4009 3598 4065 in
3627 4025 3715 4065 vos

2126 4091 2304 4163 inique
2332 4101 2515 4164 agunt,
2543 4107 2572 4146 a
2598 4092 2756 4150 bonis
2773 4094 2969 4150 nostris
2993 4095 3332 4154 laudabiliter
3351 4114 3449 4169 pro
3471 4115 3609 4170 pace
3633 4112 3708 4158 to-

2125 4184 2307 4250 lerari,
2339 4183 2464 4255 quid
2494 4199 2630 4254 opus
2671 4193 2755 4241 est
2791 4195 2851 4241 ut
2895 4186 3011 4256 ipse
3052 4188 3352 4258 ostendam,
3383 4191 3496 4261 ipse
3521 4192 3712 4251 defen-

2124 4277 2277 4341 dam;
2308 4290 2432 4332 cum
2472 4290 2570 4346 pro
2608 4291 2697 4334 me
2733 4276 2922 4333 beatus
2963 4278 3259 4351 Cyprianus
3286 4283 3626 4352 apertissime
3663 4296 3712 4343 et

2122 4369 2500 4427 candidissima
2542 4370 2703 4439 dicat,
2734 4372 2894 4428 etiam
2936 4388 3057 4430 cum
3083 4384 3376 4433 cernuntur
3396 4377 3449 4434 in
3476 4378 3710 4437 Ecclesia

2122 4464 2275 4530 mali,
2308 4479 2414 4520 non
2443 4473 2660 4535 propter
2683 4479 2777 4521 eos
2798 4466 3093 4522 Eeclesiam
3123 4467 3476 4526 deserendam
3509 4470 3701 4544 (Epist.

2124 4557 2193 4609 ad
2226 4555 2572 4624 Maximum):
2601 4555 2705 4611 hoc
2727 4566 2831 4621 est,
2860 4556 3004 4627 quod
3050 4556 3183 4627 dixi,
3223 4574 3318 4616 eos
3354 4576 3454 4632 pro
3491 4561 3709 4621 unitatis

2123 4662 2254 4719 pace
2281 4646 2620 4702 tolerandos?
2647 4645 2831 4717 Neque
2855 4649 2995 4703 enim
3039 4663 3135 4705 vos
3157 4650 3387 4720 amplius
3411 4667 3574 4723 quam
3615 4668 3708 4709 nos

2119 4747 2532 4812 persequuntur,
2572 4739 2662 4807 qui
2694 4754 2790 4796 vos
2819 4740 2999 4810 inique
3027 4752 3413 4812 persequentes
3441 4744 3573 4800 dant
3614 4761 3703 4802 vo-

2121 4829 2202 4886 bis
2226 4830 2292 4886 ad
2321 4830 2663 4901 decipiendos
2689 4832 2987 4902 imperitos,
3015 4833 3141 4889 licet
3167 4832 3353 4891 falsam
3399 4837 3702 4896 similitudi-

2123 4939 2243 4980 nem
2263 4924 2467 4996 glorim,
2493 4924 2651 4981 nobis
2671 4935 2849 4980 autem
2881 4927 3074 4982 vulnus
3096 4929 3300 5000 grande
3329 4931 3576 4988 tristitiae.

2190 5016 2418 5073 CAPUT
2456 5016 2615 5074 XLII.
2639 5048 2710 5064 --
2735 5017 2824 5074 46.
2866 5019 3070 5077 Deinde
3097 5035 3527 5082 commemorans
3547 5029 3700 5083 etiam

2119 5109 2305 5166 nescio
2329 5124 2462 5180 quos
2501 5119 2763 5176 mortuos,
2809 5126 2945 5182 quos
2983 5127 3012 5166 a
3059 5112 3259 5170 nostris
3297 5114 3430 5172 dicis
3475 5119 3696 5180 occisos.

2122 5212 2373 5274 tanquam
2411 5203 2466 5260 in
2507 5218 2698 5275 campo
2723 5201 2984 5262 facundia:
3029 5215 3134 5264 tute
3162 5209 3410 5280 positus’
3453 5211 3698 5268 latissime

2185 5507 2202 5538 ι
2230 5512 2329 5556 Am.
2356 5509 2432 5554 Er.
2460 5501 2705 5567 etplures
2723 5513 2849 5567 Mss.,
2874 5505 3140 5560 Militiadis.
3729 5501 3732 5526 ί

2181 5569 2201 5600 ²
2224 5567 2365 5638 Editi,
2380 5565 2747 5638 cumulatis-At.
2770 5565 2898 5632 Mss,
2923 5569 3200 5624 constitutos
3230 5585 3249 5624 :
3271 5574 3456 5638 pendet
3477 5588 3506 5625 a
3526 5577 3692 5627 subse-

2115 5637 2301 5696 quente
2322 5630 2493 5696 verbo,
2523 5628 2838 5696 macularent.

2181 5694 2202 5727 ³
2224 5701 2344 5764 am,
2367 5691 2420 5764 in
2442 5705 2612 5756 campo
2647 5693 2890 5764 [actmdiat
2911 5695 3156 5764 sepositos.
3180 5704 3256 5747 Er.
3281 5704 3334 5749 et
3356 5699 3561 5764 t.ov.,in
3577 5714 3693 5751 cam-

2117 5768 2178 5821 po
2220 5754 2463 5818 facundia:
2507 5754 2754 5818 sepositus.
2804 5754 3128 5811 Emcndantur
3163 5774 3224 5812 ex
3259 5754 3608 5826 manuscriptis.
