3778 6134
46 273 124 329 721
1364 257 1566 318 LIBER
1599 255 1918 319 TERTIUS.

37 400 316 458 exaggeras
343 387 542 454 locum,
569 385 621 440 in
647 397 751 456 quo
774 380 924 438 vobis
949 379 1200 436 videmini
1230 378 1431 435 similes
1465 393 1612 431 mar-

40 492 234 552 tyrum;
257 496 390 536 cum
412 479 650 552 quotidie
675 487 971 534 vestrorum
993 472 1322 530 incredibilia
1350 472 1614 542 patiamur

39 574 162 628 facta
190 574 518 630 clericorum
565 582 620 628 et
663 569 1184 636 Circumcellionum,
1216 568 1386 624 multo
1428 566 1614 638 pejora

38 680 184 735 quam
211 665 581 735 quorumlibet
599 663 862 718 latronum
889 669 1048 731 atque
1087 658 1420 730 praedonum.
1448 657 1612 712 Nam.

40 773 130 828 que
157 755 446 810 horrendis
472 754 664 810 armati
691 755 951 823 cujusque
980 749 1193 822 generis
1225 749 1367 816 telis,
1399 747 1612 804 terribi-

41 850 146 903 liter
182 847 452 918 vagando,
472 863 579 902 non
598 846 719 902 dico
743 843 1181 910 ecclesiasticam,
1206 840 1300 897 sed
1323 841 1490 910 ipsam
1513 839 1614 894 hu-

41 953 236 993 manam
259 938 500 1010 quietem
527 950 819 1008 pacemque
846 933 1180 1004 perturbant,
1207 931 1482 986 nocturnis
1520 945 1614 1001 ag-

40 1030 400 1102 gressionibus
428 1029 743 1085 clericorum
782 1025 1166 1082 catholicorum
1188 1024 1400 1078 invasas
1426 1022 1616 1078 domos

43 1119 196 1174 nudas
222 1129 390 1191 atque
417 1119 603 1175 inanes
631 1116 1044 1186 derelinquunt:
1071 1114 1214 1184 ipsos
1244 1112 1404 1169 etiam
1430 1119 1616 1180 raptos

42 1222 90 1266 et
113 1211 342 1265 fustibus
367 1220 571 1277 tunsos,
604 1207 853 1278 ferroque
872 1207 1136 1269 concisos,
1160 1204 1445 1262 semivivos
1478 1202 1614 1273 abji-

43 1303 190 1356 eiunt.
221 1302 453 1372 Insuper
477 1315 616 1356 novo
648 1307 703 1356 et
736 1298 961 1353 antehac
987 1297 1226 1352 inaudito
1263 1296 1482 1353 sceleris
1522 1310 1616 1366 ge-

46 1408 182 1459 nere,
213 1392 391 1447 oculis
415 1407 600 1446 eorum
627 1390 829 1445 calcem
860 1397 1013 1444 aceto
1039 1388 1301 1459 permixto
1331 1386 1616 1441 infunden-

45 1494 116 1540 tes
136 1492 187 1538 et
215 1482 579 1548 infertieutes,
609 1497 742 1553 quos
763 1481 994 1537 evellere
1014 1479 1331 1551 compendio
1353 1487 1614 1549 poterant,

45 1574 348 1631 excruciare
394 1573 620 1645 amplius
667 1572 870 1643 eligunt
916 1587 1074 1642 quam
1118 1570 1275 1625 citius
1325 1583 1616 1624 exczecare.

45 1665 161 1721 Nam
192 1667 373 1737 primo
403 1674 605 1720 tantum
635 1665 778 1719 calce
805 1663 876 1718 ad
923 1663 1025 1719 hoc
1069 1661 1274 1717 facinus
1314 1660 1615 1724 utebantur,

47 1759 129 1816 sed
158 1769 508 1830 posteaquam
549 1756 668 1812 illos
710 1756 901 1827 quibus
930 1759 1030 1811 hoc
1059 1753 1315 1820 fecerant,
1342 1753 1449 1808 cito
1476 1751 1619 1807 salu-

50 1862 140 1908 tem
168 1865 453 1920 reparasse
472 1848 792 1914 didicerunt,
821 1855 1030 1902 acetum
1051 1845 1387 1900 addiderunt.

108 1940 332 1998 CAPUT
373 1939 558 1995 XLlll.
584 1969 654 1979 —
678 1939 768 1994 47.
806 1937 1006 1992 Omitto
1031 1945 1155 1992 ante
1180 1943 1373 2006 quanta
1401 1935 1622 1990 commi-

51 2043 236 2102 serunt,
255 2033 452 2104 quibus
471 2031 686 2088 easdem
705 2030 849 2102 leges
862 2029 928 2085 ad
936 2045 1120 2085 versus
1135 2045 1370 2084 errorem
1386 2037 1620 2084 vestrum

54 2126 287 2180 constitui
335 2131 651 2194 coegerunt,
694 2121 861 2192 magis
891 2121 1176 2176 christiana
1217 2119 1624 2175 mansuetudine

57 2225 390 2287 temperatas,
421 2231 577 2285 quam
609 2215 661 2269 in
689 2223 795 2269 tam
835 2228 1026 2284 magna
1056 2211 1260 2268 scelera
1305 2212 1358 2267 vi
1401 2211 1622 2282 congrui

55 2308 233 2379 vigoris
258 2316 528 2363 exsertas.
559 2306 854 2376 Episcopus
878 2303 1173 2360 catholicus
1198 2319 1227 2358 a
1256 2303 1623 2360 Thubursicu-

56 2403 170 2458 bure
212 2402 420 2457 Servus
466 2398 702 2465 nomine,
747 2413 868 2454 cum
898 2399 1138 2453 invasam
1167 2412 1197 2452 a
1226 2399 1418 2452 vestris
1447 2397 1623 2452 locum

58 2503 327 2566 repeteret,
361 2503 420 2549 et
443 2493 719 2563 utriusque
748 2491 915 2562 partis
940 2499 1311 2561 procuratores
1334 2505 1626 2561 proconsu-

60 2586 154 2641 lare
179 2585 622 2657 praestolarentur
649 2598 891 2646 examen,
937 2591 1158 2652 repente
1201 2582 1301 2637 sibi
1342 2583 1394 2636 in
1433 2582 1628 2653 Oppido

61 2685 339 2731 memorato
365 2674 560 2730 vestris
588 2673 804 2729 armatis
846 2672 1171 2729 irruentibus
1197 2673 1282 2728 vix
1305 2673 1453 2728 vivus
1478 2673 1630 2728 aufu-

61 2767 140 2836 git.
165 2768 206 2822 A
228 2767 426 2838 quibus
456 2775 607 2835 pater
631 2764 747 2836 ejus
775 2765 1075 2838 presbyter,
1098 2774 1253 2822 aetate
1291 2781 1355 2821 ac
1389 2767 1627 2822 moribus

63 2857 238 2928 gravis,
268 2873 332 2914 ea
379 2856 529 2913 caede
574 2871 679 2927 qua
725 2856 1075 2913 vehementer
1109 2857 1339 2912 afﬂictus
1380 2865 1481 2924 est,
1511 2866 1633 2929 post

65 2947 162 3002 dies
189 2964 389 3018 paucos
413 2948 645 3004 excessit
664 2963 695 3002 e
714 2947 841 3002 vita.
865 2946 1216 3003 Maximianus
1241 2949 1523 3020 episcopus
1538 2965 1631 3005 ca-

67 3037 275 3095 tholicus
304 3039 637 3110 Bagaiensis,
673 3038 812 3094 dicta
842 3039 982 3095 inter
1006 3048 1184 3110 partes
1205 3040 1484 3111 judiciaria
1505 3056 1631 3097 sen-

69 3131 232 3198 tentia,
259 3132 538 3188 basilicam
577 3129 725 3186 fundi
747 3131 1109 3187 Calvianensis
1132 3131 1149 3163 ¹
1191 3133 1444 3200 evicerat,
1474 3147 1633 3204 quam

68 3224 210 3277 vestri
237 3223 424 3279 illicite
452 3221 739 3293 aliquando
759 3232 1178 3293 usurpaverant:
1209 3223 1348 3279 hanc
1373 3239 1491 3280 cum
1515 3225 1636 3294 jure

72 3316 332 3386 perspicuo
357 3316 634 3380 retineret,
667 3315 720 3370 in
753 3331 816 3370 ea
847 3315 960 3385 ipsa
1000 3315 1101 3370 sub
1137 3315 1289 3370 altari
1318 3330 1422 3386 quo
1446 3315 1636 3371 confu-

71 3414 220 3475 gerat,
247 3405 441 3462 eodem
483 3419 644 3475 supra
674 3419 734 3461 se
763 3404 952 3472 fracto,
981 3405 1201 3476 ejusque
1229 3405 1385 3476 lignis
1411 3406 1636 3476 aliisque

73 3495 303 3565 fustibus,
331 3497 481 3554 ferro
507 3496 670 3553 etiam
712 3497 1000 3552 crudeliter
1038 3512 1228 3565 caasus,
1275 3507 1443 3553 totum
1485 3498 1635 3554 illum

74 3592 229 3650 locum
257 3594 518 3665 sanguine
543 3593 797 3664 opplevit.
825 3593 1121 3662 Acceperat
1157 3600 1333 3648 autem
1359 3603 1412 3650 et
1440 3594 1639 3664 grande

74 3684 246 3742 vulnus
265 3685 318 3741 in
341 3685 578 3755 inguine,
606 3684 746 3739 unde
771 3698 962 3739 cruore
989 3683 1187 3754 largius
1208 3683 1478 3751 effluente,
1503 3700 1640 3740 con-

76 3777 208 3836 tinuo
233 3788 558 3845 moreretur,
591 3777 690 3832 nisi
719 3777 888 3847 major
908 3792 1092 3832 eorum
1118 3777 1404 3833 crudelitas
1433 3793 1526 3848 per
1551 3793 1641 3834 oc-

76 3870 251 3927 cultam
266 3871 363 3927 Dei
387 3869 806 3926 misericordiam
830 3869 1136 3939 profuisset.
1160 3868 1290 3923 Nam
1315 3885 1434 3924 cum
1466 3885 1639 3925 mem-

76 3960 174 4019 bris
196 3979 259 4022 ex
285 3981 348 4022 ea
378 3973 529 4036 parte
545 3962 756 4018 nudatis
785 3961 1072 4017 semivivus
1096 3962 1312 4033 insuper
1339 3979 1642 4034 pronusque

80 4054 381 4124 traheretur,
412 4055 741 4112 exundantes
769 4070 932 4110 venas
961 4055 1190 4110 latenter
1212 4057 1384 4127 pulvis
1423 4058 1640 4113 obstru-

79 4147 189 4201 sit'.
216 4148 344 4204 Inde
386 4157 692 4203 nostrorum
722 4147 965 4201 manibus
1009 4162 1128 4201 cum
1177 4144 1427 4216 ferretur,
1456 4163 1643 4204 rursus

81 4235 170 4292 illis
213 4239 542 4295 irruentibus
589 4236 852 4292 violenter
883 4245 1121 4292 extortus
1172 4246 1273 4304 est,
1325 4239 1644 4308 graviusque

82 4331 367 4398 mulctatus,
399 4329 535 4386 etde
561 4329 770 4385 excelsa
800 4329 928 4383 turri
948 4337 1105 4383 noctu
1119 4330 1493 4400 prazcipitatus,
1518 4331 1644 4387 sub.

83 4427 153 4474 ter
198 4423 378 4478 cinere
430 4421 680 4476 stercoris
706 4421 936 4476 molliter
955 4419 1164 4490 jacebat
1185 4431 1458 4491 exceptus,
1482 4435 1645 4476 sensu

86 4514 260 4569 amisso
275 4515 364 4569 vix
377 4522 674 4568 extremum
703 4511 943 4581 spirituum
972 4511 1211 4567 tenens‘.
1232 4512 1443 4567 lbieum
1472 4521 1646 4568 trans-

87 4601 182 4658 iens
209 4606 423 4675 quidam
453 4619 652 4675 pauper
691 4603 910 4669 invenit,
955 4619 1076 4658 cum
1102 4605 1301 4659 ventris
1323 4605 1646 4660 exonerandi

86 4707 226 4750 causa
251 4698 315 4753 ad
344 4712 467 4753 eum
496 4696 797 4752 divertisset
823 4696 1019 4750 locum.
1053 4683 1281 4765 Agnovit
1306 4707 1504 4765 autem,
1523 4714 1644 4753 eum

90 4787 288 4850 pavidus
308 4803 460 4843 suam
487 4787 764 4856 conjugem
791 4784 1088 4850 accersiit",
1118 4803 1275 4857 quam
1330 4789 1508 4857 procul
1552 4804 1646 4843 ve-

93 4881 322 4937 recuudia
350 4881 648 4936 dimoverat
691 4879 960 4934 lucernam
1015 4881 1290 4935 ferentem.
1334 4880 1485 4937 Tunc
1523 4897 1644 4935 eum

91 4971 229 5027 ambo
253 4981 608 5043 pervexerunt
623 4972 860 5038 domum,
879 4973 960 5028 vel
987 4973 1313 5041 miserando,
1341 4975 1422 5029 vel
1449 4974 1646 5045 aliquid

94 5061 233 5118 etiam
256 5064 433 5120 lucelli
462 5063 748 5134 sperando,
777 5079 898 5120 cum
919 5065 1031 5119 sive
1058 5064 1210 5119 vivus
1237 5066 1347 5120 sive
1383 5076 1644 5132 mortuus,

95 5152 327 5224 collectus
375 5165 552 5212 tamen
599 5156 795 5213 nostris
835 5154 1229 5212 ostenderetur.
1279 5157 1414 5224 Quid
1460 5157 1650 5227 plura?

150 5304 257 5374 ξξὶςξ
272 5310 320 5374 in
342 5310 702 5374 omnibustlss.
730 5316 783 5360 At
805 5310 856 5360 in
880 5310 1026 5362 editis
1049 5309 1246 5374 legitur,
1272 5309 1612 5363 Catmanensis.

149 5365 296 5436 inditi
320 5406 335 5429 ,
379 5370 632 5436 obstruxit.
650 5378 775 5436 _htss.
803 5385 992 5436 omnes,
1013 5365 1253 5422 obstruxit.
1301 5379 1352 5421 Et
1377 5374 1420 5421 in
1449 5374 1650 5436 epistola

103 5423 188 5496 135,
213 5431 267 5480 ad
288 5423 591 5496 Bonifacium,
616 5433 816 5484 ubihzec
839 5423 1060 5496 ejusdem
1085 5435 1346 5496 Maximiani
1361 5423 1651 5485 describitur

99 5487 253 5562 Getice,
269 5509 324 5562 _n.
350 5493 428 5562 9],
448 5487 660 5562 legitur:
690 5512 712 5540 α
728 5487 995 5562 exundanti
1020 5508 1158 5546 venae
1176 5495 1333 5559 pulvis
1348 5501 1643 5548 obstrusus.»

152 5549 170 5616 ξ
194 5549 616 5616 Μὶὡδριίιίιιεᾟιεη
639 5555 852 5605 trahens.

153 5608 241 5689 illi
265 5622 402 5677 Mss,
425 5608 710 5689 accerseret.
727 5643 798 5689 _-—
817 5623 900 5689 Er.
930 5617 1079 5681 Lugd.
1106 5623 1162 5689 et
1198 5627 1317 5670 ven.
1357 5620 1429 5670 sic
1470 5620 1653 5689 habent

100 5665 409 5789 Elgsgcutu":
430 5665 634 5742 agnouit
655 5665 812 5728 autem
825 5713 840 5740 ,
852 5665 865 5667 ⁷
885 5665 1220 5744 ιιιᾶιῖςῖὶάυἷάαό
1241 5665 1651 5746 ξᾶὼιῖἇοιξῇἱῄὲὖξ

309 5825 534 5886 8ΔΝοΤ.
589 5827 858 5885 AUGUST.
894 5826 1007 5887 ΙΧ.

3190 265 3298 324 5η

1715 375 1935 432 Mirabili
1964 377 2241 435 curatione
2268 387 2485 436 sanatus
2522 389 2624 447 est,
2666 379 2813 448 vivit,
2859 380 3038 452 plures
3076 380 3130 436 in
3174 382 3298 453 ejus

1717 484 1941 540 corpore
1968 471 2244 528 cicatrices
2271 488 2430 544 quam
2458 473 2694 530 membra
2739 484 3107 531 numerantur.
3144 475 3299 532 Hunc

1719 561 1786 618 ad
1816 565 2193 621 transmarinas
2223 573 2394 622 terras
2422 569 2654 623 occisum
2685 583 2713 621 a
2737 570 2953 636 vestris,
2984 569 3122 624 fama
3155 587 3295 625 nun-

1720 653 1959 723 tiaverat,
1989 667 2042 711 et
2064 657 2182 727 ejus
2201 656 2452 714 facinoris
2483 659 2803 727 immanitas,
2841 662 3126 732 gravisque
3157 662 3294 716 indi.

1717 745 1910 815 gnitas,
1943 762 2366 818 quaquaversum
2387 749 2560 804 audiri
2590 752 2776 819 potuit,
2812 750 2998 807 dolore
3026 751 3298 807 horrendo

1717 848 1905 893 cuncta
1925 850 2303 896 commoverat.
2333 840 2450 908 Quo
2475 851 2814 912 posteaquam
2834 843 2946 912 ipse
2962 852 3174 898 secutus
3191 852 3296 906 est,

1718 932 2104 988 recentissimae
2132 933 2407 990 cicatrices
2448 933 2564 1005 ejus
2608 933 2764 989 fama:
2793 934 2918 990 illud
2959 934 3294 990 mendaciqu

1717 1021 2104 1079 defenderunt:
2134 1039 2258 1079 nam
2286 1040 2443 1096 quem
2480 1033 2608 1082 tunc
2625 1025 2964 1097 inspicientes
2991 1027 3079 1082 vix
3104 1027 3296 1083 crede-

1718 1123 1836 1169 rent
1863 1115 2062 1182 vivum,
2093 1130 2198 1171 non
2228 1123 2432 1172 temere
2479 1117 2571 1171 illa
2599 1117 2829 1186 jactasse
2853 1117 3128 1174 videbatur
3155 1119 3296 1174 occi-

1717 1219 1858 1261 sum.
1893 1206 1987 1262 llic
2015 1223 2137 1262 cum
2169 1208 2278 1262 illic
2303 1208 2592 1264 invenisset
2619 1208 2873 1280 collegam
2898 1209 3298 1265 Thuhursicen-

1717 1310 1850 1361 sem,
1878 1312 2035 1368 quem
2054 1299 2210 1367 paulo
2233 1307 2358 1355 ante
2379 1301 2811 1367 commemoravi,
2840 1309 2894 1356 et
2916 1301 3048 1357 alios
3072 1301 3296 1356 nonnul-

1718 1387 1798 1442 los
1826 1387 2018 1442 similia
2047 1389 2132 1443 vel
2154 1405 2258 1444 non
2286 1392 2452 1445 multo
2479 1389 2732 1446 inferiora
2763 1407 3064 1462 perpessos,
3096 1407 3194 1448 nec
3217 1393 3297 1448 eis

1718 1479 1785 1534 ad
1815 1482 2028 1551 propria
2065 1483 2364 1538 revertendi
2396 1484 2504 1540 ulla
2531 1485 2750 1540 facultas
2783 1494 2966 1554 patere
2993 1485 3300 1552 videretur;

1719 1581 1773 1626 et
1799 1573 1920 1642 quia
1947 1574 2446 1630 Circumcellionnm
2478 1585 2780 1631 vestrorum
2801 1576 2994 1632 nobilis
3017 1577 3160 1632 furor
3177 1577 3303 1632 hor-

1720 1667 1941 1722 rendum
1985 1669 2230 1737 praebens
2261 1670 2454 1726 vestris
2497 1671 2704 1725 clericis
2750 1670 3056 1726 satellitium
3101 1686 3302 1742 usque-

1719 1772 1927 1828 quaque
1953 1757 2291 1814 odiosissime
2313 1760 2571 1826 innotuit;
2600 1759 2784 1830 ingens
2810 1760 2863 1815 in
2887 1775 2983 1814 vos
3011 1759 3305 1832 conflagra-

1720 1852 1796 1906 vit
1815 1851 2032 1919 invidia,
2054 1861 2212 1922 atque
2227 1853 2556 1909 indefactum
2579 1861 2660 1910 est
2677 1862 2800 1909 utet
2819 1854 3098 1923 prmterita:
3117 1869 3306 1910 omnes

1720 1952 1903 1998 contra
1931 1958 2028 1999 vos
2075 1944 2221 2014 leges
2264 1946 2643 2010 excitarentur,
2691 1953 2745 1999 et
2784 1945 2900 1999 ista:
2949 1944 3307 2000 conderentur

1722 2049 1876 2091 novae
1915 2034 2012 2106 (α).
2057 2034 2288 2102 Quarum
2335 2044 2514 2091 tamen
2545 2037 2908 2090 universarum
2953 2035 3228 2101 Severitas,
3259 2037 3306 2090 si

1723 2135 2024 2182 vestrorum
2053 2127 2366 2182 inordinata:
2395 2143 2458 2182 ac
2483 2128 2599 2182 sine
2624 2128 2730 2182 ulla
2754 2128 2869 2199 lege
2909 2129 3173 2199 graSsanti
3203 2144 3307 2183 sac-

1723 2219 1868 2273 vitiae
1911 2227 2270 2288 comparetur,
2318 2219 2450 2272 mira
2495 2219 2686 2274 lenitas
2727 2219 3041 2289 appellanda
3083 2229 3184 2276 est.
3215 2221 3301 2289 llis

1725 2308 1868 2364 enim
1899 2309 2069 2380 magis
2097 2317 2242 2364 tanta
2284 2317 2548 2380 potestate
2585 2319 2801 2380 accepta
2844 2311 3194 2366 mansuetudo
3215 2327 3301 2367 ca-

1726 2398 1919 2454 tholica
1945 2399 2370 2465 commendatur,
2399 2415 2556 2471 quam
2587 2400 2836 2456 hmretica
2864 2401 3166 2456 immanitas
3197 2402 3310 2472 ple-

1725 2495 1914 2547 ctitur:
1932 2492 2039 2547 imo
2062 2509 2189 2550 vero
2209 2493 2260 2547 in
2284 2507 2402 2559 nos,
2428 2491 2620 2560 caedes,
2650 2495 2884 2563 rapinas,
2914 2492 3178 2560 incendia,
3208 2509 3312 2549 cae-

1727 2585 1935 2649 citates,
1976 2583 2346 2655 excogitando,
2392 2583 2666 2651 minando,
2709 2585 3028 2650 exercendo,
3060 2583 3314 2640 audacius

1730 2683 1784 2730 et
1818 2675 2052 2730 insanius
2080 2674 2458 2730 debacchatur.

1802 2767 2025 2824 CAPUT
2050 2767 2232 2823 XLIV.
2259 2797 2330 2809 —
2355 2767 2443 2824 48.
2475 2767 2603 2824 Haec
2643 2767 2784 2826 enim
2834 2783 2935 2840 ego
2987 2784 3314 2826 commemo~

1732 2875 1858 2917 rare
1880 2860 2046 2924 volui,
2080 2875 2176 2929 per
2197 2875 2316 2930 qua:
2344 2859 2539 2915 factum
2566 2867 2667 2927 est,
2693 2868 2751 2915 ut
2775 2859 2856 2916 bis
2883 2861 3079 2917 nostris
3108 2869 3316 2932 tempo-

1732 2951 1879 3007 ribus
1906 2951 2162 3007 adversus
2195 2965 2289 3006 vos
2323 2951 2422 3008 ista
2465 2951 2760 3022 imperialia
2795 2958 2988 3008 statuta
3026 2952 3312 3018 ferrentur,

1735 3047 1844 3101 imo
1881 3045 2139 3102 adversus
2180 3060 2422 3102 errorem
2449 3055 2686 3101 vestrum
2719 3044 2815 3118 (b).
2859 3044 2988 3100 Nam
3019 3046 3145 3117 quid
3172 3055 3311 3113 tam,

1735 3140 1782 3195 si
1801 3139 2039 3210 sapiatis,
2073 3138 2327 3208 prodesse
2350 3129 2597 3208 probabis
2628 3138 2685 3192 1?
2710 3136 2970 3194 Caeterum
2997 3139 3172 3193 omnia
3197 3155 3318 3209 qua:

1735 3231 1822 3286 vel
1850 3230 2174 3285 anteriorum
2203 3229 2396 3285 litteris
2423 3229 2603 3297 didici,
2636 3229 2720 3284 vel
2748 3230 2865 3298 ipse
2891 3230 3144 3300 cognovi,
3176 3246 3316 3284 saeva

1737 3320 1874 3376 facta
1905 3329 2200 3375 vestrorum
2222 3360 2237 3385 ,
2287 3320 2479 3390 quibus
2525 3320 2593 3375 ah
2635 3319 2786 3374 initio
2821 3319 3098 3375 divisionis
3124 3330 3317 3375 vestrte

1738 3427 1905 3484 usque
1932 3412 1996 3467 ad
2025 3411 2128 3467 hoc
2153 3420 2359 3484 tempus
2391 3413 2678 3468 Ecclesiam
2707 3413 3022 3468 catholicam
3050 3417 3316 3484 persecuti

1739 3515 1882 3575 sunt,
1909 3505 1955 3561 si
1975 3505 2131 3561 velim
2154 3513 2414 3571 retexere,
2443 3520 2561 3576 quae
2583 3506 2781 3576 lingua,
2809 3506 2928 3576 quis
2950 3507 3123 3574 stilus,
3150 3520 3322 3576 quan-

1741 3608 1852 3654 tum
1891 3608 2101 3668 tempus
2127 3597 2398 3668 otiumque
2426 3596 2686 3652 sufﬁciat?

1811 3688 2038 3746 CAPUT
2074 3688 2234 3744 XLV.
2263 3719 2334 3729 —
2360 3688 2450 3744 49.
2484 3687 2560 3744 De
2585 3686 2777 3759 Optato
2814 3703 2934 3744 cum
2967 3704 3208 3760 agerem,
3236 3699 3322 3745 tu-

1741 3798 1846 3854 que
1875 3782 1975 3838 hoc
2023 3781 2192 3853 magis
2220 3797 2477 3838 excusare
2507 3781 2769 3837 voluisses
2789 3823 2804 3849 ,
2852 3800 3007 3854 quam
3054 3801 3277 3856 purgare
3301 3827 3316 3850 ,

1743 3875 1920 3931 dixisti
1950 3892 2059 3929 reos
2081 3875 2198 3928 hinc
2216 3884 2404 3929 vestros
2431 3891 2535 3929 esse
2555 3890 2653 3928 non
2677 3891 2842 3944 posse,
2865 3877 2998 3946 quod
3020 3893 3101 3930 ros
3123 3877 3189 3930 ad
3209 3878 3321 3931 vin-

1743 3966 2017 4022 dicandum
2045 3983 2191 4020 nemo
2222 3967 2499 4038 pertulerit.
2541 3965 2644 4021 Tot
2670 3969 3077 4036 protestationes
3107 3981 3321 4025 nostro-

1743 4075 1861 4114 rum
1889 4059 1956 4114 de
1984 4058 2353 4114 furiosissimis
2379 4067 2680 4112 vestrorum
2705 4058 2968 4113 violentiis
2989 4059 3200 4113 archiva
3225 4075 3324 4128 pu-

1743 4150 1881 4206 blica
1907 4151 2063 4205 citius
2092 4150 2477 4219 impleverunt,
2517 4164 2674 4217 quam
2707 4149 2867 4203 ullam
2913 4149 3049 4218 apud
3076 4165 3173 4204 vos
3201 4152 3321 4206 vin-

1743 4242 1938 4298 dictam
1970 4240 2055 4294 illa
2084 4239 2217 4294 facta
2243 4249 2572 4294 meruerunt.
2605 4237 2708 4292 Sed
2742 4238 2876 4293 forte
2903 4248 2956 4291 et
2983 4238 3068 4293 hic
3092 4239 3319 4307 dicatur,

1746 4333 2162 4404 protestationes
2187 4330 2398 4400 quidem
2423 4328 2713 4398 depositas,
2755 4328 2849 4383 sed
2877 4328 2942 4383 ad
2983 4329 3124 4398 ipsos
3154 4331 3323 4387 vindi-

1746 4423 1915 4480 canda
1944 4423 2081 4477 nulla
2123 4422 2325 4491 perlata
2352 4422 2393 4474 '.
2430 4419 2565 4474 Audi
2597 4435 2724 4490 ergo
2747 4419 3021 4489 quaedam,
3060 4436 3178 4489 quae
3207 4423 3321 4490 ipse

1747 4531 1864 4570 sum
1894 4522 2164 4583 expertus.
2186 4513 2314 4568 Cum
2337 4519 2671 4580 receptorum
2693 4525 2722 4564 a
2747 4512 2931 4564 vestris
2947 4510 3323 4568 Maximianeu-

1749 4608 1906 4671 sium,
1937 4620 2070 4676 quos
2098 4605 2509 4669 damnaverant,
2537 4617 2751 4657 causam
2774 4603 3233 4671 cognovissemus,
3267 4618 3321 4660 et

1750 4712 1866 4751 eam
1897 4710 2317 4766 quaquaversum
2349 4702 2653 4763 poteramus
2677 4691 2899 4747 ferventi
2927 4691 3317 4750 diﬂ‘amaremus

1751 4786 2036 4851 instantia;
2067 4786 2137 4839 illi
2171 4785 2329 4839 rebus
2373 4793 2477 4838 tam
2519 4781 2819 4838 recentibus
2847 4790 3068 4837 ettanta
3097 4786 3322 4842 manife-
3376 4793 3386 4822 ί

1752 4877 1979 4931 statione
2023 4875 2382 4941 clarentibus,
2430 4873 2555 4945 quid
2599 4872 2921 4942 respondere
2959 4886 3178 4943 possent
3218 4894 3322 4934 non
3378 4883 3384 4890 '

1754 4967 2103 5026 invenientes.
2132 4966 2288 5020 solito
2314 4965 2554 5020 crebrius
2579 4973 2633 5019 et
2657 4963 2906 5018 audacius
2931 4963 3328 5023 Circumcellie-
3378 4980 3388 5001 ι
3420 5040 3426 5045 ⁸

1755 5075 1880 5114 num
1903 5059 2164 5114 violentiis
2191 5057 2463 5127 turbisque
2491 5055 2786 5111 furentibus
2815 5071 2909 5111 nos
2935 5072 2962 5109 a
2989 5058 3324 5128 praedicanda

1753 5151 2012 5206 catholica
2042 5151 2264 5206 veritate
2283 5189 2298 5216 ,
2329 5162 2531 5218 suaque
2571 5146 2777 5203 fallacia
2803 5148 3200 5219 convincenda,
3234 5152 3330 5207 de-

1820 5415 1834 5445 ι
1863 5412 1985 5474 tiditi
2002 5417 2154 5474 εει-ιρι
2186 5417 2317 5474 μου
2339 5416 2458 5458 Nam
2479 5407 2595 5468 quid
2617 5407 2728 5470 jam
2759 5409 2801 5459 si
2821 5407 3038 5473 sapiatis,
3062 5413 3209 5474 potest
3231 5421 3332 5462 esse

1755 5473 2044 5538 probabilius
2066 5471 2090 5522 ἱ)
2112 5471 2430 5538 Eruendantur
2445 5484 2515 5538 _ex
2537 5478 2640 5538 MSS.

1754 5529 1836 5648 λα’
1861 5537 1934 5584 sic
1958 5544 2059 5642 uss.
2087 5542 2143 5582 Αι
2181 5532 2324 5591 editi,
2349 5531 2414 5580 ad
2436 5529 2562 5594 ipsos
2599 5530 2912 5584 vindicandos
2949 5529 3132 5582 nullam
3175 5531 3334 5594 perta-

1805 5611 1854 5648 m
1882 5610 1898 5646 :
1923 5609 1999 5645 ma
2020 5609 2067 5645 e.

1805 5611 1854 5648 m
1882 5610 1898 5646 .'
1923 5609 2067 5645 male.

1838 5682 1890 5744 (ι)
1915 5688 2069 5742 Leges
2089 5679 2294 5727 Honorii.
2322 5677 2434 5725 \‘ide
2454 5690 2598 5738 supra
2616 5685 2777 5728 notam
2808 5677 2900 5740 (ιι),
2923 5678 3015 5728 col.
3040 5673 3273 5727 445-446.

1817 5682 1888 5806 ξὺ)
1911 5742 2081 5790 Confer
2100 5739 2341 5800 Augustini
2360 5740 2503 5799 epist.
2531 5739 2637 5800 185,
2661 5754 2710 5788 ll.
2735 5739 2813 5788 96.

1840 5739 1888 5806 ὑ)
1911 5739 2081 5790 Confer
2100 5739 2341 5800 Augustini
2360 5740 2503 5799 epist.
2531 5739 2637 5800 185,
2661 5754 2710 5788 ll.
2735 5739 2813 5788 96.

2627 5827 3022 5906 (υἱέε-περι.)
