3778 6136
785 230 799 240 1
848 229 861 233 -
892 227 918 239 r

397 280 508 352 ωε

400 418 610 468 terrere
637 413 935 482 cmperunt.
979 405 1050 464 Et
1091 405 1216 478 quia
1255 405 1408 464 multi
1446 407 1646 462 erroris
1686 419 1870 461 eorum
1902 403 1984 459 la-

401 505 556 576 queis
583 502 855 575 implicati,
883 516 1004 558 cum
1031 499 1224 572 quibus
1249 509 1307 556 ut
1332 497 1457 556 inde
1481 500 1834 556 liberarentur
1862 513 1989 570 age-

401 596 611 664 bamus,
661 591 1054 667 respondebant
1081 593 1236 650 nobis
1256 635 1270 659 ,
1301 592 1406 649 hoc
1438 607 1535 649 nos
1563 607 1685 649 cum
1726 581 1995 672 episcopis

402 691 514 746 suis
541 704 702 760 agere
734 685 962 752 debere,
991 677 1706 757 collationemque'nostram
1739 699 1798 740 se
1827 675 1990 739 vehe-

402 791 612 836 menter
641 790 858 851 optare,
891 780 982 835 ubi
1023 787 1244 850 possent
1271 777 1454 834 videre
1484 769 1676 849 quibus
1709 775 1996 831 asserenti-

403 872 504 928 bus
547 879 826 942 superaret
867 871 1066 927 veritas
1111 869 1429 936 falsitatem;
1479 860 1554 924 in'
1579 857 1996 948 carthaginenSi

402 966 568 1022 totius
594 965 786 1021 Africa:
815 965 1043 1022 concilio
1067 962 1221 1020 nobis
1245 954 1462 1036 placuit,
1490 970 1550 1017 ut
1572 959 1810 1018 adhibita
1834 959 1993 1015 etiam

402 1059 738 1131 publicorum
761 1056 1133 1114 testificatione
1161 1043 1454 1129 gest-orum,
1484 1070 1590 1127 quo
1614 1067 1896 1126 possemus
1916 1051 1996 1108 eis

403 1153 494 1222 qui
526 1152 628 1208 hoc
655 1151 965 1223 flagitabant
988 1150 1237 1221 probare,
1266 1147 1532 1205 desiderio
1559 1161 1745 1203 eorum
1773 1160 1872 1201 nos
1896 1143 1997 1199 mi-

411 1244 552 1300 nime
581 1243 837 1310 defuisse,
864 1248 1026 1298 vestri
1049 1241 1268 1320 paeilice
1289 1231 1706 1296 convenirentur
1733 1237 1992 1320 episcopi,

403 1338 634 1408 quisque
663 1335 731 1391 ab
771 1351 838 1391 eo
867 1319 1109 1391 nostrum
1139 1333 1230 1407 qui
1273 1325 1460 1390 eodem
1503 1329 1621 1390 loco
1655 1321 1720 1388 in
1764 1319 1870 1404 quo
1909 1330 1997 1387 ille

407 1429 728 1487 consisteret
759 1427 869 1501 (a);
898 1413 973 1483 ἰιι
1009 1413 1106 1498 per
1145 1427 1481 1483 collationem
1527 1433 1765 1481 nostram
1813 1437 1998 1480 errore

407 1521 658 1588 sublato,
708 1519 995 1575 christiana
1042 1527 1095 1574 et
1141 1517 1376 1574 fraterna
1424 1518 1712 1583 societate,
1755 1515 1993 1596 unitate,

405 1613 688 1681 charitate,
719 1599 869 1688 pace
893 1601 1228 1667 fruerentur:
1262 1610 1315 1666 id
1338 1610 1633 1676 intuentes,
1664 1609 1786 1680 quia
1823 1607 1866 1663 si
1896 1607 1998 1688 hoc

407 1706 526 1762 ﬂeri
548 1697 767 1772 vellent,
798 1687 1083 1794 adjuvante
1113 1702 1476 1759 misericordia
1501 1697 1592 1758 Dei
1620 1699 1870 1780 facillime
1903 1717 2000 1802 po-

403 1807 565 1866 terat,
598 1783 1110 1874 quidquid‘in'eausa
1136 1805 1316 1853 nostra
1347 1804 1513 1863 esset,
1546 1789 1796 1867 agnosci;
1830 1795 1873 1851 si
1903 1781 1999 1874 .«t‘fu;

403 1902 514 1949 tem
542 1873 882 1958 recusarent,
915 1885 1104 1970 saltem
1131 1875 1423 1947 diflidentia
1449 1875 1634 1970 eorum
1665 1905 1768 1970 non
1798 1873 2002 1970 frustra

404 1981 514 2040 illis
540 1984 627 2056 qui
660 1983 763 2040 hoc
790 1999 820 2039 a
848 1965 1000 2039 nobis
1031 1990 1414 2064 poposcerunt,
1441 1965 1740 2076 appareret.
1772 1965 1996 2070 Factum

403 2085 528 2145 est,
557 2077 806 2133 conventi
847 2085 999 2146 sunt,
1027 2061 1382 2133 recusarunt;
1421 2053 1614 2152 quibus
1651 2053 1859 2158 verbis;

406 2169 553 2237 dolo,
584 2169 977 2238 maledictione,
1011 2155 1368 2246 amaritudine
1385 2166 1579 2252 plenis,
1609 2153 2001 2252 nune'longurrr

405 2263 895 2319 estdemonstrare.
1361 2241 1368 2246 ’
1503 2245 1556 2267 ”
1627 2243 1632 2252 ’

476 2353 705 2411 CAPUT
742 2351 929 2426 XLVI.
954 2383 1028 2394 —
1050 2352 1139 2410 50.
1171 2351 1379 2410 interea
1407 2351 1683 2425 Crispinus
1712 2352 1996 2428 Calamen-

401 2449 482 2505 sis
505 2457 684 2504 vester
707 2432 1008 2527 episcopus,
1038 2462 1067 2502 a
1093 2447 1337 2516 Possidio
1355 2447 1556 2530 collega
1579 2463 1700 2516 meo
1727 2449 1780 2503 in
1809 2448 2000 2530 eadem

404 2544 621 2610 civitate
649 2543 787 2616 apud
826 2552 942 2614 aeta
983 2552 1311 2611 conventus,
1333 2527 1415 2598 ad
1446 2527 1730 2622 concilium
1755 2527 2000 2615 vestrum

398 2637 577 2710 primo
619 2637 932 2704 distulerat,
981 2635 1240 2707 pollicens
1267 2652 1388 2716 curn
1418 2637 1637 2724 collegis
1681 2636 1794 2693 suis
1839 2637 1908 2694 ibi
1936 2623 2000 2708 se

398 2729 638 2785 visurum
665 2727 789 2800 quid
829 2727 1154 2808 respondere
1198 2727 1437 2808 deberet.
1485 2727 1692 2804 Deinde.
1725 2739 1848 2799 post
1887 2745 1995 2786 non

396 2835 622 2892 parvum
665 2828 877 2889 tempus
924 2803 1150 2900 repetita
1192 2803 1577 2900 conventione,
1627 2807 1814 2894 rursus
1853 2821 1998 2900 apud

397 2921 515 2968 acta
559 2910 832 2982 respondit
868 2928 884 2978 :_
933 2927 958 2990 ι,
991 2907 1154 2990 Yerba
1183 2911 1276 2964 uiri
1304 2912 1578 2990 peccatoris
1621 2928 1684 2966 ne
1713 2913 1937 2967 timueris
1968 2899 2000 2990 »Ῐ

395 3003 443 3079 (1
472 3003 710 3059 Machab.
741 3019 798 3070 ll,
832 2987 957 3075 62).
1071 3003 1262 3084 iterum
1295 3020 1308 3057 :
1392 3002 1460 3077 in
1485 3019 1632 3071 aures
1660 2987 1996 3084 imprudentis

395 3114 516 3154 eave
543 3098 817 3170 quidquam
843 3077 1066 3172 diageris;
1085 3079 1160 3152 ne
1184 3113 1298 3151 cum
1326 3096 1558 3176 audierit,
1593 3077 1810 3160 irrideat,
1829 3115 1994 3156 sensa-

397 3200 477 3246 los
502 3207 752 3247 sermones
783 3199 894 3244 tuos
925 3207 945 3242 ›
981 3186 1165 3266 (Prov.
1195 3205 1356 3257 χχιιι,
1395 3187 1471 3262 9),
1523 3181 1820 3268 Postremo,
1864 3192 1996 3268 hanc

391 3284 772 3357 responsionem
801 3298 962 3336 meam
992 3263 1333 3362 ’μαίνεαι-σιταιὶ
1362 3263 1590 3336 sermone
1626 3280 1813 3352 deﬁnio
1837 3297 1854 3335 :
1883 3263 1990 3338 Re-

393 3377 575 3432 cedaut
600 3394 632 3430 a
667 3393 745 3431 me
777 3375 943 3452 impii,
973 3374 1080 3429 vias
1127 3389 1300 3428 eorum
1336 3391 1484 3430 nosse
1519 3374 1657 3428 nolo.
1699 3373 1845 3448 Hanc
1875 3371 2006 3458 ejus.

390 3473 800 3543 responsionem
829 3453 954 3548 cum.
981 3467 1122 3536 docti
1155 3468 1460 3541 indoctique
1486 3469 1760 3548 riderent;
1792 3466 1998 3552 quippe.

390 3563 629 3620 hominis
652 3562 881 3618 dicentis
901 3562 1064 3617 verba
1092 3561 1189 3634 viri
1221 3561 1515 3632 peccatoris
1543 3575 1602 3630 se
1627 3575 1736 3634 non
1766 3559 1987 3630 timere,

389 3657 479 3714 cui
509 3653 835 3724 respondere
865 3653 1085 3709 minime
1123 3652 1380 3730 auderet;
1413 3660 1466 3707 et
1495 3653 1547 3707 in
1587 3667 1744 3710 aures
1783 3652 1989 3728 impru-

393 3749 570 3806 dentis
597 3748 738 3804 nolle
769 3762 827 3802 se
852 3745 1052 3817 aliquid
1080 3745 1278 3814 dicere,
1303 3746 1456 3822 quasi
1479 3746 1693 3824 aliquod
1719 3756 1990 3814 secretum

391 3847 569 3902 fuerat
621 3841 975 3914 imprudentis
1024 3841 1244 3912 auribus
1299 3848 1507 3912 temere
1553 3825 1985 3922 commissurus,

391 3955 515 3997 eum
545 3953 606 3994 ea
633 3952 752 4011 quae
776 3935 979 4008 diceret
1005 3934 1160 4013 multi
1186 3943 1406 4015 possent
1430 3933 1722 4013 prudentes
1759 3934 1944 4002 audire
1966 3978 1984 4004 ,

391 4034 626 4106 qualium
654 4045 813 4087 causa
856 4040 910 4085 et
947 4028 1206 4102 Dominus
1241 4027 1486 4100 Christus
1516 4036 1661 4106 tanta
1696 4027 1987 4100 Ph_aris:eis

388 4125 631 4198 quamvis
652 4121 1075 4194 imprudentibus
1105 4119 1456 4198 loquebatur;
1486 4127 1544 4192 et,
1565 4120 1710 4177 nolle
1736 4135 1794 4176 se
1823 4136 1984 4190 nosse

387 4217 502 4273 vias
531 4215 814 4288 impiorum
840 4255 856 4281 ,
903 4212 1053 4288 quasi
1083 4212 1194 4268 vias
1223 4227 1346 4268 suas
1385 4227 1505 4268 eum
1551 4211 1745 4268 docere
1786 4212 1984 4268 vellent

387 4323 528 4406 quq;
564 4307 755 4379 impios
783 4305 1041 4377 putabat,
1082 4319 1145 4360 ac
1185 4319 1290 4362 non
1322 4306 1498 4376 potius
1527 4304 1644 4375 ipse
1683 4305 1729 4360 si
1774 4313 1984 4376 teneret

386 4395 647 4466 vias‘Dei,
675 4397 835 4454 etiam
860 4396 1052 4468 impios
1077 4395 1271 4462 docere
1294 4395 1535 4465 deberet,
1565 4397 1702 4470 sicut
1722 4397 1988 4470 scripturn

384 4501 469 4548 est
494 4508 508 4546 :
539 4489 762 4546 Doceam
799 4489 996 4560 iniquos
1031 4489 1138 4558 uias
1163 4496 1276 4544 tuas
1296 4531 1312 4555 ,
1345 4499 1393 4543 et
1418 4489 1565 4560 impii
1592 4489 1660 4543 ad
1687 4498 1733 4544 te
1772 4506 1979 4558 convew

383 4596 551 4642 rentur
579 4584 801 4660 (Psalm.
825 4600 876 4649 t.,
901 4583 1013 4654 i5).
1042 4581 1178 4652 Cum
1203 4597 1333 4658 ergo
1359 4582 1457 4638 ista
1482 4583 1760 4654 responsio
1785 4599 1816 4639 a
1838 4584 1977 4640 mul-

381 4679 450 4733 tis
478 4678 884 4749 intelligeretur,
920 4673 1101 4744 multis
1128 4675 1290 4736 etiam
1319 4673 1786 4744 demonstraretur
1813 4690 1976 4747 quam

383 4771 560 4827 inanis
598 4779 770 4837 esset,
814 4773 1072 4840 quantum
1117 4765 1376 4828 attinebat.
1412 4765 1480 4821 ad
1524 4779 1776 4833 causam;
1817 4782 1980 4838 quam

383 4878 516 4920 vero
553 4877 730 4918 amara
783 4869 837 4918 et
878 4859 1170 4932 maledica,
1219 4858 1360 4930 quod
1413 4873 1520 4914 non
1565 4859 1866 4929 pertinebat
1909 4859 1978 4933 εει

382 4971 598 5015 causam
629 4972 643 5022 ;
675 4963 835 5026 atque
860 4954 932 5010 ita
960 4951 1098 5024 ejus,
1129 4951 1267 5013 sicut
1290 4957 1431 5022 apud
1477 4964 1572 5007 vos
1599 4954 1842 5018 habetur,
1873 4950 1978 5006 do—

381 5050 619 5107 ctissima
640 5045 932 5112 annositas,
946 5044 1198 5110 hesterno
1212 5041 1287 5117 (ὁ)
1309 5050 1494 5104 contra
1513 5051 1689 5099 stante
1702 5043 1873 5100 tirone
1892 5043 1976 5099 ui-

380 5143 457 5200 liil
479 5140 764 5202 adversum
778 5139 1058 5200 veritatem
1078 5152 1233 5209 posse
1254 5135 1592 5208 probaretur,
1622 5135 1886 5198 rideretur
1917 5137 1934 5168 ι
1954 5155 1971 5190 :

374 5237 556 5295 subito
600 5241 724 5307 post
761 5246 959 5304 paucos
1001 5232 1116 5288 dies
1156 5232 1256 5288 iter
1303 5230 1476 5302 agenti
1519 5228 1791 5296 Possidio,
1832 5229 1976 5285 alius

373 5329 655 5401 Crispinus
669 5327 786 5397 ejus
799 5323 1096 5396 presbyter,
1113 5334 1185 5391 et,
1204 5334 1256 5379 ut
1274 5323 1601 5395 perhibetur,
1618 5323 1971 5394 propinquus,

376 5420 604 5479 tetendit
631 5419 854 5476 insidias
878 5427 1227 5484 armatorum,
1259 5417 1309 5471 in
1338 5425 1470 5490 Quas
1491 5431 1628 5486 pene
1643 5416 1753 5488 jam
1784 5426 1973 5470 noster

358 5513 655 5580 inciderat,
679 5511 780 5570 nisi
800 5510 880 5568 eis
901 5507 1191 5580 prospectis
1213 5518 1370 5579 atque
1392 5508 1666 5574 nuntiatis,
1693 5506 1760 5564 ad
1781 5523 1973 5579 quem-

374 5699 394 5744 ι
440 5636 457 5665 ι
485 5640 550 5684 tta
583 5641 692 5686 uss.
737 5641 792 5685 Αι
838 5632 974 5692 editi,
1017 5644 1150 5694 posse
1188 5629 1461 5690 tutaretur;
1507 5634 1702 5695 omisso,
1734 5632 1972 5696 probare-

399 5709 472 5742 ur.

399 5709 472 5742 υΓ.

440 5756 513 5818 (a)
539 5759 653 5805 \‘itle
682 5757 925 5818 Augustini
953 5756 1088 5818 Epist.
1111 5754 1186 5801 88.

441 5815 512 5879 (ὁ)
554 5815 828 5868 "Celsinum
851 5821 966 5868 dixit
981 5815 1226 5879 'j'tt‘cncm.

1145 289 1416 350 comm
1453 267 1889 348 cnsscoxtun
1928 283 2382 354 DONATISTAM,
2423 288 2480 345 s.
2525 268 2892 347 AUGUSTINI

1961 5864 2014 5889 ,ἓ

3587 288 3689 346 52‘

2096 403 2218 460 dam
2245 403 2465 460 fundum
2499 406 2704 478 fugiens
2729 405 3072 476 divertisset,
3111 405 3201 463 ubi
3233 405 3326 463 ille
3359 403 3497 462 nihil
3529 404 3692 462 audc-

2097 506 2211 564 ret,
2239 497 2326 554 vel
2356 513 2464 553 non
2502 497 2856 570 praevaleret,
2887 499 2972 555 vel
3009 500 3054 554 si
3082 497 3209 570 quid
3237 499 3401 555 etiam
3445 497 3682 563 fecisset,

2098 605 2294 663 negare
2321 608 2425 649 non
2456 591 2657 664 posset.
2686 592 2802 660 Quo
2831 601 3126 664 comperto,
3155 593 3414 648 continuo
3435 607 3684 648 consecur

2101 693 2185 742 tus
2214 695 2294 762 est
2319 694 2461 741 tanta
2485 700 2660 756 carens
2690 685 2923 751 insania,
2957 695 3009 740 ut
3034 685 3144 756 jam
3179 686 3346 741 latere
3373 694 3532 756 turpe
3554 683 3690 739 arbi-

2099 785 2346 833 traretur.
2379 777 2514 832 Tum
2550 777 2766 832 domum
2798 779 2848 832 iu
2889 792 2990 850 qua
3025 792 3147 832 eum
3189 776 3303 832 suis
3336 791 3397 832 se
3423 775 3692 832 Possidius

2101 870 2418 938 incluserat,
2447 871 2624 942 sepire
2662 871 2913 937 armatis,
2946 871 3206 942 lapidibus
3236 867 3687 937 circumtundere,

2100 963 2304 1020 ambire
2342 963 2601 1032 flammis,
2631 951 2831 1020 aditum
2874 981 2938 1020 ex
2981 966 3125 1019 omni
3156 973 3307 1035 parte
3334 963 3536 1020 moliri.
3569 963 3689 1032 ρυλε

2102 1071 2233 1111 vero
2257 1055 2443 1110 aderat
2471 1056 2816 1112 incolentium
2858 1055 3173 1122 multitudo,
3218 1071 3429 1112 memor
3475 1056 3690 1127 periculi

2102 1149 2206 1216 sui,
2239 1149 2282 1204 si
2307 1149 2358 1204 in
2388 1164 2454 1206 eo
2484 1149 2602 1206 loco
2628 1163 2936 1222 aggressum
2966 1157 3170 1214 tantum
3215 1148 3420 1204 facinus
3447 1149 3692 1222 implere-

2104 1249 2222 1307 tur,
2272 1241 2462 1312 partim
2505 1242 2651 1298 illum
2696 1237 3082 1314 deprecabatur
3115 1250 3174 1296 ut
3215 1249 3492 1312 parceret,
3542 1257 3690 1311 quem

2103 1333 2404 1390 resistendo
2449 1350 2554 1390 non
2586 1334 2817 1391 audebat
2842 1334 3141 1402 offendere,
3173 1335 3365 1406 partim
3393 1349 3524 1390 vero
3552 1336 3694 1413 ignes

2103 1427 2411 1500 suppositos
2462 1414 2854 1508 exstinguebat.
2912 1427 3046 1484 Cum
3103 1419 3190 1484 ille
3247 1428 3418 1483 nihilo
3484 1429 3694 1500 segnius

2102 1522 2292 1594 emptis
2321 1521 2553 1578 fervidus
2590 1532 2747 1594 atque
2777 1523 3083 1577 inexoratus
3110 1524 3362 1592 instaret,
3396 1522 3562 1577 cessit
3599 1522 3691 1576 ali-

2106 1614 2323 1686 quando
2369 1615 2558 1670 ictibus
2600 1615 2795 1686 janua;
2859 1615 3082 1686 ingressi
3126 1624 3284 1681 sunt,
3345 1615 3692 1686 sauciatisque

2104 1705 2254 1760 crede
2293 1704 2569 1786 jumentis,
2616 1722 2734 1780 quae
2764 1707 2815 1761 in
2843 1707 3092 1762 inferiore
3132 1706 3326 1764 domus
3369 1718 3520 1778 parte
3551 1723 3693 1764 com-

2103 1807 2392 1870 pererant,
2436 1797 2503 1870 de
2531 1799 2894 1871 superioribus
2938 1800 3246 1872 episcopum
3294 1799 3690 1872 deposuerunt,

2104 1891 2399 1960 allicientes
2428 1892 2599 1966 plagis
2629 1903 2683 1948 et
2717 1893 3077 1956 contumeliis.
3112 1893 3210 1949 Ubi
3244 1909 3312 1950 ne
3353 1894 3568 1970 gravius
3598 1910 3692 1948 sa:-

2103 1983 2297 2052 virent,
2328 1983 2629 2056 intercessit
2655 1985 2769 2062 ipse
2799 1984 3100 2062 Crispinus,
3130 1986 3280 2040 velut
3309 1985 3431 2040 aliis
3461 1986 3691 2056 roganti-

2103 2077 2202 2133 bus
2235 2077 2403 2134 ﬂexus
2423 2120 2436 2145 ,
2464 2094 2688 2154 quorum
2719 2061 2824 2148 non
2851 2061 2954 2134 tam
2981 2079 3260 2134 videbatur
3287 2079 3339 2134 in
3378 2079 3452 2134 ira
3485 2093 3578 2132 sua
3606 2094 3694 2131 cu-

2104 2187 2227 2227 rare
2255 2172 2718 2252 deprecationem,
2761 2189 2919 2248 quam
2960 2175 3010 2229 in
3055 2165 3286 2240 taeinore
3336 2173 3692 2252 testimonium

2104 2249 2420 2330 formidare.
2491 2257 2493 2260 ’
2609 2249 2612 2250 ν
2685 2249 2690 2254 ’

2175 2360 2402 2418 CAPUT
2441 2360 2650 2418 XLVII.
2678 2391 2751 2402 —
2775 2362 2863 2438 Si.
2891 2361 3014 2430 Hrcc
3039 2369 3389 2434 pOSleaquam
3416 2369 3544 2428 nota
3565 2361 3690 2414 facta

2105 2465 2230 2512 sunt
2265 2457 2317 2520 in
2357 2455 2552 2534 oppido
2593 2455 2932 2526 Calamensi,
2983 2455 3397 2532 exspectabatur
3421 2455 3694 2526 Crispinus

2106 2548 2395 2626 episcopus
2425 2558 2625 2616 vester,
2656 2547 3106 2626 quemadmodum
3136 2548 3191 2620 in
3216 2563 3371 2628 suum
3417 2546 3691 2624 presbyte-

2103 2657 2224 2708 rum
2241 2641 2556 2712 vindicaret.
2586 2641 2826 2718 Accessit
2849 2640 3006 2716 etiarn
3025 2640 3341 2714 protestatio
3363 2640 3691 2714 municipali-

2103 2733 2205 2802 bus
2231 2735 2394 2810 gestis
2422 2749 2702 2818 cxrpressa,’
2730 2733 2884 2810 cujus,
2912 2734 2998 2802 vel
3031 2733 3224 2804 timore
3254 2734 3339 2790 vel
3371 2734 3576 2808 pudore
3601 2749 3691 2789 eo-

2103 2841 2320 2905 geretur
2340 2847 2591 2902 exercere
2619 2830 3040 2900 ecclesiasticam
3066 2829 3382 2900 vindictam.
3402 2828 3554 2898 Quod
3577 2843 3692 2886 eum

2105 2926 2324 2992 omnino
2352 2933 2756 2994 contemneret,
2795 2931 3082 2994 tantusque
3112 2921 3263 2988 ﬁeret
3285 2930 3584 2988 vestrorum
3613 2931 3691 2975 tu-

2108 3018 2368 3086 multus‘,
2393 3027 2453 3086 ut
2473 3018 2686 3086 veritati
2698 3015 3071 3089 praedicandte,
3097 3015 3183 3074 cui
3213 3015 3538 3086 respondere
3556 3016 3691 3070 ’που

2105 3120 2356 3184 poterant
2383 3111 2572 3180 itinera
2612 3111 2840 3178 clausuri
2885 3118 3202 3182 putarentur
3227 3151 3244 3178 ,
3293 3109 3403 3172 imo
3432 3124 3557 3166 vero
3581 3108 3686 3179 jam

2103 3206 2264 3262 etiam
2291 3215 2639 3272 cernerentur
2665 3224 2678 3264 :
2707 3205 2856 3278 leges
2880 3221 3002 3277 qua;
3018 3220 3126 3271 non
3148 3203 3392 3270 deerant,
3424 3203 3520 3269 sed
3538 3201 3692 3274 quasi

2103 3295 2387 3363 deessent,
2419 3298 2470 3354 in
2511 3297 2710 3360 nostris
2749 3296 2996 3374 inanibus
3032 3295 3413 3367 quiescebant,
3440 3293 3689 3358 adversus

2102 3389 2408 3460 Crispinum
2435 3392 2745 3462 episcopum
2775 3398 3012 3450 vestrum
3040 3397 3325 3450 commotae
3353 3395 3499 3455 sunt,
3528 3383 3690 3457 magis,

2101 3489 2163 3544 ut
2181 3492 2366 3540 nostra
2394 3483 2750 3544 mansuetudo
2779 3483 3261 3551 demonstraretur,
3292 3496 3453 3552 quam
3481 3489 3542 3544 ut
3571 3478 3682 3540 ilio-

2100 3592 2220 3634 rum
2255 3577 2536 3646 puniretur
2561 3577 2802 3636 audacia.
2832 3576 3015 3648 Neque
3041 3574 3186 3640 enim
3213 3575 3371 3634 aliter
3396 3576 3683 3634 iuncte-socc

2101 3679 2206 3739 ret,
2236 3671 2363 3744 quid
2393 3670 2662 3742 adjutorio
2691 3672 2900 3729 Christi.
2925 3672 3164 3730 Ecclesia
3193 3671 3458 3732 catholica
3487 3670 3541 3726 in
3568 3683 3684 3726 suos

2100 3764 2349 3822 inimicos
2392 3775 2576 3836 posset
2604 3774 2656 3823 ct
2684 3766 2882 3832 nollet,
2916 3781 3024 3821 non
3063 3763 3357 3830 secundum
3392 3763 3686 3824 haereticam

2100 3857 2577 3928 praesumptionem
2641 3858 2848 3927 privato
2914 3856 3098 3922 furore
3161 3855 3686 3918 Circuntwllionibus

2096 3951 2478 4019 szevientibus,
2524 3951 2620 4008 sed
2658 3951 2952 4008 secundum
2997 3950 3368 4023 prophetieam
3413 3951 3682 4010 veritatem

2089 4045 2223 4118 jugo
2249 4045 2461 4102 Domini
2505 4045 2602 4102 Dei
2650 4044 2876 4102 subditis
2920 4043 3158 4116 regibus.
3202 4043 3491 4104 Exhibitus
3536 4045 3682 4116 igitur

2094 4135 2396 4208 Crispinus,
2420 4147 2476 4194 et
2498 4136 2644 4208 quod
2666 4151 2726 4193 se
2749 4151 2870 4194 esse
2899 4136 3209 4208 proconsuli
3237 4137 3506 4208 quaerenti
3531 4150 3679 4206 nega.

2098 4239 2282 4296 verat,
2316 4229 2567 4286 facillime
2608 4229 2885 4286 convictus
2923 4228 3241 4296 haereticus,
3287 4228 3478 4286 decem
3519 4239 3680 4285 tamen

2095 4323 2260 4381 libras
2284 4324 2422 4389 auri,
2450 4339 2612 4395 quam
2634 4323 2887 4378 mulctam
2918 4323 2970 4378 in
2997 4337 3186 4379 omnes
3214 4322 3503 4379 haereticos
3527 4323 3682 4391 impe-

2096 4425 2245 4472 rator
2290 4415 2462 4488 major
2507 4415 2843 4472 Theodosius
2883 4414 3275 4480 constituerat,
3329 4413 3682 4470 intercedente
3739 4411 3744 4420 “

2093 4508 2342 4566 Possidio
2363 4525 2471 4567 non
2492 4518 2574 4566 est
2594 4509 2904 4580 compulsus
2921 4509 3201 4565 exsolvere
3215 4508 3318 4581 (a).
3336 4508 3455 4576 Qua
3479 4507 3682 4564 mitissi-

2095 4619 2183 4659 ma
2205 4603 2470 4660 sententia
2493 4619 2600 4660 non
2623 4611 2928 4672 contentus,
2948 4601 3130 4659 nescio
3151 4616 3259 4672 quo
3279 4601 3526 4667 consilio,
3553 4597 3684 4672 quod

2091 4697 2436 4768 displicuisse
2473 4697 2669 4754 vestris
2710 4696 2960 4753 omnibus
2998 4695 3294 4762 dicebatur,
3340 4694 3409 4750 ad
3453 4693 3683 4765 ejusdem

2092 4791 2384 4848 Theodosii
2434 4791 2571 4848 filios
2621 4790 3016 4862 provocandum
3065 4790 3289 4861 putavit.
3345 4790 3682 4859 Aceeptatum

2091 4895 2200 4955 est,
2231 4885 2546 4957 rescriptum
2575 4893 2679 4942 est.
2703 4883 2843 4952 Quid
2867 4883 3032 4952 aliud,
3058 4884 3160 4938 nisi
3185 4883 3328 4956 quod
3353 4899 3476 4955 pars
3498 4880 3681 4938 Donati

2086 4979 2200 5048 jam
2234 4978 2398 5034 sciret
2423 4993 2484 5034 se
2513 4977 2580 5032 ad
2606 4976 2752 5032 illam
2781 4991 2994 5048 poenam
3025 4976 3291 5032 aurariam
3321 4991 3445 5031 cum
3481 4973 3680 5030 ceteris

2095 5071 2364 5127 haereticis
2389 5069 2698 5142 pertinere?
2727 5085 2849 5125 cum
2879 5068 3072 5140 quibus
3103 5083 3323 5140 propter
3350 5066 3674 5124 communio-

2090 5179 2218 5220 nem
2244 5163 2365 5220 talis
2393 5162 2812 5234 persecutionis,
2860 5170 2952 5217 aut
2989 5175 3329 5217 communem
3373 5174 3433 5217 se
3472 5159 3669 5228 deputet

2091 5256 2292 5313 habere
2318 5255 2612 5327 justitiam;
2645 5263 2738 5310 aut
2785 5254 2828 5310 si
2862 5269 2970 5309 non
3010 5253 3256 5324 deputat,
3307 5268 3414 5309 nou
3464 5267 3520 5308 se
3565 5249 3664 5305 idcc

2082 5347 2254 5418 jactet
2273 5348 2468 5419 justam
2492 5388 2505 5414 ,
2543 5346 2670 5419 quia
2697 5362 2758 5404 ea
2791 5362 2950 5419 poena
2976 5354 3277 5411 coercetur,
3311 5361 3416 5416 qua
3448 5339 3666 5406 coerceri

2085 5449 2147 5496 ct
2171 5456 2264 5498 eas
2289 5440 2526 5496 haereses
2558 5440 2701 5497 videt
2739 5438 2872 5511 quas
2906 5439 3152 5497 concedit
3179 5438 3408 5510 injustas
3437 5457 3449 5492 :
3486 5446 3538 5493 et
3563 5445 3664 5490 ιειηι

2152 5633 2171 5664 ί
2199 5639 2298 5680 Αιιι.
2327 5635 2379 5680 et
2399 5635 2530 5694 Mss,
2554 5635 2808 5694 tenuisque
2827 5626 2966 5694 fieret
2991 5632 3259 5694 nostrorum
3272 5625 3528 5694 tumultus.

2151 5697 2172 5726 ²
2189 5701 2321 5754 ιλυνη
2339 5699 2390 5756 ut
2401 5685 2714 5756 quia'ueritatt'
2726 5685 3060 5756 ᾑτωὶίἱεαηιιω
3075 5690 3385 5753 respondere.
3400 5685 3663 5743 Delendillﬂi

2081 5756 2239 5819 quia;
2283 5753 2334 5805 et
2378 5753 2662 5819 lugendum,
2694 5753 2773 5805 cui
2810 5753 3117 5819 (emererer.

2155 5815 2229 5882 (a)
2255 5821 2364 5868 \ide
2383 5818 2628 5879 Augustini
2656 5819 2796 5878 epist.
2821 5815 2898 5877 88,
2928 5830 2974 5865 n.
3001 5816 3046 5863 7.
