3784 6140
438 392 624 447 biliter
661 387 920 455 tolerant,
967 397 1074 442 non
1118 395 1182 440 ea
1220 376 1528 446 laudabilia,
1567 374 1662 434 sed
1703 370 2027 431 damnabilia

436 483 778 553 judicantes:
809 494 907 536 nec
935 484 1156 548 prepter
1181 473 1380 529 zizania
1414 478 1651 542 segetem
1676 467 1899 536 Christi,
1928 479 2031 522 nec

439 585 659 648 propter
684 574 864 644 paleas
887 585 1068 626 aream
1092 565 1326 632 Christi,
1351 579 1453 621 nec
1474 571 1693 635 propter
1716 574 1846 616 vasa
1876 557 2030 614 inho-

441 675 629 723 norata
679 664 898 719 domum
934 673 1180 731 magnam
1209 655 1432 724 Christi,
1460 669 1561 712 nec
1601 661 1823 726 propter
1857 651 2030 724 pisces

444 757 615 812 malos
646 755 778 810 retia
799 752 998 809 Christi
1023 750 1425 821 derelinquunt.

511 846 739 903 CAPUT
795 845 879 901 LI.
919 875 992 889 ο·-
1027 843 1118 901 56.
1173 842 1348 913 Reges
1389 853 1514 896 cum
1561 837 1616 893 in
1653 851 1839 893 errore
1883 842 2028 904 sunt,

438 957 538 1012 pro
581 942 698 1012 ipso
734 954 922 997 errore
951 940 1098 1010 leges
1120 944 1307 994 contra
1345 934 1626 990 veritatem
1668 932 1882 997 ferunt;
1907 944 2032 986 cum

438 1033 491 1087 in
525 1033 752 1088 veritate
801 1040 946 1099 sunt,
975 1029 1221 1086 similiter
1255 1035 1442 1084 contra
1485 1038 1723 1080 errorem
1769 1038 1868 1094 pro
1914 1022 2032 1092 ipsa

438 1128 664 1182 veritate
707 1125 1046 1182 decernunt:
1078 1123 1148 1179 ita
1191 1130 1245 1178 et
1288 1119 1496 1192 legibus
1541 1118 1696 1173 malis
1736 1116 2032 1188 probantur

439 1220 589 1286 boni,
615 1230 671 1276 et
698 1219 905 1291 legibus
929 1217 1085 1274 bonis
1113 1213 1468 1272 emendantur
1491 1214 1508 1246 ί
1524 1211 1674 1268 mali.
1703 1211 1822 1266 Rex
1853 1208 2032 1266 Nabu-

439 1311 781 1368 chodonosor
813 1323 1095 1380 perversos
1135 1307 1308 1379 legem
1337 1319 1538 1362 servam
1577 1302 1744 1370 dedit,
1777 1309 1835 1357 ut
1859 1299 2032 1357 simu-

442 1403 646 1460 lacrum
671 1402 1022 1458 adoraretur:
1052 1400 1193 1456 idem
1219 1406 1494 1455 correctus
1519 1411 1782 1462 severam,
1801 1411 1871 1451 ne
1892 1393 2034 1449 Deus

441 1511 602 1552 verus
638 1494 1099 1565 blasphemaretur
1150 1491 1310 1567 (Dan.
1339 1507 1418 1556 ιιι,
1465 1491 1523 1558 5,
1556 1491 1610 1557 6,
1655 1489 1770 1561 96).
1821 1489 1878 1544 In
1930 1486 2033 1543 hoc

440 1589 588 1646 enim
616 1601 789 1659 reges,
829 1585 969 1642 sicut
1003 1585 1083 1642 eis
1108 1584 1362 1642 divinitus
1392 1583 1716 1653 praecipitur,
1763 1581 1874 1637 Deo
1917 1594 2033 1636 ser-

442 1680 596 1737 viunt
616 1681 951 1750 in-quantum
981 1692 1138 1749 rcges
1161 1686 1285 1732 sunt
1318 1674 1542 1749 (Psalm.
1570 1689 1628 1739 ιι,
1653 1672 1768 1744 10),
1788 1672 1834 1728 si
1856 1672 1911 1727 in
1932 1675 2033 1728 suo

441 1785 610 1843 regno
657 1770 795 1826 bona
839 1769 1095 1840 jubeant,
1141 1768 1278 1823 mala
1320 1765 1658 1838 prohibeant,
1703 1777 1810 1820 non
1857 1762 2033 1819 solum

440 1879 564 1936 qua:
592 1863 861 1935 pertinent
883 1861 950 1917 ad
977 1861 1266 1917 humanam
1297 1858 1631 1922 societatem,
1654 1869 1841 1912 verum
1866 1853 2033 1912 etiam

442 1971 564 2029 qua:
589 1954 656 2011 ad
683 1954 917 2012 divinam
947 1953 1281 2024 religionem.

514 2046 606 2104 57.
645 2044 863 2102 Frustra
914 2043 1070 2110 dicis,
1114 2042 1395 2112 Relinquar
1444 2041 1603 2097 libero
1648 2040 1880 2096 arbitrio.
1925 2037 2035 2096 Cur

441 2138 587 2196 enim
627 2151 732 2194 non
765 2137 818 2192 in
844 2135 1146 2193 homicidiis
1173 2145 1228 2192 et
1256 2135 1309 2191 in
1338 2134 1558 2206 stupris,
1581 2135 1714 2190 etin
1735 2133 2034 2205 quibusque

441 2230 566 2287 aliis
593 2229 917 2287 facinoribus
944 2236 1000 2284 et
1037 2227 1254 2299 ﬂagitiis
1298 2227 1470 2283 libero
1511 2235 1566 2282 te
1604 2226 1825 2282 arbitrio
1853 2225 2035 2282 dimit—

444 2321 667 2378 tendum
711 2335 831 2377 esse
878 2319 1222 2390 proclamas?
1268 2317 1400 2386 Quae
1437 2327 1614 2374 tamen
1653 2316 1832 2372 omnia
1874 2316 2035 2388 iustis

443 2415 652 2486 legibus
677 2411 982 2483 comprimi,
1015 2411 1357 2468 utilissimum
1392 2425 1456 2466 ac
1483 2409 1897 2467 saluberrimum
1927 2417 2032 2467 est.

443 2503 827 2577 Deditquidem
843 2502 982 2560 Dens
999 2502 1199 2560 homini
1219 2502 1442 2560 liberam
1457 2502 1808 2568 voluntatem,
1822 2501 1919 2558 sed
1933 2515 2033 2558 nec

443 2593 641 2651 bonam
687 2594 1090 2661 infructuosam,
1135 2608 1235 2650 nec
1275 2592 1469 2648 malam
1497 2592 1814 2650 essevoluit
1856 2592 2034 2664 impu-

441 2687 632 2742 nitam.
651 2685 890 2757 Quisquis
904 2684 1258 2754 christianum,
1278 2683 1474 2756 inquis,
1495 2685 1831 2756 persequitur,
1845 2682 2033 2741 Christi

440 2791 517 2836 est
544 2780 799 2836 inimicus.
828 2777 1027 2836 Verum
1067 2778 1223 2845 dicis,
1253 2780 1299 2836 si
1343 2793 1451 2835 non
1481 2779 1586 2836 hoc
1625 2778 1680 2835 in
1709 2778 1804 2835 illo
1850 2793 2036 2851 perse-

441 2873 655 2945 quitur’
684 2871 827 2944 quod
855 2870 1071 2927 Christo
1097 2879 1181 2927 est
1218 2870 1511 2926 inimicum.
1541 2868 1728 2941 Neque
1752 2868 1895 2926 enim
1935 2867 2034 2924 do-

442 2963 716 3019 minus.in
753 2976 930 3028 servo,
963 2970 1116 3032 pater
1155 2959 1210 3015 in
1251 2959 1384 3030 lilio,
1423 2961 1647 3016 maritus
1685 2960 1738 3016 in
1781 2958 2028 3031 conjuge,

440 3071 565 3113 cum
615 3063 739 3111 sunt
793 3053 1003 3125 utrique
1040 3053 1350 3119 christiani,
1394 3068 1502 3108 non
1545 3052 1745 3109 debent
1785 3051 2032 3124 persequi

441 3148 570 3203 vitia
599 3145 905 3204 christiana:
951 3143 1219 3200 contraria
1269 3143 1505 3200 veritati.
1536 3143 1622 3199 An
1660 3157 1788 3198 vero
1831 3141 1877 3198 si
1925 3157 2030 3198 non

439 3246 849 3312 persequantur,
880 3251 987 3294 non
1031 3237 1109 3293 rei
1140 3235 1479 3308 negligentia:
1525 3235 1718 3292 merito
1765 3233 2029 3292 tenebun-

437 3331 570 3387 tur?
616 3329 723 3387 Sed
753 3329 807 3384 in
833 3327 1082 3386 omnibus
1123 3327 1384 3385 tenendus
1408 3335 1494 3384 est
1523 3327 1714 3384 modus
1739 3336 1895 3399 aptus
1932 3327 2032 3383 hu-

437 3420 706 3487 manitati,
735 3435 1004 3492 congruus
1027 3418 1312 3486 cllaritati;
1344 3427 1403 3476 ut
1431 3434 1533 3476 nec
1558 3428 1726 3476 totum
1765 3419 1908 3490 quod
1933 3435 2030 3490 po-

439 3513 647 3568 testatis
671 3519 754 3568 est
773 3520 1073 3579 exseratur,
1094 3519 1150 3566 et
1174 3510 1229 3566 in
1251 3525 1318 3567 eo
1337 3509 1480 3582 quod
1501 3511 1790 3579 exseritur,
1814 3511 2030 3567 dilectio

437 3619 545 3658 non
575 3601 870 3669 amittatur,
895 3601 946 3656 in
971 3616 1036 3658 eo
1060 3609 1240 3657 autem
1265 3601 1410 3672 quod
1439 3617 1546 3656 non
1570 3604 1856 3670 exseritur,
1878 3617 2028 3657 man-

437 3693 667 3749 suetudo
687 3701 1036 3748 monstretur.
1066 3690 1164 3749 Ubi
1193 3707 1324 3748 vero
1350 3692 1495 3748 nulla
1525 3707 1593 3748 ex
1618 3692 1815 3748 divinis
1841 3693 2030 3749 huma-

439 3786 591 3841 nisve
613 3785 817 3855 legibus
846 3791 1083 3855 potestas
1101 3783 1432 3852 conceditur,
1452 3782 1584 3839 nihil
1605 3784 1850 3856 improbe
1867 3794 2028 3857 atque

441 3875 812 3946 imprudenter
837 3875 1115 3931 audeatur.

512 3966 741 4023 CAPUT
780 3965 888 4022 ιιι.
915 3995 986 4006 -—
1013 3965 1103 4022 58.
1131 3965 1268 4021 Audi
1286 3965 1395 4037 jam
1425 3964 1495 4022 de
1520 3965 2028 4024 Maximianensibus

443 4057 585 4131 quod
610 4057 768 4130 paulo
798 4066 923 4114 ante
948 4057 1284 4124 dismleram,
1309 4066 1366 4113 ut
1389 4065 1443 4114 et
1463 4067 1583 4114 tuos
1611 4057 1893 4130 episcopos
1931 4075 2028 4116 no-

437 4151 582 4208 veris
613 4151 704 4206 tibi
732 4165 853 4207 esse
882 4151 1170 4214 mentitos;
1201 4158 1257 4205 et
1283 4159 1390 4206 non
1416 4150 1588 4206 solum
1619 4151 1760 4223 quod
1799 4154 2028 4223 pertinet

441 4247 508 4301 ad
539 4245 796 4316 Baptismi
825 4245 1197 4316 quaestionem,
1230 4244 1315 4300 vel
1341 4243 1410 4300 ad
1441 4245 1736 4300 alienorum
1779 4255 2027 4316 peccato-

437 4357 557 4395 rum
599 4340 652 4394 in
683 4338 925 4395 Ecclesia
967 4338 1085 4394 sine
1131 4338 1343 4408 propria
1389 4340 1845 4395 contaminatione
1887 4341 2025 4396 tole-

439 4433 692 4499 rantiam,
721 4447 906 4487 verum
955 4431 1116 4487 etiam
1159 4431 1299 4502 quod
1347 4431 1416 4486 ad
1460 4433 1846 4502 persecutionis
1895 4434 2026 4488 invi-

433 4525 604 4591 diam,
648 4524 700 4578 in
743 4540 844 4594 qua
873 4523 1088 4594 quidem
1117 4523 1279 4578 vestri
1321 4523 1374 4578 in
1423 4539 1522 4578 nos
1563 4523 1738 4578 omnia
1783 4525 2023 4581 Rmmna

432 4617 560 4691 jura
586 4627 638 4673 et
669 4615 916 4687 prmsidia
942 4623 1280 4685 superarunt,
1303 4613 1354 4668 in
1386 4613 1486 4670 hac
1517 4631 1618 4669 una
1644 4615 2024 4672 Maximiancu-

436 4713 578 4768 sium
607 4723 766 4765 causa
817 4707 1028 4762 noveris
1070 4707 1364 4761 terminari.
1404 4706 1536 4761 Nam
1578 4706 1622 4762 si
1669 4708 1880 4764 concilii
1925 4707 2025 4764 Ba-

441 4800 677 4872 gaiensis
703 4799 1075 4870 episcoporum
1107 4806 1407 4852 vestrorum
1448 4805 1811 4854 trecentorum
1847 4809 1900 4854 et
1925 4799 2022 4856 de-

437 4907 582 4958 cem,
602 4889 1001 4947 memorabilem
1034 4888 1200 4955 illam,
1227 4887 1294 4944 de
1316 4903 1419 4958 qua
1446 4889 1691 4960 superius
1720 4890 1862 4962 quod
1892 4890 2022 4948 satis

438 4999 562 5040 esse
587 4981 866 5038 videbatur
908 4979 1131 5046 inserui,
1164 4995 1270 5034 non
1308 4987 1362 5036 te
1407 4979 1572 5052 piguit
1600 4981 1778 5052 legere
1802 4992 2019 5040 sentcn-

437 5077 590 5141 tiam,
620 5088 742 5130 cum
771 5073 857 5129 illa
881 5072 1041 5130 verba
1071 5071 1348 5129 damnatos
1372 5087 1493 5129 cum
1535 5073 1855 5132 Maximiano
1888 5077 2020 5134 duo-

437 5167 634 5233 decim,
666 5180 892 5237 quorum
932 5165 1273 5236 prmsentium
1319 5165 1563 5222 manibus
1600 5167 1874 5226 ordinatus
1913 5179 2015 5238 est,

439 5258 776 5329 apertissime
820 5257 1142 5322 ostendant;
1189 5256 1499 5314 dilationem
1538 5269 1715 5317 autem
1760 5262 2016 5322 redeundi

438 5354 504 5410 ad
535 5351 964 5410 communionem
994 5360 1224 5407 vestram
1255 5351 1357 5407 illis
1395 5367 1516 5409 esse
1553 5367 1886 5422 concessam,
1924 5358 2014 5429 qui

435 5465 556 5506 eum
588 5455 772 5505 essent
807 5446 860 5502 in
887 5445 1262 5503 communione
1299 5445 1622 5516 Maximiani,
1661 5449 2016 5508 Primianum-

497 5591 512 5619 ί
543 5596 640 5637 Am.
665 5593 717 5637 et
739 5599 912 5637 omnes
932 5591 1062 5644 Mss.,
1084 5583 1421 5635 emundmunr.

494 5651 674 5716 fam,
713 5647 927 5716 _setl__t_ton
969 5646 1060 5696 hoc
1094 5646 1156 5716 in.
1183 5645 1265 5696 illo
1308 5647 1624 5716 per-sumitur.
1665 5656 1739 5700 Er.
1782 5657 1836 5701 el.
1867 5659 1975 5703 Lov.
1996 5689 2012 5715 ,

431 5710 518 5762 sed
563 5710 652 5762 hoc
704 5709 753 5760 in
804 5709 886 5760 illo
934 5709 1252 5774 persequitur.
1298 5709 1599 5774 castigantur
1641 5726 1703 5763 ex
1747 5709 2012 5767 manuscriQ

427 5776 536 5838 plIS.

1211 257 1488 321 CONTRA
1512 252 1946 317 CRESCONIUM
1984 245 2438 330 DONATISTAII,
2477 258 2536 318 S.
2577 259 2946 322 AUGUSTINI

2135 384 2238 440 que
2263 372 2630 445 damnassent,
2659 387 2840 437 tamen
2869 380 3084 452 quando
3117 363 3469 441 Maximianus
3502 385 3707 444 ordina-

2137 471 2224 520 tus
2267 474 2370 532 est,
2403 482 2510 524 non
2559 469 2958 540 interfuerunt;
3007 488 3179 545 neque
3220 475 3365 532 enim
3411 492 3605 534 omnes
3645 479 3712 534 in-

2137 565 2343 615 teresse
2384 570 2695 631 potuerunt,
2735 574 2829 620 aut
2874 581 2937 621 ex
2985 581 3136 622 more
3180 567 3485 625 debuerunt
3518 589 3532 624 :
3566 571 3710 642 pluri-

2135 664 2283 705 mum
2309 652 2480 708 miror
2507 654 2778 724 quomodo
2806 664 2861 712 te
2889 657 3019 726 falli,
3051 659 3232 716 nescio
3257 675 3366 732 quo
3407 665 3708 728 mentiente.

2137 743 2472 812 permiseris,
2513 746 2598 802 cui
2640 746 2800 802 verba
2843 748 2955 818 ipsa
2992 765 3114 820 quae
3151 751 3380 808 obscura
3426 769 3538 810 non
3582 766 3708 821 sunt,

2138 848 2240 891 nee
2267 845 2484 893 acutum
2520 838 2791 910 ingenium
2835 856 2942 912 quo
2966 840 3337 910 discutiantur,
3381 845 3480 901 sed
3525 856 3710 903 tantum

2137 927 2374 985 animum
2413 945 2519 1002 quo
2557 930 2903 988 advertantur
2939 946 3256 1005 exposcunt,
3284 951 3354 993 ne
3379 938 3450 994 ab
3475 953 3546 995 eo
3586 941 3710 998 falle-

2136 1019 2294 1089 reris,
2323 1022 2552 1078 recitare
2592 1024 2832 1094 potuisti.
2859 1025 2966 1082 Sed
2996 1027 3119 1098 quia
3164 1027 3280 1086 ﬁeri
3324 1039 3504 1100 potest
3534 1043 3590 1087 ut
3619 1050 3706 1089 non

2135 1123 2258 1166 eam
2307 1111 2524 1184 legeris,
2574 1123 2629 1171 et
2671 1115 2902 1185 simplici
2952 1117 3144 1175 all'ectu
3191 1130 3444 1193 tanquam
3475 1125 3710 1196 episcopo

2137 1201 2222 1258 vel
2261 1203 2528 1276 episcopis
2555 1205 2701 1262 aliud
2747 1207 2841 1264 tibi
2871 1209 3266 1269 insinuantibus
3296 1213 3454 1273 facile
3481 1217 3710 1275 credide-

2138 1295 2247 1362 ris;
2301 1296 2484 1368 aceipe
2511 1313 2629 1354 eam
2658 1308 2715 1356 et
2760 1300 2899 1373 lege,
2929 1311 2986 1358 et
3009 1319 3168 1375 quam
3215 1306 3308 1362 tibi
3346 1322 3378 1363 a
3415 1324 3506 1365 me
3545 1326 3710 1366 verum

2136 1385 2348 1444 dicatur
2389 1389 2626 1447 attende.
2671 1390 2857 1465 Neque
2901 1396 3043 1450 enim
3087 1407 3310 1468 possunt
3351 1415 3472 1457 eam
3517 1404 3710 1474 tegendi
3744 1463 3745 1466 η

2136 1478 2400 1536 mendacii
2443 1482 2525 1537 sui
2570 1497 2761 1554 musa,
2803 1494 2864 1541 ut
2906 1486 3118 1543 libitum
3175 1489 3366 1557 fuerit,
3405 1493 3709 1560 emendare,

2136 1571 2248 1628 imo
2297 1572 2522 1644 falsare,
2553 1591 2713 1647 quam
2751 1577 2954 1648 judicio
2992 1580 3204 1651 publico
3247 1583 3386 1654 apud
3432 1600 3709 1655 proconsu«

2138 1665 2246 1720 lem
2285 1666 2670 1738 allegaverunt,
2702 1685 2860 1742 quam
2913 1672 3074 1728 toties
3111 1675 3278 1744 gestis
3317 1674 3710 1752 municipalibus

2139 1757 2504 1830 inserendam,
2558 1775 2658 1833 pro
2705 1777 2819 1819 suae
2857 1778 3033 1820 causae
3083 1766 3407 1823 necessitate
3449 1779 3705 1835 curarunt,

2138 1851 2354 1923 quando
2391 1853 2622 1925 agebant
2661 1855 2920 1914 adversus
2945 1872 3062 1924 eos,
3092 1868 3148 1915 ut
3178 1861 3248 1916 de
3287 1861 3524 1919 basilicis
3559 1864 3708 1935 pelle-

2137 1955 2346 2002 rentur.

2209 2037 2437 2095 CAPUT
2465 2038 2595 2095 LIII.
2625 2070 2695 2082 —
2721 2041 2812 2098 59.
2837 2042 2926 2099 Sic
2946 2053 3094 2100 certe
3121 2045 3306 2118 incipit
3333 2061 3396 2103 ea
3423 2049 3706 2105 sententia:

2139 2121 2266 2178 Cant
2280 2124 2634 2195 omnipotentis
2648 2123 2745 2180 Dei
2764 2136 2810 2181 et
2823 2125 3010 2182 Christi
3022 2130 3134 2198 ejus
3161 2131 3416 2186 voluntate
3439 2132 3496 2186 in
3518 2132 3706 2188 ecclesia

2137 2215 2412 2290 Bagaiensi
2426 2219 2442 2250 ί
2459 2218 2729 2274 concilium
2763 2237 3048 2292 gereremus
3064 2263 3080 2290 ,
3099 2222 3380 2292 Gamalius,
3411 2224 3705 2291 Primianus,

2141 2305 2380 2378 Pontius,
2409 2309 2784 2380 Secundianus,
2814 2313 3152 2383 Januarius',
3191 2315 3523 2383 Saturninus,
3549 2316 3700 2383 Felix,

2139 2400 2417 2474 Pegasius,
2451 2402 2710 2474 Ruﬁnus,
2739 2404 3049 2476 Fortunius,
3081 2408 3375 2481 Crispinus,
3404 2410 3704 2479 Florentius,

2142 2493 2382 2568 Optatus,
2427 2495 2680 2567 Donatus,
2715 2498 3067 2568 Donatianus,
3105 2512 3153 2557 et
3180 2503 3348 2558 ctcteri
3375 2521 3582 2560 numero
3623 2514 3704 2559 trc-

2137 2589 2270 2644 centi
2283 2598 2330 2644 et
2344 2588 2515 2645 decem
2541 2606 2561 2646 :
2589 2589 2783 2662 placuit
2809 2591 3034 2663 Spiritui
3068 2603 3242 2649 sancto
3273 2595 3360 2666 qui
3394 2595 3448 2652 in
3478 2597 3702 2662 nobiseu,

2138 2698 2313 2753 pacem
2337 2683 2547 2752 [innare
2561 2691 2874 2756 perpetuam,
2899 2693 2948 2740 et
2969 2685 3249 2741 schismata
3277 2703 3504 2743 resecare
3524 2687 3705 2744 sacrilcc

2137 2790 2224 2846 ga.
2254 2773 2458 2832 Deinde
2485 2790 2607 2831 cum
2651 2777 2818 2831 multa
2847 2777 2900 2833 in
2936 2791 3032 2833 eos
3077 2778 3343 2834 horrenda
3374 2780 3701 2843 vomuissent,

2137 2865 2298 2935 paulo
2326 2875 2447 2936 post
2491 2866 2567 2921 ait
2595 2856 2611 2920 τ’
2646 2865 3016 2923 Μαατίηιὶαηιιηι
3055 2869 3177 2939 ﬁdei
3207 2871 3466 2938 aemulum,
3507 2871 3703 2927 veritatis

2135 2959 2445 3026 adulterum,
2474 2959 2718 3016 Ecclesia:
2741 2962 2918 3016 matris
2942 2961 3224 3030 inimicum,
3243 2962 3445 3029 Dalilae,
3473 2962 3648 3030 Chore,
3666 2972 3702 3018 et

2136 3052 2328 3109 Abiron
2350 3054 2649 3120 ministrum,
2671 3054 2734 3108 de
2759 3055 2898 3124 pacis
2921 3057 3111 3126 gremio
3139 3057 3398 3111 sententia:
3410 3057 3602 3129 fulmen
3626 3072 3702 3111 e1-

2136 3146 2496 3215 cussit.Vidcs,
2526 3156 2584 3202 ut
2608 3147 2861 3216 arbitror,
2888 3148 3258 3206 Maximianum
3287 3151 3406 3207 sine
3433 3151 3542 3207 ulla
3565 3150 3702 3207 dubi-

2138 3238 2339 3294 tatione
2359 3237 2687 3294 damnatum.
2721 3239 2920 3297 Deinde
2947 3252 3069 3314 post
3095 3258 3280 3314 pauca,
3304 3243 3399 3300 sed
3422 3245 3575 3315 plane
3596 3259 3702 3317 gra-

2135 3330 2373 3398 vissima,
2403 3347 2522 3402 qua:
2543 3331 2595 3386 in
2617 3347 2738 3386 eum
2765 3331 2920 3387 libuit
2947 3332 3267 3401 declamare,
3295 3335 3589 3408 adjungens
3621 3351 3699 3392 or-

2134 3421 2406 3479 dinatorcs
2453 3422 2590 3493 ejus,
2628 3432 2828 3479 etcum
2878 3439 2945 3480 eo
2983 3425 3102 3480 sine
3139 3426 3394 3483 dilatione
3416 3427 3696 3484 damnans:

2136 3514 2248 3570 Nec
2265 3516 2429 3571 solum
2454 3517 2609 3581 hunc,
2640 3516 2829 3588 inquit,
2847 3516 3048 3573 sceleris
3074 3519 3154 3573 sui
3207 3536 3342 3576 mors
3357 3522 3503 3593 justo
3535 3522 3698 3577 conde-

2133 3616 2304 3675 mnat,
2354 3607 2507 3662 trahit
2553 3609 2703 3662 etiam
2763 3607 2832 3661 ad
2881 3608 3188 3663 consortium
3219 3610 3443 3666 criminis
3476 3612 3698 3684 plurimos

2133 3708 2311 3754 catena
2337 3699 2608 3771 sacrilegii.
2641 3697 2845 3755 Deinde
2870 3713 2993 3755 cum
3020 3700 3183 3756 etiam
3212 3701 3266 3756 in
3297 3702 3532 3773 ipsorum
3561 3717 3698 3774 exag-

2132 3791 2424 3864 gerandum
2452 3791 2650 3858 scelus,
2686 3806 2808 3862 qua:
2836 3791 3041 3863 putavit
3069 3790 3435 3861 deelamanda,
3464 3794 3694 3861 tfudisset,

2133 3883 2426 3940 nominavit
2439 3897 2533 3939 eos
2548 3883 2640 3948 ita,
2653 3881 3021 3954 conclusitque
3030 3882 3306 3940 damnatos
3325 3903 3338 3940 :
3358 3883 3566 3941 Famosi
3573 3901 3692 3957 ergo,

2132 3974 2324 4047 inquit,
2336 3975 2560 4030 criminis
2579 3991 2711 4042 reos,
2727 3973 3069 4030 Victorianum
3093 3975 3558 4047 Carcabianeusem,
3573 3975 3696 4031 Mar-

2133 4070 2327 4125 tianum
2338 4067 2695 4136 Sullectinum,
2713 4068 2957 4124 Beianum
2966 4067 3301 4126 Baianensem
3318 4069 3359 4138 ⁸,
3373 4071 3597 4128 Saluium
3607 4069 3695 4125 Au-

2133 4163 2451 4235 saphensem,
2470 4161 2791 4220 Theodorum
2819 4163 3132 4232 Usuleusem,
3153 4163 3413 4221 Donatum
3440 4165 3696 4222 Sabraten-

2131 4254 2546 4328 scm,Miggenem
2565 4255 3081 4326 Elephantariensem,
3093 4256 3449 4313 Prwtextatum
3464 4258 3692 4314 Assurita-

2131 4365 2275 4417 num,
2303 4348 2535 4405 Salvium
2554 4347 3287 4418 Membresitanum,Valerium
3323 4349 3688 4416 Melzitanum‘,

2129 4439 2452 4497 Felicianum
2472 4440 2807 4498 Hustitanum
2830 4452 2878 4498 et
2900 4441 3191 4498 Martialem
3220 4443 3587 4511 Pertusensem,
3612 4440 3686 4513 qui

2130 4534 2332 4606 funesto
2361 4550 2512 4607 opere
2538 4534 2835 4606 perditionis
2861 4552 2948 4590 vos
2968 4536 3230 4591 sordidum
3245 4536 3452 4592 collecta
3469 4534 3684 4606 {iaculat-

2130 4629 2202 4682 lia
2226 4629 2570 4701 glutinarunt;
2599 4629 2688 4684 sed
2712 4637 2759 4684 et
2786 4627 2994 4684 clericos
3022 4628 3298 4701 aliquando
3322 4629 3558 4685 Ecclesia
3580 4627 3686 4684 Car-

2130 4720 2374 4792 thaginis,
2399 4720 2485 4790 qui
2508 4720 2629 4775 dum
2653 4720 2872 4791 facinori
2896 4723 3164 4785 intersunt,
3190 4722 3365 4776 illicito
3392 4719 3592 4776 iucestui
3627 4717 3685 4770 le-

2130 4813 2387 4869 nociniunt
2413 4814 2772 4886 praebuerunt;
2796 4812 2891 4868 Dei
2920 4813 3242 4885 prtesidentis
3269 4815 3474 4870 arbitrio
3503 4813 3683 4868 uuireru

2127 4909 2250 4966 salis
2270 4907 2474 4964 concilii
2496 4925 2584 4964 ore
2609 4909 2827 4963 veridico
2851 4907 3117 4963 damnatos
3135 4925 3241 4964 esse
3251 4909 3550 4981 cognoscite.
3565 4901 3679 4973 Quid

2127 5000 2356 5073 planius,
2382 4999 2509 5071 quid
2539 5000 2891 5067 manifestius,
2913 4999 3040 5071 quid
3065 5000 3368 5072 expressius
3385 4999 3484 5056 dici
3500 4994 3678 5069 pateat?

2196 5093 2423 5150 CAPUT
2461 5091 2593 5148 LIV.
2621 5123 2691 5132 -—
2711 5091 2799 5148 60.
2832 5091 2966 5147 Audi
3004 5091 3114 5162 jam
3145 5091 3340 5162 quibus
3364 5090 3538 5146 dilatio
3564 5099 3677 5143 tem-

2126 5185 2274 5258 poris
2303 5184 2569 5257 impertita
2598 5183 2699 5249 sit;
2727 5191 2786 5239 ut
2815 5183 2998 5238 videas
3023 5198 3117 5238 eos
3145 5198 3264 5240 esse
3299 5183 3388 5255 qui
3415 5197 3515 5238 non
3541 5181 3675 5235 inter-

2126 5277 2363 5343 fuerunt,
2388 5275 2601 5348 quando
2628 5275 2974 5342 Maximiano,
3005 5290 3124 5331 cum
3144 5274 3496 5340 ordinaretur,
3514 5282 3691 5329 manus

2125 5371 2389 5444 imposita:
2426 5379 2569 5426 sunt.
2599 5370 2705 5426 Eos
2725 5379 2916 5436 autem,
2948 5369 3136 5440 inquit,
3175 5384 3302 5440 quos
3336 5365 3559 5440 sacrilegi
3581 5377 3670 5420 sut-

2189 5532 2362 5594 1nam,
2382 5530 2436 5584 in
2454 5528 2846 5585 Ecclesiosancta
2861 5528 3135 5599 Bagaiensi.
3159 5529 3327 5598 Abest,
3355 5537 3532 5599 sancta,
3547 5535 3666 5583 stt!-

2123 5599 2396 5708 et’Aglurcs
2420 5665 2548 5718 MSS.,
2571 5655 2914 5718 Januarianus.

2187 5719 2208 5751 ³
2227 5718 2393 5770 Plures
2415 5717 2539 5770 item
2557 5728 2686 5781 διεδ,
2718 5717 3035 5771 Beianensem.

2186 5783 2207 5815 ὀ
2230 5785 2312 5835 llic
2335 5800 2350 5831 (
2366 5797 2505 5835 umes
2687 5782 2967 5837 t’eliltmm
