  <div class='ocr_page' id='page_1' title='image "/cluster/home/n/w/nwhite01/storage/ocr_20150623/43/uva.x000827113/272.png"; bbox 0 0 3778 6134; ppageno 0'>
   <div class='ocr_carea' id='block_1_1' title="bbox 81 375 1697 448">
    <p class='ocr_par' dir='ltr' id='par_1_1' title="bbox 81 375 1697 448">
     <span class='ocr_line' id='line_1_1' title="bbox 81 375 1697 448; baseline 0.001 -16"><span class='ocrx_word' id='word_1_1' title='bbox 81 379 203 432; x_wconf 79' lang='lat' dir='ltr'><strong>culi</strong></span> <span class='ocrx_word' id='word_1_2' title='bbox 230 393 329 432; x_wconf 82' lang='lat' dir='ltr'><strong>non</strong></span> <span class='ocrx_word' id='word_1_3' title='bbox 360 377 594 447; x_wconf 75' lang='lat' dir='ltr'><strong>polluere</strong></span> <span class='ocrx_word' id='word_1_4' title='bbox 615 375 893 446; x_wconf 71' lang='lat' dir='ltr'><strong>plantaria,</strong></span> <span class='ocrx_word' id='word_1_5' title='bbox 920 375 975 431; x_wconf 92' lang='lat' dir='ltr'><strong>id</strong></span> <span class='ocrx_word' id='word_1_6' title='bbox 994 384 1090 443; x_wconf 89' lang='lat' dir='ltr'><strong>est,</strong></span> <span class='ocrx_word' id='word_1_7' title='bbox 1113 376 1253 448; x_wconf 85' lang='lat' dir='ltr'><strong>quia</strong></span> <span class='ocrx_word' id='word_1_8' title='bbox 1289 375 1593 433; x_wconf 71' lang='lat' dir='ltr'><strong>Maximiani</strong></span> <span class='ocrx_word' id='word_1_9' title='bbox 1611 394 1697 434; x_wconf 82' lang='lat' dir='ltr'><strong>ca-</strong></span> 
     </span>
    </p>
   </div>
   <div class='ocr_carea' id='block_1_2' title="bbox 80 468 1696 540">
    <p class='ocr_par' dir='ltr' id='par_1_2' title="bbox 80 468 1696 540">
     <span class='ocr_line' id='line_1_2' title="bbox 80 468 1696 540; baseline 0.003 -18"><span class='ocrx_word' id='word_1_10' title='bbox 80 469 202 536; x_wconf 84' lang='lat' dir='ltr'><strong>pite</strong></span> <span class='ocrx_word' id='word_1_11' title='bbox 224 470 464 540; x_wconf 82' lang='lat' dir='ltr'><strong>proprias</strong></span> <span class='ocrx_word' id='word_1_12' title='bbox 485 486 668 524; x_wconf 89' lang='lat' dir='ltr'><strong>manus</strong></span> <span class='ocrx_word' id='word_1_13' title='bbox 691 468 973 526; x_wconf 89' lang='lat' dir='ltr'><strong>verecundo</strong></span> <span class='ocrx_word' id='word_1_14' title='bbox 1000 469 1196 540; x_wconf 90' lang='lat' dir='ltr'><strong>pudore</strong></span> <span class='ocrx_word' id='word_1_15' title='bbox 1208 470 1330 539; x_wconf 81' lang='lat' dir='ltr'><strong>ﬁdei</strong></span> <span class='ocrx_word' id='word_1_16' title='bbox 1355 480 1696 538; x_wconf 71' lang='lat' dir='ltr'><strong>retraxerunt,</strong></span> 
     </span>
    </p>
   </div>
   <div class='ocr_carea' id='block_1_3' title="bbox 80 560 1698 634">
    <p class='ocr_par' dir='ltr' id='par_1_3' title="bbox 80 560 1698 634">
     <span class='ocr_line' id='line_1_3' title="bbox 80 560 1698 634; baseline 0.004 -21"><span class='ocrx_word' id='word_1_17' title='bbox 80 564 157 614; x_wconf 84' lang='lat' dir='ltr'><strong>ad</strong></span> <span class='ocrx_word' id='word_1_18' title='bbox 190 572 410 616; x_wconf 89' lang='lat' dir='ltr'><strong>matrem</strong></span> <span class='ocrx_word' id='word_1_19' title='bbox 442 561 728 617; x_wconf 85' lang='lat' dir='ltr'><strong>Ecclesiam</strong></span> <span class='ocrx_word' id='word_1_20' title='bbox 777 560 944 617; x_wconf 87' lang='lat' dir='ltr'><strong>redire</strong></span> <span class='ocrx_word' id='word_1_21' title='bbox 988 561 1330 634; x_wconf 72' lang='lat' dir='ltr'><strong>permisimus.</strong></span> <span class='ocrx_word' id='word_1_22' title='bbox 1376 561 1486 618; x_wconf 85' lang='lat' dir='ltr'><strong>Hos</strong></span> <span class='ocrx_word' id='word_1_23' title='bbox 1520 563 1698 619; x_wconf 84' lang='lat' dir='ltr'><strong>cernis</strong></span> 
     </span>
    </p>
   </div>
   <div class='ocr_carea' id='block_1_4' title="bbox 79 653 1700 725">
    <p class='ocr_par' dir='ltr' id='par_1_4' title="bbox 79 653 1700 725">
     <span class='ocr_line' id='line_1_4' title="bbox 79 653 1700 725; baseline 0.001 -15"><span class='ocrx_word' id='word_1_24' title='bbox 79 653 555 725; x_wconf 82' lang='lat' dir='ltr'><strong>quemadmodum</strong></span> <span class='ocrx_word' id='word_1_25' title='bbox 599 668 706 710; x_wconf 90' lang='lat' dir='ltr'><strong>non</strong></span> <span class='ocrx_word' id='word_1_26' title='bbox 745 653 925 710; x_wconf 88' lang='lat' dir='ltr'><strong>dicant</strong></span> <span class='ocrx_word' id='word_1_27' title='bbox 947 667 1068 710; x_wconf 87' lang='lat' dir='ltr'><strong>esse</strong></span> <span class='ocrx_word' id='word_1_28' title='bbox 1091 653 1392 720; x_wconf 89' lang='lat' dir='ltr'><strong>damnatos,</strong></span> <span class='ocrx_word' id='word_1_29' title='bbox 1434 654 1530 712; x_wconf 84' lang='lat' dir='ltr'><strong>sed</strong></span> <span class='ocrx_word' id='word_1_30' title='bbox 1572 663 1700 712; x_wconf 89' lang='lat' dir='ltr'><strong>tunc</strong></span> 
     </span>
    </p>
   </div>
   <div class='ocr_carea' id='block_1_5' title="bbox 78 745 1698 815">
    <p class='ocr_par' dir='ltr' id='par_1_5' title="bbox 78 745 1698 815">
     <span class='ocr_line' id='line_1_5' title="bbox 78 745 1698 815; baseline 0.001 -14"><span class='ocrx_word' id='word_1_31' title='bbox 78 746 286 803; x_wconf 83' lang='lat' dir='ltr'><strong>eadem</strong></span> <span class='ocrx_word' id='word_1_32' title='bbox 314 745 677 803; x_wconf 87' lang='lat' dir='ltr'><strong>damnationis</strong></span> <span class='ocrx_word' id='word_1_33' title='bbox 705 746 969 804; x_wconf 74' lang='lat' dir='ltr'><strong>sententia</strong></span> <span class='ocrx_word' id='word_1_34' title='bbox 998 746 1329 815; x_wconf 88' lang='lat' dir='ltr'><strong>retinendos,</strong></span> <span class='ocrx_word' id='word_1_35' title='bbox 1357 747 1402 803; x_wconf 90' lang='lat' dir='ltr'><strong>si</strong></span> <span class='ocrx_word' id='word_1_36' title='bbox 1429 757 1698 805; x_wconf 88' lang='lat' dir='ltr'><strong>transacto</strong></span> 
     </span>
    </p>
   </div>
   <div class='ocr_carea' id='block_1_6' title="bbox 80 837 1696 908">
    <p class='ocr_par' dir='ltr' id='par_1_6' title="bbox 80 837 1696 908">
     <span class='ocr_line' id='line_1_6' title="bbox 80 837 1696 908; baseline 0.001 -14"><span class='ocrx_word' id='word_1_37' title='bbox 80 837 180 894; x_wconf 85' lang='lat' dir='ltr'><strong>die</strong></span> <span class='ocrx_word' id='word_1_38' title='bbox 215 839 534 906; x_wconf 89' lang='lat' dir='ltr'><strong>constituto,</strong></span> <span class='ocrx_word' id='word_1_39' title='bbox 559 837 737 896; x_wconf 87' lang='lat' dir='ltr'><strong>redire</strong></span> <span class='ocrx_word' id='word_1_40' title='bbox 766 837 1053 894; x_wconf 89' lang='lat' dir='ltr'><strong>noluerint.</strong></span> <span class='ocrx_word' id='word_1_41' title='bbox 1079 838 1250 908; x_wconf 83' lang='lat' dir='ltr'><strong>Quem</strong></span> <span class='ocrx_word' id='word_1_42' title='bbox 1276 838 1416 896; x_wconf 85' lang='lat' dir='ltr'><strong>diem</strong></span> <span class='ocrx_word' id='word_1_43' title='bbox 1447 839 1518 896; x_wconf 85' lang='lat' dir='ltr'><strong>ita</strong></span> <span class='ocrx_word' id='word_1_44' title='bbox 1560 855 1696 896; x_wconf 91' lang='lat' dir='ltr'><strong>cou-</strong></span> 
     </span>
    </p>
   </div>
   <div class='ocr_carea' id='block_1_7' title="bbox 77 931 1698 1006">
    <p class='ocr_par' dir='ltr' id='par_1_7' title="bbox 77 931 1698 1006">
     <span class='ocr_line' id='line_1_7' title="bbox 77 931 1698 1006; baseline 0.003 -20"><span class='ocrx_word' id='word_1_45' title='bbox 77 932 366 987; x_wconf 83' lang='lat' dir='ltr'><strong>stituunt:</strong></span> <span class='ocrx_word' id='word_1_46' title='bbox 393 933 466 986; x_wconf 86' lang='lat' dir='ltr'><strong>Ac</strong></span> <span class='ocrx_word' id='word_1_47' title='bbox 491 947 555 986; x_wconf 90' lang='lat' dir='ltr'><strong>ne</strong></span> <span class='ocrx_word' id='word_1_48' title='bbox 577 941 869 1004; x_wconf 87' lang='lat' dir='ltr'><strong>angustum,</strong></span> <span class='ocrx_word' id='word_1_49' title='bbox 907 931 1101 1003; x_wconf 91' lang='lat' dir='ltr'><strong>inquit,</strong></span> <span class='ocrx_word' id='word_1_50' title='bbox 1143 932 1469 988; x_wconf 77' lang='lat' dir='ltr'><strong>redeuntibus</strong></span> <span class='ocrx_word' id='word_1_51' title='bbox 1500 941 1698 1006; x_wconf 88' lang='lat' dir='ltr'><strong>tempus</strong></span> 
     </span>
    </p>
   </div>
   <div class='ocr_carea' id='block_1_8' title="bbox 77 1023 1695 1097">
    <p class='ocr_par' dir='ltr' id='par_1_8' title="bbox 77 1023 1695 1097">
     <span class='ocr_line' id='line_1_8' title="bbox 77 1023 1695 1097; baseline 0.001 -19"><span class='ocrx_word' id='word_1_52' title='bbox 77 1040 234 1092; x_wconf 78' lang='lat' dir='ltr'><strong>spent</strong></span> <span class='ocrx_word' id='word_1_53' title='bbox 260 1023 447 1078; x_wconf 88' lang='lat' dir='ltr'><strong>salutis</strong></span> <span class='ocrx_word' id='word_1_54' title='bbox 469 1033 678 1078; x_wconf 86' lang='lat' dir='ltr'><strong>arctatte</strong></span> <span class='ocrx_word' id='word_1_55' title='bbox 691 1023 792 1077; x_wconf 89' lang='lat' dir='ltr'><strong>diei</strong></span> <span class='ocrx_word' id='word_1_56' title='bbox 821 1039 1056 1093; x_wconf 87' lang='lat' dir='ltr'><strong>pressura</strong></span> <span class='ocrx_word' id='word_1_57' title='bbox 1081 1023 1348 1091; x_wconf 72' lang='lat' dir='ltr'><strong>subducat,</strong></span> <span class='ocrx_word' id='word_1_58' title='bbox 1373 1026 1695 1097; x_wconf 76' lang='lat' dir='ltr'><strong>agnoscenti-</strong></span> 
     </span>
    </p>
   </div>
   <div class='ocr_carea' id='block_1_9' title="bbox 77 1113 1693 1186">
    <p class='ocr_par' dir='ltr' id='par_1_9' title="bbox 77 1113 1693 1186">
     <span class='ocr_line' id='line_1_9' title="bbox 77 1113 1693 1186; baseline 0.001 -16"><span class='ocrx_word' id='word_1_59' title='bbox 77 1116 182 1170; x_wconf 71' lang='lat' dir='ltr'><strong>bus</strong></span> <span class='ocrx_word' id='word_1_60' title='bbox 235 1115 422 1185; x_wconf 78' lang='lat' dir='ltr'><strong>quibus</strong></span> <span class='ocrx_word' id='word_1_61' title='bbox 473 1113 610 1183; x_wconf 88' lang='lat' dir='ltr'><strong>licet,</strong></span> <span class='ocrx_word' id='word_1_62' title='bbox 656 1115 974 1170; x_wconf 88' lang='lat' dir='ltr'><strong>manentibus</strong></span> <span class='ocrx_word' id='word_1_63' title='bbox 1022 1115 1422 1186; x_wconf 82' lang='lat' dir='ltr'><strong>pracedentibus</strong></span> <span class='ocrx_word' id='word_1_64' title='bbox 1470 1117 1693 1183; x_wconf 87' lang='lat' dir='ltr'><strong>statutis,</strong></span> 
     </span>
    </p>
   </div>
   <div class='ocr_carea' id='block_1_10' title="bbox 77 1207 1694 1279">
    <p class='ocr_par' dir='ltr' id='par_1_10' title="bbox 77 1207 1694 1279">
     <span class='ocr_line' id='line_1_10' title="bbox 77 1207 1694 1279; baseline 0.001 -17"><span class='ocrx_word' id='word_1_65' title='bbox 77 1207 348 1264; x_wconf 83' lang='lat' dir='ltr'><strong>universis</strong></span> <span class='ocrx_word' id='word_1_66' title='bbox 367 1224 522 1279; x_wconf 84' lang='lat' dir='ltr'><strong>usque</strong></span> <span class='ocrx_word' id='word_1_67' title='bbox 535 1209 587 1262; x_wconf 88' lang='lat' dir='ltr'><strong>in</strong></span> <span class='ocrx_word' id='word_1_68' title='bbox 600 1207 734 1263; x_wconf 88' lang='lat' dir='ltr'><strong>diem</strong></span> <span class='ocrx_word' id='word_1_69' title='bbox 748 1216 978 1262; x_wconf 88' lang='lat' dir='ltr'><strong>octavum</strong></span> <span class='ocrx_word' id='word_1_70' title='bbox 997 1207 1322 1263; x_wconf 80' lang='lat' dir='ltr'><strong>colendarum</strong></span> <span class='ocrx_word' id='word_1_71' title='bbox 1331 1209 1694 1278; x_wconf 87' lang='lat' dir='ltr'><strong>januariarum</strong></span> 
     </span>
    </p>
   </div>
   <div class='ocr_carea' id='block_1_11' title="bbox 78 1300 1698 1374">
    <p class='ocr_par' dir='ltr' id='par_1_11' title="bbox 78 1300 1698 1374">
     <span class='ocr_line' id='line_1_11' title="bbox 78 1300 1698 1374; baseline -0.001 -18"><span class='ocrx_word' id='word_1_72' title='bbox 78 1302 328 1373; x_wconf 70' lang='lat' dir='ltr'><strong>proxime</strong></span> <span class='ocrx_word' id='word_1_73' title='bbox 357 1304 654 1374; x_wconf 76' lang='lat' dir='ltr'><strong>futurarum</strong></span> <span class='ocrx_word' id='word_1_74' title='bbox 681 1301 956 1372; x_wconf 80' lang='lat' dir='ltr'><strong>agnitionis</strong></span> <span class='ocrx_word' id='word_1_75' title='bbox 982 1300 1254 1372; x_wconf 87' lang='lat' dir='ltr'><strong>pandimus</strong></span> <span class='ocrx_word' id='word_1_76' title='bbox 1262 1317 1504 1372; x_wconf 54' lang='lat' dir='ltr'><strong>gantiam,</strong></span> <span class='ocrx_word' id='word_1_77' title='bbox 1535 1310 1590 1356; x_wconf 92' lang='lat' dir='ltr'><strong>ut</strong></span> <span class='ocrx_word' id='word_1_78' title='bbox 1615 1302 1698 1356; x_wconf 84' lang='lat' dir='ltr'><strong>in--</strong></span> 
     </span>
    </p>
   </div>
   <div class='ocr_carea' id='block_1_12' title="bbox 79 1392 1696 1467">
    <p class='ocr_par' dir='ltr' id='par_1_12' title="bbox 79 1392 1696 1467">
     <span class='ocr_line' id='line_1_12' title="bbox 79 1392 1696 1467; baseline -0.001 -17"><span class='ocrx_word' id='word_1_79' title='bbox 79 1396 216 1467; x_wconf 85' lang='lat' dir='ltr'><strong>tegri</strong></span> <span class='ocrx_word' id='word_1_80' title='bbox 239 1396 452 1450; x_wconf 79' lang='lat' dir='ltr'><strong>honoris</strong></span> <span class='ocrx_word' id='word_1_81' title='bbox 471 1411 532 1448; x_wconf 87' lang='lat' dir='ltr'><strong>ac</strong></span> <span class='ocrx_word' id='word_1_82' title='bbox 558 1394 680 1465; x_wconf 78' lang='lat' dir='ltr'><strong>ﬁdei</strong></span> <span class='ocrx_word' id='word_1_83' title='bbox 694 1394 908 1465; x_wconf 81' lang='lat' dir='ltr'><strong>regressi</strong></span> <span class='ocrx_word' id='word_1_84' title='bbox 922 1392 1137 1447; x_wconf 82' lang='lat' dir='ltr'><strong>habeant</strong></span> <span class='ocrx_word' id='word_1_85' title='bbox 1153 1393 1489 1463; x_wconf 86' lang='lat' dir='ltr'><strong>fundamenta</strong></span> <span class='ocrx_word' id='word_1_86' title='bbox 1506 1408 1527 1449; x_wconf 88' lang='lat'><strong><em>:</em></strong></span> <span class='ocrx_word' id='word_1_87' title='bbox 1543 1409 1696 1464; x_wconf 86' lang='lat' dir='ltr'><strong>quam</strong></span> 
     </span>
    </p>
   </div>
   <div class='ocr_carea' id='block_1_13' title="bbox 79 1485 1696 1558">
    <p class='ocr_par' dir='ltr' id='par_1_13' title="bbox 79 1485 1696 1558">
     <span class='ocr_line' id='line_1_13' title="bbox 79 1485 1696 1558; baseline 0 -17"><span class='ocrx_word' id='word_1_88' title='bbox 79 1489 126 1541; x_wconf 85' lang='lat' dir='ltr'><strong>si</strong></span> <span class='ocrx_word' id='word_1_89' title='bbox 157 1487 440 1558; x_wconf 82' lang='lat' dir='ltr'><strong>quisquam</strong></span> <span class='ocrx_word' id='word_1_90' title='bbox 468 1485 666 1558; x_wconf 84' lang='lat' dir='ltr'><strong>ingredi</strong></span> <span class='ocrx_word' id='word_1_91' title='bbox 700 1485 972 1557; x_wconf 80' lang='lat' dir='ltr'><strong>nequith</strong></span> <span class='ocrx_word' id='word_1_92' title='bbox 1011 1485 1161 1556; x_wconf 86' lang='lat' dir='ltr'><strong>pigra</strong></span> <span class='ocrx_word' id='word_1_93' title='bbox 1186 1485 1420 1556; x_wconf 85' lang='lat' dir='ltr'><strong>segnitia,</strong></span> <span class='ocrx_word' id='word_1_94' title='bbox 1447 1485 1572 1539; x_wconf 83' lang='lat' dir='ltr'><strong>sciat</strong></span> <span class='ocrx_word' id='word_1_95' title='bbox 1600 1485 1696 1541; x_wconf 89' lang='lat' dir='ltr'><strong>sibi</strong></span> 
     </span>
    </p>
   </div>
   <div class='ocr_carea' id='block_1_14' title="bbox 79 1574 1696 1636">
    <p class='ocr_par' dir='ltr' id='par_1_14' title="bbox 79 1574 1696 1636">
     <span class='ocr_line' id='line_1_14' title="bbox 79 1574 1696 1636; baseline -0.001 -2"><span class='ocrx_word' id='word_1_96' title='bbox 79 1581 154 1635; x_wconf 87' lang='lat' dir='ltr'><strong>ad</strong></span> <span class='ocrx_word' id='word_1_97' title='bbox 181 1597 369 1636; x_wconf 83' lang='lat' dir='ltr'><strong>onmes</strong></span> <span class='ocrx_word' id='word_1_98' title='bbox 403 1579 624 1635; x_wconf 86' lang='lat' dir='ltr'><strong>veniales</strong></span> <span class='ocrx_word' id='word_1_99' title='bbox 657 1578 828 1633; x_wconf 86' lang='lat' dir='ltr'><strong>aditus</strong></span> <span class='ocrx_word' id='word_1_100' title='bbox 855 1594 948 1632; x_wconf 86' lang='lat' dir='ltr'><strong>sua</strong></span> <span class='ocrx_word' id='word_1_101' title='bbox 982 1574 1238 1632; x_wconf 85' lang='lat' dir='ltr'><strong>voluntate</strong></span> <span class='ocrx_word' id='word_1_102' title='bbox 1261 1575 1394 1631; x_wconf 90' lang='lat' dir='ltr'><strong>viam</strong></span> <span class='ocrx_word' id='word_1_103' title='bbox 1433 1593 1541 1632; x_wconf 88' lang='lat' dir='ltr'><strong>esse</strong></span> <span class='ocrx_word' id='word_1_104' title='bbox 1584 1579 1696 1632; x_wconf 84' lang='lat' dir='ltr'><strong>sub-</strong></span> 
     </span>
    </p>
   </div>
   <div class='ocr_carea' id='block_1_15' title="bbox 78 1669 1694 1741">
    <p class='ocr_par' dir='ltr' id='par_1_15' title="bbox 78 1669 1694 1741">
     <span class='ocr_line' id='line_1_15' title="bbox 78 1669 1694 1741; baseline -0.004 -11"><span class='ocrx_word' id='word_1_105' title='bbox 78 1678 325 1730; x_wconf 83' lang='lat' dir='ltr'><strong>ductam.</strong></span> <span class='ocrx_word' id='word_1_106' title='bbox 356 1673 584 1729; x_wconf 81' lang='lat' dir='ltr'><strong>Manebit</strong></span> <span class='ocrx_word' id='word_1_107' title='bbox 605 1673 739 1727; x_wconf 88' lang='lat' dir='ltr'><strong>enim</strong></span> <span class='ocrx_word' id='word_1_108' title='bbox 764 1669 902 1725; x_wconf 91' lang='lat' dir='ltr'><strong>circa</strong></span> <span class='ocrx_word' id='word_1_109' title='bbox 926 1686 1013 1727; x_wconf 81' lang='lat' dir='ltr'><strong>eos</strong></span> <span class='ocrx_word' id='word_1_110' title='bbox 1034 1669 1170 1724; x_wconf 88' lang='lat' dir='ltr'><strong>dicta</strong></span> <span class='ocrx_word' id='word_1_111' title='bbox 1202 1669 1473 1738; x_wconf 88' lang='lat' dir='ltr'><strong>sententia,</strong></span> <span class='ocrx_word' id='word_1_112' title='bbox 1503 1678 1552 1726; x_wconf 93' lang='lat' dir='ltr'><strong>et</strong></span> <span class='ocrx_word' id='word_1_113' title='bbox 1579 1679 1694 1741; x_wconf 90' lang='lat' dir='ltr'><strong>post</strong></span> 
     </span>
    </p>
   </div>
   <div class='ocr_carea' id='block_1_16' title="bbox 80 1759 1422 1840">
    <p class='ocr_par' dir='ltr' id='par_1_16' title="bbox 80 1759 1422 1840">
     <span class='ocr_line' id='line_1_16' title="bbox 80 1759 1422 1840; baseline -0.005 -18"><span class='ocrx_word' id='word_1_114' title='bbox 80 1768 439 1840; x_wconf 87' lang='lat' dir='ltr'><strong>prastitutum</strong></span> <span class='ocrx_word' id='word_1_115' title='bbox 463 1766 596 1819; x_wconf 88' lang='lat' dir='ltr'><strong>diem</strong></span> <span class='ocrx_word' id='word_1_116' title='bbox 623 1761 949 1819; x_wconf 80' lang='lat' dir='ltr'><strong>redeuntibus</strong></span> <span class='ocrx_word' id='word_1_117' title='bbox 976 1762 1084 1832; x_wconf 73' lang='lat' dir='ltr'><strong>fixa</strong></span> <span class='ocrx_word' id='word_1_118' title='bbox 1109 1759 1422 1833; x_wconf 88' lang='lat' dir='ltr'><strong>panitentia.</strong></span> 
     </span>
    </p>
   </div>
   <div class='ocr_carea' id='block_1_17' title="bbox 156 1850 1694 1923">
    <p class='ocr_par' dir='ltr' id='par_1_17' title="bbox 156 1850 1694 1923">
     <span class='ocr_line' id='line_1_17' title="bbox 156 1850 1694 1923; baseline -0.005 -9"><span class='ocrx_word' id='word_1_119' title='bbox 156 1855 398 1914; x_wconf 82' lang='lat' dir='ltr'><strong>CAPUT</strong></span> <span class='ocrx_word' id='word_1_120' title='bbox 427 1854 538 1910; x_wconf 84' lang='lat' dir='ltr'><strong>LV.</strong></span> <span class='ocrx_word' id='word_1_121' title='bbox 576 1883 649 1894; x_wconf 89' lang='lat'><strong><em>—</em></strong></span> <span class='ocrx_word' id='word_1_122' title='bbox 668 1852 757 1910; x_wconf 74' lang='lat' dir='ltr'><strong>6i.</strong></span> <span class='ocrx_word' id='word_1_123' title='bbox 783 1851 945 1909; x_wconf 80' lang='lat' dir='ltr'><strong>Certe</strong></span> <span class='ocrx_word' id='word_1_124' title='bbox 974 1851 1088 1923; x_wconf 87' lang='lat' dir='ltr'><strong>jam</strong></span> <span class='ocrx_word' id='word_1_125' title='bbox 1112 1851 1391 1923; x_wconf 86' lang='lat' dir='ltr'><strong>perspicis,</strong></span> <span class='ocrx_word' id='word_1_126' title='bbox 1418 1850 1500 1908; x_wconf 89' lang='lat' dir='ltr'><strong>vir</strong></span> <span class='ocrx_word' id='word_1_127' title='bbox 1516 1850 1694 1909; x_wconf 82' lang='lat' dir='ltr'><strong>diser-</strong></span> 
     </span>
    </p>
   </div>
   <div class='ocr_carea' id='block_1_18' title="bbox 82 1942 1691 2018">
    <p class='ocr_par' dir='ltr' id='par_1_18' title="bbox 82 1942 1691 2018">
     <span class='ocr_line' id='line_1_18' title="bbox 82 1942 1691 2018; baseline -0.004 -12"><span class='ocrx_word' id='word_1_128' title='bbox 82 1951 326 2013; x_wconf 85' lang='lat' dir='ltr'><strong>tissime,</strong></span> <span class='ocrx_word' id='word_1_129' title='bbox 351 1949 402 2003; x_wconf 88' lang='lat' dir='ltr'><strong>in</strong></span> <span class='ocrx_word' id='word_1_130' title='bbox 432 1947 550 2003; x_wconf 88' lang='lat' dir='ltr'><strong>illos</strong></span> <span class='ocrx_word' id='word_1_131' title='bbox 576 1956 628 2002; x_wconf 91' lang='lat' dir='ltr'><strong>te</strong></span> <span class='ocrx_word' id='word_1_132' title='bbox 643 1945 841 2018; x_wconf 87' lang='lat' dir='ltr'><strong>potius,</strong></span> <span class='ocrx_word' id='word_1_133' title='bbox 861 1959 890 2000; x_wconf 90' lang='lat' dir='ltr'><strong>a</strong></span> <span class='ocrx_word' id='word_1_134' title='bbox 913 1943 1108 2016; x_wconf 86' lang='lat' dir='ltr'><strong>quibus</strong></span> <span class='ocrx_word' id='word_1_135' title='bbox 1122 1943 1457 2000; x_wconf 87' lang='lat' dir='ltr'><strong>mendacium</strong></span> <span class='ocrx_word' id='word_1_136' title='bbox 1475 1942 1691 2014; x_wconf 87' lang='lat' dir='ltr'><strong>audisti,</strong></span> 
     </span>
    </p>
   </div>
   <div class='ocr_carea' id='block_1_19' title="bbox 80 2036 1692 2112">
    <p class='ocr_par' dir='ltr' id='par_1_19' title="bbox 80 2036 1692 2112">
     <span class='ocr_line' id='line_1_19' title="bbox 80 2036 1692 2112; baseline -0.004 -13"><span class='ocrx_word' id='word_1_137' title='bbox 80 2043 275 2100; x_wconf 87' lang='lat' dir='ltr'><strong>omnia</strong></span> <span class='ocrx_word' id='word_1_138' title='bbox 298 2050 614 2112; x_wconf 83' lang='lat' dir='ltr'><strong>retorquere</strong></span> <span class='ocrx_word' id='word_1_139' title='bbox 634 2036 854 2106; x_wconf 85' lang='lat' dir='ltr'><strong>debere,</strong></span> <span class='ocrx_word' id='word_1_140' title='bbox 885 2052 1006 2110; x_wconf 73' lang='lat' dir='ltr'><strong>qua</strong></span> <span class='ocrx_word' id='word_1_141' title='bbox 1028 2037 1084 2092; x_wconf 91' lang='lat' dir='ltr'><strong>in</strong></span> <span class='ocrx_word' id='word_1_142' title='bbox 1112 2051 1231 2105; x_wconf 87' lang='lat' dir='ltr'><strong>nos,</strong></span> <span class='ocrx_word' id='word_1_143' title='bbox 1261 2046 1511 2108; x_wconf 87' lang='lat' dir='ltr'><strong>tanquam</strong></span> <span class='ocrx_word' id='word_1_144' title='bbox 1537 2051 1692 2093; x_wconf 87' lang='lat' dir='ltr'><strong>men-</strong></span> 
     </span>
    </p>
   </div>
   <div class='ocr_carea' id='block_1_20' title="bbox 83 2129 1692 2200">
    <p class='ocr_par' dir='ltr' id='par_1_20' title="bbox 83 2129 1692 2200">
     <span class='ocr_line' id='line_1_20' title="bbox 83 2129 1692 2200; baseline -0.004 -7"><span class='ocrx_word' id='word_1_145' title='bbox 83 2139 166 2194; x_wconf 86' lang='lat' dir='ltr'><strong>titi</strong></span> <span class='ocrx_word' id='word_1_146' title='bbox 199 2137 277 2193; x_wconf 89' lang='lat' dir='ltr'><strong>de</strong></span> <span class='ocrx_word' id='word_1_147' title='bbox 306 2137 410 2191; x_wconf 90' lang='lat' dir='ltr'><strong>hac</strong></span> <span class='ocrx_word' id='word_1_148' title='bbox 438 2151 499 2190; x_wconf 87' lang='lat' dir='ltr'><strong>re</strong></span> <span class='ocrx_word' id='word_1_149' title='bbox 526 2133 805 2200; x_wconf 83' lang='lat' dir='ltr'><strong>fuerimus,</strong></span> <span class='ocrx_word' id='word_1_150' title='bbox 841 2131 1069 2188; x_wconf 88' lang='lat' dir='ltr'><strong>dicenda</strong></span> <span class='ocrx_word' id='word_1_151' title='bbox 1090 2130 1382 2187; x_wconf 83' lang='lat' dir='ltr'><strong>arbitratus</strong></span> <span class='ocrx_word' id='word_1_152' title='bbox 1413 2144 1496 2186; x_wconf 90' lang='lat' dir='ltr'><strong>es.</strong></span> <span class='ocrx_word' id='word_1_153' title='bbox 1533 2129 1692 2186; x_wconf 88' lang='lat' dir='ltr'><strong>Certe</strong></span> 
     </span>
    </p>
   </div>
   <div class='ocr_carea' id='block_1_21' title="bbox 82 2223 1693 2302">
    <p class='ocr_par' dir='ltr' id='par_1_21' title="bbox 82 2223 1693 2302">
     <span class='ocr_line' id='line_1_21' title="bbox 82 2223 1693 2302; baseline -0.004 -16"><span class='ocrx_word' id='word_1_154' title='bbox 82 2229 358 2302; x_wconf 83' lang='lat' dir='ltr'><strong>perspicis</strong></span> <span class='ocrx_word' id='word_1_155' title='bbox 383 2227 504 2283; x_wconf 90' lang='lat' dir='ltr'><strong>illos</strong></span> <span class='ocrx_word' id='word_1_156' title='bbox 519 2225 676 2293; x_wconf 89' lang='lat' dir='ltr'><strong>duos,</strong></span> <span class='ocrx_word' id='word_1_157' title='bbox 702 2223 771 2280; x_wconf 86' lang='lat' dir='ltr'><strong>de</strong></span> <span class='ocrx_word' id='word_1_158' title='bbox 800 2223 994 2296; x_wconf 85' lang='lat' dir='ltr'><strong>quibus</strong></span> <span class='ocrx_word' id='word_1_159' title='bbox 1016 2224 1244 2296; x_wconf 80' lang='lat' dir='ltr'><strong>agimus,</strong></span> <span class='ocrx_word' id='word_1_160' title='bbox 1267 2239 1337 2280; x_wconf 87' lang='lat' dir='ltr'><strong>ex</strong></span> <span class='ocrx_word' id='word_1_161' title='bbox 1365 2237 1552 2279; x_wconf 89' lang='lat' dir='ltr'><strong>eorum</strong></span> <span class='ocrx_word' id='word_1_162' title='bbox 1571 2237 1693 2280; x_wconf 86' lang='lat' dir='ltr'><strong>esse</strong></span> 
     </span>
    </p>
   </div>
   <div class='ocr_carea' id='block_1_22' title="bbox 81 2313 1692 2390">
    <p class='ocr_par' dir='ltr' id='par_1_22' title="bbox 81 2313 1692 2390">
     <span class='ocr_line' id='line_1_22' title="bbox 81 2313 1692 2390; baseline -0.005 -12"><span class='ocrx_word' id='word_1_163' title='bbox 81 2335 350 2388; x_wconf 87' lang='lat' dir='ltr'><strong>numero,</strong></span> <span class='ocrx_word' id='word_1_164' title='bbox 378 2319 470 2390; x_wconf 88' lang='lat' dir='ltr'><strong>qui</strong></span> <span class='ocrx_word' id='word_1_165' title='bbox 495 2332 618 2374; x_wconf 90' lang='lat' dir='ltr'><strong>cum</strong></span> <span class='ocrx_word' id='word_1_166' title='bbox 637 2314 960 2372; x_wconf 80' lang='lat' dir='ltr'><strong>Maximiano</strong></span> <span class='ocrx_word' id='word_1_167' title='bbox 980 2313 1267 2370; x_wconf 88' lang='lat' dir='ltr'><strong>duodecim</strong></span> <span class='ocrx_word' id='word_1_168' title='bbox 1295 2313 1414 2371; x_wconf 82' lang='lat' dir='ltr'><strong>sine</strong></span> <span class='ocrx_word' id='word_1_169' title='bbox 1433 2313 1692 2370; x_wconf 86' lang='lat' dir='ltr'><strong>dilatione</strong></span> 
     </span>
    </p>
   </div>
   <div class='ocr_carea' id='block_1_23' title="bbox 84 2406 1692 2481">
    <p class='ocr_par' dir='ltr' id='par_1_23' title="bbox 84 2406 1692 2481">
     <span class='ocr_line' id='line_1_23' title="bbox 84 2406 1692 2481; baseline -0.006 -9"><span class='ocrx_word' id='word_1_170' title='bbox 84 2414 338 2472; x_wconf 84' lang='lat' dir='ltr'><strong>damnati</strong></span> <span class='ocrx_word' id='word_1_171' title='bbox 362 2421 508 2481; x_wconf 88' lang='lat' dir='ltr'><strong>sunt,</strong></span> <span class='ocrx_word' id='word_1_172' title='bbox 539 2425 646 2467; x_wconf 92' lang='lat' dir='ltr'><strong>non</strong></span> <span class='ocrx_word' id='word_1_173' title='bbox 675 2425 745 2467; x_wconf 88' lang='lat' dir='ltr'><strong>ex</strong></span> <span class='ocrx_word' id='word_1_174' title='bbox 772 2423 962 2466; x_wconf 88' lang='lat' dir='ltr'><strong>eorum</strong></span> <span class='ocrx_word' id='word_1_175' title='bbox 990 2406 1186 2479; x_wconf 89' lang='lat' dir='ltr'><strong>quibus</strong></span> <span class='ocrx_word' id='word_1_176' title='bbox 1207 2406 1464 2462; x_wconf 89' lang='lat' dir='ltr'><strong>redeundi</strong></span> <span class='ocrx_word' id='word_1_177' title='bbox 1483 2416 1692 2478; x_wconf 89' lang='lat' dir='ltr'><strong>tempus</strong></span> 
     </span>
    </p>
   </div>
   <div class='ocr_carea' id='block_1_24' title="bbox 84 2500 1690 2576">
    <p class='ocr_par' dir='ltr' id='par_1_24' title="bbox 84 2500 1690 2576">
     <span class='ocr_line' id='line_1_24' title="bbox 84 2500 1690 2576; baseline -0.007 -10"><span class='ocrx_word' id='word_1_178' title='bbox 84 2509 366 2567; x_wconf 88' lang='lat' dir='ltr'><strong>indultum</strong></span> <span class='ocrx_word' id='word_1_179' title='bbox 391 2514 494 2562; x_wconf 88' lang='lat' dir='ltr'><strong>est.</strong></span> <span class='ocrx_word' id='word_1_180' title='bbox 518 2505 677 2561; x_wconf 85' lang='lat' dir='ltr'><strong>Certe</strong></span> <span class='ocrx_word' id='word_1_181' title='bbox 704 2503 893 2576; x_wconf 79' lang='lat' dir='ltr'><strong>liquet,</strong></span> <span class='ocrx_word' id='word_1_182' title='bbox 924 2502 1113 2570; x_wconf 90' lang='lat' dir='ltr'><strong>claret,</strong></span> <span class='ocrx_word' id='word_1_183' title='bbox 1159 2511 1214 2558; x_wconf 91' lang='lat' dir='ltr'><strong>et</strong></span> <span class='ocrx_word' id='word_1_184' title='bbox 1241 2501 1537 2568; x_wconf 72' lang='lat' dir='ltr'><strong>cernitur‘,</strong></span> <span class='ocrx_word' id='word_1_185' title='bbox 1587 2500 1690 2556; x_wconf 91' lang='lat' dir='ltr'><strong>ob-</strong></span> 
     </span>
    </p>
   </div>
   <div class='ocr_carea' id='block_1_25' title="bbox 85 2591 1692 2669">
    <p class='ocr_par' dir='ltr' id='par_1_25' title="bbox 85 2591 1692 2669">
     <span class='ocr_line' id='line_1_25' title="bbox 85 2591 1692 2669; baseline -0.006 -12"><span class='ocrx_word' id='word_1_186' title='bbox 85 2599 328 2667; x_wconf 81' lang='lat' dir='ltr'><strong>scurari,</strong></span> <span class='ocrx_word' id='word_1_187' title='bbox 359 2595 542 2669; x_wconf 81' lang='lat' dir='ltr'><strong>obtegi</strong></span> <span class='ocrx_word' id='word_1_188' title='bbox 563 2595 712 2652; x_wconf 92' lang='lat' dir='ltr'><strong>nullo</strong></span> <span class='ocrx_word' id='word_1_189' title='bbox 731 2593 896 2651; x_wconf 84' lang='lat' dir='ltr'><strong>modo</strong></span> <span class='ocrx_word' id='word_1_190' title='bbox 927 2601 1124 2665; x_wconf 85' lang='lat' dir='ltr'><strong>potest,</strong></span> <span class='ocrx_word' id='word_1_191' title='bbox 1165 2600 1362 2663; x_wconf 87' lang='lat' dir='ltr'><strong>quanta</strong></span> <span class='ocrx_word' id='word_1_192' title='bbox 1388 2591 1692 2661; x_wconf 87' lang='lat' dir='ltr'><strong>eloquentia</strong></span> 
     </span>
    </p>
   </div>
   <div class='ocr_carea' id='block_1_26' title="bbox 87 2683 1688 2762">
    <p class='ocr_par' dir='ltr' id='par_1_26' title="bbox 87 2683 1688 2762">
     <span class='ocr_line' id='line_1_26' title="bbox 87 2683 1688 2762; baseline -0.006 -14"><span class='ocrx_word' id='word_1_193' title='bbox 87 2693 135 2748; x_wconf 90' lang='lat' dir='ltr'><strong>is</strong></span> <span class='ocrx_word' id='word_1_194' title='bbox 157 2707 191 2746; x_wconf 91' lang='lat' dir='ltr'><strong>a</strong></span> <span class='ocrx_word' id='word_1_195' title='bbox 223 2705 336 2762; x_wconf 90' lang='lat' dir='ltr'><strong>quo</strong></span> <span class='ocrx_word' id='word_1_196' title='bbox 364 2687 636 2746; x_wconf 86' lang='lat' dir='ltr'><strong>sententia</strong></span> <span class='ocrx_word' id='word_1_197' title='bbox 663 2685 754 2742; x_wconf 89' lang='lat' dir='ltr'><strong>illa</strong></span> <span class='ocrx_word' id='word_1_198' title='bbox 778 2685 919 2742; x_wconf 89' lang='lat' dir='ltr'><strong>dicta</strong></span> <span class='ocrx_word' id='word_1_199' title='bbox 947 2693 1051 2750; x_wconf 88' lang='lat' dir='ltr'><strong>est,</strong></span> <span class='ocrx_word' id='word_1_200' title='bbox 1086 2683 1362 2751; x_wconf 83' lang='lat' dir='ltr'><strong>discrevit,</strong></span> <span class='ocrx_word' id='word_1_201' title='bbox 1385 2683 1688 2750; x_wconf 83' lang='lat' dir='ltr'><strong>illustravit,</strong></span> 
     </span>
    </p>
   </div>
   <div class='ocr_carea' id='block_1_27' title="bbox 87 2773 1690 2854">
    <p class='ocr_par' dir='ltr' id='par_1_27' title="bbox 87 2773 1690 2854">
     <span class='ocr_line' id='line_1_27' title="bbox 87 2773 1690 2854; baseline -0.007 -14"><span class='ocrx_word' id='word_1_202' title='bbox 87 2781 385 2854; x_wconf 78' lang='lat' dir='ltr'><strong>expressit.</strong></span> <span class='ocrx_word' id='word_1_203' title='bbox 415 2779 522 2836; x_wconf 86' lang='lat' dir='ltr'><strong>Cur</strong></span> <span class='ocrx_word' id='word_1_204' title='bbox 557 2777 720 2834; x_wconf 86' lang='lat' dir='ltr'><strong>verba</strong></span> <span class='ocrx_word' id='word_1_205' title='bbox 759 2775 935 2832; x_wconf 88' lang='lat' dir='ltr'><strong>adhuc</strong></span> <span class='ocrx_word' id='word_1_206' title='bbox 957 2775 1192 2832; x_wconf 80' lang='lat' dir='ltr'><strong>dantur?</strong></span> <span class='ocrx_word' id='word_1_207' title='bbox 1211 2773 1321 2830; x_wconf 91' lang='lat' dir='ltr'><strong>Cur</strong></span> <span class='ocrx_word' id='word_1_208' title='bbox 1339 2783 1526 2830; x_wconf 87' lang='lat' dir='ltr'><strong>contra</strong></span> <span class='ocrx_word' id='word_1_209' title='bbox 1554 2773 1690 2830; x_wconf 86' lang='lat' dir='ltr'><strong>luci-</strong></span> 
     </span>
    </p>
   </div>
   <div class='ocr_carea' id='block_1_28' title="bbox 87 2864 1693 2941">
    <p class='ocr_par' dir='ltr' id='par_1_28' title="bbox 87 2864 1693 2941">
     <span class='ocr_line' id='line_1_28' title="bbox 87 2864 1693 2941; baseline -0.005 -11"><span class='ocrx_word' id='word_1_210' title='bbox 87 2874 376 2930; x_wconf 79' lang='lat' dir='ltr'><strong>dissimam</strong></span> <span class='ocrx_word' id='word_1_211' title='bbox 405 2869 684 2928; x_wconf 83' lang='lat' dir='ltr'><strong>veritatem</strong></span> <span class='ocrx_word' id='word_1_212' title='bbox 702 2883 802 2941; x_wconf 90' lang='lat' dir='ltr'><strong>pro</strong></span> <span class='ocrx_word' id='word_1_213' title='bbox 823 2867 1108 2924; x_wconf 82' lang='lat' dir='ltr'><strong>manifesto</strong></span> <span class='ocrx_word' id='word_1_214' title='bbox 1119 2880 1301 2922; x_wconf 86' lang='lat' dir='ltr'><strong>errore</strong></span> <span class='ocrx_word' id='word_1_215' title='bbox 1315 2864 1652 2922; x_wconf 86' lang='lat' dir='ltr'><strong>contenditur</strong></span> <span class='ocrx_word' id='word_1_216' title='bbox 1666 2864 1693 2922; x_wconf 82' lang='lat' dir='ltr'><strong>‘I</strong></span> 
     </span>
    </p>
   </div>
   <div class='ocr_carea' id='block_1_29' title="bbox 87 2957 1690 3034">
    <p class='ocr_par' dir='ltr' id='par_1_29' title="bbox 87 2957 1690 3034">
     <span class='ocr_line' id='line_1_29' title="bbox 87 2957 1690 3034; baseline -0.005 -11"><span class='ocrx_word' id='word_1_217' title='bbox 87 2967 204 3023; x_wconf 88' lang='lat' dir='ltr'><strong>Cur</strong></span> <span class='ocrx_word' id='word_1_218' title='bbox 235 2965 484 3022; x_wconf 83' lang='lat' dir='ltr'><strong>homines</strong></span> <span class='ocrx_word' id='word_1_219' title='bbox 515 2978 576 3020; x_wconf 86' lang='lat' dir='ltr'><strong>se</strong></span> <span class='ocrx_word' id='word_1_220' title='bbox 617 2963 764 3034; x_wconf 86' lang='lat' dir='ltr'><strong>ipsos</strong></span> <span class='ocrx_word' id='word_1_221' title='bbox 799 2960 1109 3032; x_wconf 86' lang='lat' dir='ltr'><strong>decipiunt?</strong></span> <span class='ocrx_word' id='word_1_222' title='bbox 1145 2959 1202 3017; x_wconf 92' lang='lat' dir='ltr'><strong>Si</strong></span> <span class='ocrx_word' id='word_1_223' title='bbox 1228 2959 1448 3030; x_wconf 87' lang='lat' dir='ltr'><strong>laqueos</strong></span> <span class='ocrx_word' id='word_1_224' title='bbox 1468 2957 1690 3029; x_wconf 88' lang='lat' dir='ltr'><strong>diaboli,</strong></span> 
     </span>
    </p>
   </div>
   <div class='ocr_carea' id='block_1_30' title="bbox 89 3051 1692 3132">
    <p class='ocr_par' dir='ltr' id='par_1_30' title="bbox 89 3051 1692 3132">
     <span class='ocr_line' id='line_1_30' title="bbox 89 3051 1692 3132; baseline -0.005 -16"><span class='ocrx_word' id='word_1_225' title='bbox 89 3074 238 3132; x_wconf 82' lang='lat' dir='ltr'><strong>quos</strong></span> <span class='ocrx_word' id='word_1_226' title='bbox 289 3057 563 3115; x_wconf 87' lang='lat' dir='ltr'><strong>resolvere</strong></span> <span class='ocrx_word' id='word_1_227' title='bbox 620 3063 784 3126; x_wconf 88' lang='lat' dir='ltr'><strong>atque</strong></span> <span class='ocrx_word' id='word_1_228' title='bbox 837 3053 1159 3125; x_wconf 76' lang='lat' dir='ltr'><strong>abrumpere</strong></span> <span class='ocrx_word' id='word_1_229' title='bbox 1212 3051 1509 3121; x_wconf 89' lang='lat' dir='ltr'><strong>deberent,</strong></span> <span class='ocrx_word' id='word_1_230' title='bbox 1561 3066 1692 3109; x_wconf 86' lang='lat' dir='ltr'><strong>con-</strong></span> 
     </span>
    </p>
   </div>
   <div class='ocr_carea' id='block_1_31' title="bbox 91 3143 1694 3222">
    <p class='ocr_par' dir='ltr' id='par_1_31' title="bbox 91 3143 1694 3222">
     <span class='ocr_line' id='line_1_31' title="bbox 91 3143 1694 3222; baseline -0.006 -12"><span class='ocrx_word' id='word_1_231' title='bbox 91 3152 342 3210; x_wconf 87' lang='lat' dir='ltr'><strong>strictius</strong></span> <span class='ocrx_word' id='word_1_232' title='bbox 363 3150 638 3222; x_wconf 85' lang='lat' dir='ltr'><strong>implicant</strong></span> <span class='ocrx_word' id='word_1_233' title='bbox 660 3157 717 3204; x_wconf 91' lang='lat' dir='ltr'><strong>et</strong></span> <span class='ocrx_word' id='word_1_234' title='bbox 757 3145 1082 3212; x_wconf 85' lang='lat' dir='ltr'><strong>obvolvunt;</strong></span> <span class='ocrx_word' id='word_1_235' title='bbox 1113 3143 1290 3200; x_wconf 89' lang='lat' dir='ltr'><strong>adhuc</strong></span> <span class='ocrx_word' id='word_1_236' title='bbox 1335 3144 1518 3217; x_wconf 87' lang='lat' dir='ltr'><strong>accipe</strong></span> <span class='ocrx_word' id='word_1_237' title='bbox 1549 3143 1694 3202; x_wconf 78' lang='lat' dir='ltr'><strong>unde</strong></span> 
     </span>
    </p>
   </div>
   <div class='ocr_carea' id='block_1_32' title="bbox 93 3236 1695 3310">
    <p class='ocr_par' dir='ltr' id='par_1_32' title="bbox 93 3236 1695 3310">
     <span class='ocr_line' id='line_1_32' title="bbox 93 3236 1695 3310; baseline -0.004 -10"><span class='ocrx_word' id='word_1_238' title='bbox 93 3243 502 3309; x_wconf 82' lang='lat' dir='ltr'><strong>vehementius,</strong></span> <span class='ocrx_word' id='word_1_239' title='bbox 531 3250 587 3298; x_wconf 87' lang='lat' dir='ltr'><strong>et</strong></span> <span class='ocrx_word' id='word_1_240' title='bbox 620 3240 824 3298; x_wconf 84' lang='lat' dir='ltr'><strong>utinam</strong></span> <span class='ocrx_word' id='word_1_241' title='bbox 857 3253 982 3296; x_wconf 88' lang='lat' dir='ltr'><strong>cum</strong></span> <span class='ocrx_word' id='word_1_242' title='bbox 1005 3237 1184 3310; x_wconf 85' lang='lat' dir='ltr'><strong>aliquo</strong></span> <span class='ocrx_word' id='word_1_243' title='bbox 1207 3236 1384 3295; x_wconf 79' lang='lat' dir='ltr'><strong>fructu</strong></span> <span class='ocrx_word' id='word_1_244' title='bbox 1406 3237 1695 3296; x_wconf 85' lang='lat' dir='ltr'><strong>correctio-</strong></span> 
     </span>
    </p>
   </div>
   <div class='ocr_carea' id='block_1_33' title="bbox 92 3338 550 3396">
    <p class='ocr_par' dir='ltr' id='par_1_33' title="bbox 92 3338 550 3396">
     <span class='ocr_line' id='line_1_33' title="bbox 92 3338 550 3396; baseline -0.015 0"><span class='ocrx_word' id='word_1_245' title='bbox 92 3338 181 3396; x_wconf 87' lang='lat' dir='ltr'><strong>nis</strong></span> <span class='ocrx_word' id='word_1_246' title='bbox 211 3338 550 3395; x_wconf 85' lang='lat' dir='ltr'><strong>erubescant.</strong></span> 
     </span>
    </p>
   </div>
   <div class='ocr_carea' id='block_1_34' title="bbox 166 3422 1694 3495">
    <p class='ocr_par' dir='ltr' id='par_1_34' title="bbox 166 3422 1694 3495">
     <span class='ocr_line' id='line_1_34' title="bbox 166 3422 1694 3495; baseline -0.006 -6"><span class='ocrx_word' id='word_1_247' title='bbox 166 3429 401 3489; x_wconf 69' lang='lat' dir='ltr'><strong>CAPU&#39;I‘</strong></span> <span class='ocrx_word' id='word_1_248' title='bbox 420 3427 557 3486; x_wconf 88' lang='lat' dir='ltr'><strong>LVI.</strong></span> <span class='ocrx_word' id='word_1_249' title='bbox 591 3456 651 3468; x_wconf 91' lang='lat'><strong><em>—</em></strong></span> <span class='ocrx_word' id='word_1_250' title='bbox 672 3425 762 3484; x_wconf 75' lang='lat'><strong>62.</strong></span> <span class='ocrx_word' id='word_1_251' title='bbox 783 3424 842 3482; x_wconf 91' lang='lat' dir='ltr'><strong>In</strong></span> <span class='ocrx_word' id='word_1_252' title='bbox 857 3433 1156 3483; x_wconf 89' lang='lat' dir='ltr'><strong>memorato</strong></span> <span class='ocrx_word' id='word_1_253' title='bbox 1173 3423 1401 3481; x_wconf 90' lang='lat' dir='ltr'><strong>concilio</strong></span> <span class='ocrx_word' id='word_1_254' title='bbox 1416 3422 1694 3495; x_wconf 79' lang='lat' dir='ltr'><strong>Bagaiensi</strong></span> 
     </span>
    </p>
   </div>
   <div class='ocr_carea' id='block_1_35' title="bbox 80 3513 1694 3591">
    <p class='ocr_par' dir='ltr' id='par_1_35' title="bbox 80 3513 1694 3591">
     <span class='ocr_line' id='line_1_35' title="bbox 80 3513 1694 3591; baseline -0.005 -10"><span class='ocrx_word' id='word_1_255' title='bbox 80 3523 220 3591; x_wconf 79' lang='lat' dir='ltr'><strong>dies</strong></span> <span class='ocrx_word' id='word_1_256' title='bbox 244 3530 300 3580; x_wconf 88' lang='lat' dir='ltr'><strong>et</strong></span> <span class='ocrx_word' id='word_1_257' title='bbox 328 3519 518 3578; x_wconf 89' lang='lat' dir='ltr'><strong>consul</strong></span> <span class='ocrx_word' id='word_1_258' title='bbox 545 3518 847 3590; x_wconf 81' lang='lat' dir='ltr'><strong>adscriptas</strong></span> <span class='ocrx_word' id='word_1_259' title='bbox 873 3525 977 3585; x_wconf 89' lang='lat' dir='ltr'><strong>est,</strong></span> <span class='ocrx_word' id='word_1_260' title='bbox 1005 3530 1113 3573; x_wconf 89' lang='lat' dir='ltr'><strong>non</strong></span> <span class='ocrx_word' id='word_1_261' title='bbox 1159 3515 1332 3572; x_wconf 86' lang='lat' dir='ltr'><strong>solum</strong></span> <span class='ocrx_word' id='word_1_262' title='bbox 1369 3530 1477 3586; x_wconf 89' lang='lat' dir='ltr'><strong>quo</strong></span> <span class='ocrx_word' id='word_1_263' title='bbox 1504 3513 1694 3573; x_wconf 87' lang='lat' dir='ltr'><strong>decre-</strong></span> 
     </span>
    </p>
   </div>
   <div class='ocr_carea' id='block_1_36' title="bbox 97 3607 1698 3691">
    <p class='ocr_par' dir='ltr' id='par_1_36' title="bbox 97 3607 1698 3691">
     <span class='ocr_line' id='line_1_36' title="bbox 97 3607 1698 3691; baseline -0.007 -16"><span class='ocrx_word' id='word_1_264' title='bbox 97 3627 218 3675; x_wconf 87' lang='lat' dir='ltr'><strong>tum</strong></span> <span class='ocrx_word' id='word_1_265' title='bbox 251 3615 484 3691; x_wconf 79' lang='lat' dir='ltr'><strong>concilii</strong></span> <span class='ocrx_word' id='word_1_266' title='bbox 523 3613 797 3671; x_wconf 86' lang='lat' dir='ltr'><strong>conditum</strong></span> <span class='ocrx_word' id='word_1_267' title='bbox 840 3620 946 3680; x_wconf 88' lang='lat' dir='ltr'><strong>est,</strong></span> <span class='ocrx_word' id='word_1_268' title='bbox 990 3625 1180 3668; x_wconf 88' lang='lat' dir='ltr'><strong>verum</strong></span> <span class='ocrx_word' id='word_1_269' title='bbox 1220 3608 1382 3666; x_wconf 90' lang='lat' dir='ltr'><strong>etiam</strong></span> <span class='ocrx_word' id='word_1_270' title='bbox 1425 3607 1590 3679; x_wconf 88' lang='lat' dir='ltr'><strong>ipsius</strong></span> <span class='ocrx_word' id='word_1_271' title='bbox 1617 3607 1698 3665; x_wconf 87' lang='lat' dir='ltr'><strong>di-</strong></span> 
     </span>
    </p>
   </div>
   <div class='ocr_carea' id='block_1_37' title="bbox 100 3699 1700 3779">
    <p class='ocr_par' dir='ltr' id='par_1_37' title="bbox 100 3699 1700 3779">
     <span class='ocr_line' id='line_1_37' title="bbox 100 3699 1700 3779; baseline -0.006 -14"><span class='ocrx_word' id='word_1_272' title='bbox 100 3708 346 3765; x_wconf 87' lang='lat' dir='ltr'><strong>lationis.</strong></span> <span class='ocrx_word' id='word_1_273' title='bbox 383 3707 523 3779; x_wconf 85' lang='lat' dir='ltr'><strong>Ergo</strong></span> <span class='ocrx_word' id='word_1_274' title='bbox 545 3720 576 3761; x_wconf 90' lang='lat' dir='ltr'><strong>a</strong></span> <span class='ocrx_word' id='word_1_275' title='bbox 601 3704 689 3761; x_wconf 90' lang='lat' dir='ltr'><strong>die</strong></span> <span class='ocrx_word' id='word_1_276' title='bbox 708 3712 898 3760; x_wconf 87' lang='lat' dir='ltr'><strong>octavo</strong></span> <span class='ocrx_word' id='word_1_277' title='bbox 919 3700 1263 3760; x_wconf 90' lang='lat' dir='ltr'><strong>calendarum</strong></span> <span class='ocrx_word' id='word_1_278' title='bbox 1293 3699 1553 3757; x_wconf 84' lang='lat' dir='ltr'><strong>maiarum</strong></span> <span class='ocrx_word' id='word_1_279' title='bbox 1576 3708 1700 3770; x_wconf 89' lang='lat' dir='ltr'><strong>post</strong></span> 
     </span>
    </p>
   </div>
   <div class='ocr_carea' id='block_1_38' title="bbox 97 3794 1700 3868">
    <p class='ocr_par' dir='ltr' id='par_1_38' title="bbox 97 3794 1700 3868">
     <span class='ocr_line' id='line_1_38' title="bbox 97 3794 1700 3868; baseline -0.009 -6"><span class='ocrx_word' id='word_1_280' title='bbox 97 3803 444 3862; x_wconf 84' lang='lat' dir='ltr'><strong>consulatum</strong></span> <span class='ocrx_word' id='word_1_281' title='bbox 468 3797 754 3856; x_wconf 85' lang='lat' dir='ltr'><strong>Theodosii</strong></span> <span class='ocrx_word' id='word_1_282' title='bbox 776 3796 998 3868; x_wconf 79' lang='lat' dir='ltr'><strong>Augusti</strong></span> <span class='ocrx_word' id='word_1_283' title='bbox 1019 3811 1096 3863; x_wconf 89' lang='lat' dir='ltr'><strong>ut,</strong></span> <span class='ocrx_word' id='word_1_284' title='bbox 1118 3794 1396 3851; x_wconf 85' lang='lat' dir='ltr'><strong>consulatu</strong></span> <span class='ocrx_word' id='word_1_285' title='bbox 1428 3795 1700 3863; x_wconf 81' lang='lat' dir='ltr'><strong>Augusto-</strong></span> 
     </span>
    </p>
   </div>
   <div class='ocr_carea' id='block_1_39' title="bbox 98 3885 1700 3963">
    <p class='ocr_par' dir='ltr' id='par_1_39' title="bbox 98 3885 1700 3963">
     <span class='ocr_line' id='line_1_39' title="bbox 98 3885 1700 3963; baseline -0.008 -11"><span class='ocrx_word' id='word_1_286' title='bbox 98 3912 248 3963; x_wconf 90' lang='lat' dir='ltr'><strong>rum,</strong></span> <span class='ocrx_word' id='word_1_287' title='bbox 279 3892 500 3951; x_wconf 80' lang='lat' dir='ltr'><strong>Arcadii</strong></span> <span class='ocrx_word' id='word_1_288' title='bbox 527 3907 585 3948; x_wconf 88' lang='grc' dir='ltr'><strong>ιιι</strong></span> <span class='ocrx_word' id='word_1_289' title='bbox 611 3899 669 3948; x_wconf 90' lang='lat' dir='ltr'><strong>et</strong></span> <span class='ocrx_word' id='word_1_290' title='bbox 696 3889 915 3947; x_wconf 83' lang='lat' dir='ltr'><strong>Honorii</strong></span> <span class='ocrx_word' id='word_1_291' title='bbox 936 3888 1184 3954; x_wconf 71' lang='lat' dir='ltr'><strong>iterum‘,</strong></span> <span class='ocrx_word' id='word_1_292' title='bbox 1207 3887 1297 3959; x_wconf 92' lang='lat' dir='ltr'><strong>qui</strong></span> <span class='ocrx_word' id='word_1_293' title='bbox 1325 3885 1440 3942; x_wconf 89' lang='lat' dir='ltr'><strong>dies</strong></span> <span class='ocrx_word' id='word_1_294' title='bbox 1463 3894 1547 3941; x_wconf 90' lang='lat' dir='ltr'><strong>est</strong></span> <span class='ocrx_word' id='word_1_295' title='bbox 1569 3899 1700 3941; x_wconf 85' lang='lat' dir='ltr'><strong>con-</strong></span> 
     </span>
    </p>
   </div>
   <div class='ocr_carea' id='block_1_40' title="bbox 97 3977 1693 4058">
    <p class='ocr_par' dir='ltr' id='par_1_40' title="bbox 97 3977 1693 4058">
     <span class='ocr_line' id='line_1_40' title="bbox 97 3977 1693 4058; baseline -0.007 -15"><span class='ocrx_word' id='word_1_296' title='bbox 97 3988 216 4044; x_wconf 88' lang='lat' dir='ltr'><strong>cilii</strong></span> <span class='ocrx_word' id='word_1_297' title='bbox 245 3984 574 4058; x_wconf 85' lang='lat' dir='ltr'><strong>Bagaiensis,</strong></span> <span class='ocrx_word' id='word_1_298' title='bbox 604 3997 773 4056; x_wconf 88' lang='lat' dir='ltr'><strong>usque</strong></span> <span class='ocrx_word' id='word_1_299' title='bbox 791 3981 860 4039; x_wconf 88' lang='lat' dir='ltr'><strong>ad</strong></span> <span class='ocrx_word' id='word_1_300' title='bbox 879 3989 1124 4038; x_wconf 88' lang='lat' dir='ltr'><strong>octavum</strong></span> <span class='ocrx_word' id='word_1_301' title='bbox 1142 3978 1486 4036; x_wconf 87' lang='lat' dir='ltr'><strong>calendarum</strong></span> <span class='ocrx_word' id='word_1_302' title='bbox 1504 3977 1693 4050; x_wconf 88' lang='lat' dir='ltr'><strong>jauua-</strong></span> 
     </span>
    </p>
   </div>
   <div class='ocr_carea' id='block_1_41' title="bbox 101 4067 1701 4148">
    <p class='ocr_par' dir='ltr' id='par_1_41' title="bbox 101 4067 1701 4148">
     <span class='ocr_line' id='line_1_41' title="bbox 101 4067 1701 4148; baseline -0.007 -11"><span class='ocrx_word' id='word_1_303' title='bbox 101 4082 332 4146; x_wconf 89' lang='lat' dir='ltr'><strong>riarum,</strong></span> <span class='ocrx_word' id='word_1_304' title='bbox 372 4077 465 4148; x_wconf 89' lang='lat' dir='ltr'><strong>qui</strong></span> <span class='ocrx_word' id='word_1_305' title='bbox 515 4075 632 4132; x_wconf 87' lang='lat' dir='ltr'><strong>dies</strong></span> <span class='ocrx_word' id='word_1_306' title='bbox 669 4083 755 4132; x_wconf 85' lang='lat' dir='ltr'><strong>est</strong></span> <span class='ocrx_word' id='word_1_307' title='bbox 795 4073 1085 4140; x_wconf 87' lang='lat' dir='ltr'><strong>dilationis,</strong></span> <span class='ocrx_word' id='word_1_308' title='bbox 1124 4080 1248 4128; x_wconf 92' lang='lat' dir='ltr'><strong>octo</strong></span> <span class='ocrx_word' id='word_1_309' title='bbox 1293 4084 1506 4128; x_wconf 87' lang='lat' dir='ltr'><strong>menses</strong></span> <span class='ocrx_word' id='word_1_310' title='bbox 1529 4067 1701 4126; x_wconf 81' lang='lat' dir='ltr'><strong>ferme</strong></span> 
     </span>
    </p>
   </div>
   <div class='ocr_carea' id='block_1_42' title="bbox 101 4161 1702 4238">
    <p class='ocr_par' dir='ltr' id='par_1_42' title="bbox 101 4161 1702 4238">
     <span class='ocr_line' id='line_1_42' title="bbox 101 4161 1702 4238; baseline -0.006 -10"><span class='ocrx_word' id='word_1_311' title='bbox 101 4179 480 4228; x_wconf 88' lang='lat' dir='ltr'><strong>numerantur.</strong></span> <span class='ocrx_word' id='word_1_312' title='bbox 498 4168 768 4223; x_wconf 88' lang='lat' dir='ltr'><strong>Invenitur</strong></span> <span class='ocrx_word' id='word_1_313' title='bbox 781 4175 958 4222; x_wconf 87' lang='lat' dir='ltr'><strong>autem</strong></span> <span class='ocrx_word' id='word_1_314' title='bbox 975 4163 1257 4238; x_wconf 88' lang='lat' dir='ltr'><strong>postulatio</strong></span> <span class='ocrx_word' id='word_1_315' title='bbox 1279 4162 1419 4234; x_wconf 87' lang='lat' dir='ltr'><strong>apud</strong></span> <span class='ocrx_word' id='word_1_316' title='bbox 1433 4161 1702 4220; x_wconf 84' lang='lat' dir='ltr'><strong>Herodem</strong></span> 
     </span>
    </p>
   </div>
   <div class='ocr_carea' id='block_1_43' title="bbox 103 4253 1705 4338">
    <p class='ocr_par' dir='ltr' id='par_1_43' title="bbox 103 4253 1705 4338">
     <span class='ocr_line' id='line_1_43' title="bbox 103 4253 1705 4338; baseline -0.006 -18"><span class='ocrx_word' id='word_1_317' title='bbox 103 4262 486 4338; x_wconf 84' lang='lat' dir='ltr'><strong>proconsulem</strong></span> <span class='ocrx_word' id='word_1_318' title='bbox 555 4259 714 4334; x_wconf 88' lang='lat' dir='ltr'><strong>(vide</strong></span> <span class='ocrx_word' id='word_1_319' title='bbox 765 4267 966 4329; x_wconf 90' lang='lat' dir='ltr'><strong>quanto</strong></span> <span class='ocrx_word' id='word_1_320' title='bbox 1027 4265 1150 4329; x_wconf 89' lang='lat' dir='ltr'><strong>post</strong></span> <span class='ocrx_word' id='word_1_321' title='bbox 1205 4254 1393 4326; x_wconf 87' lang='lat' dir='ltr'><strong>dicta)</strong></span> <span class='ocrx_word' id='word_1_322' title='bbox 1442 4253 1705 4310; x_wconf 88' lang='lat' dir='ltr'><strong>adversus</strong></span> 
     </span>
    </p>
   </div>
   <div class='ocr_carea' id='block_1_44' title="bbox 105 4346 1702 4414">
    <p class='ocr_par' dir='ltr' id='par_1_44' title="bbox 105 4346 1702 4414">
     <span class='ocr_line' id='line_1_44' title="bbox 105 4346 1702 4414; baseline -0.008 -1"><span class='ocrx_word' id='word_1_323' title='bbox 105 4357 444 4414; x_wconf 82' lang='lat' dir='ltr'><strong>Felicianum</strong></span> <span class='ocrx_word' id='word_1_324' title='bbox 470 4362 524 4409; x_wconf 90' lang='lat' dir='ltr'><strong>et</strong></span> <span class='ocrx_word' id='word_1_325' title='bbox 552 4353 931 4409; x_wconf 64' lang='lat' dir='ltr'><strong>Praetextatum</strong></span> <span class='ocrx_word' id='word_1_326' title='bbox 959 4349 1029 4406; x_wconf 89' lang='lat' dir='ltr'><strong>de</strong></span> <span class='ocrx_word' id='word_1_327' title='bbox 1053 4347 1352 4404; x_wconf 81' lang='lat' dir='ltr'><strong>Mustitanis</strong></span> <span class='ocrx_word' id='word_1_328' title='bbox 1387 4355 1443 4403; x_wconf 92' lang='lat' dir='ltr'><strong>et</strong></span> <span class='ocrx_word' id='word_1_329' title='bbox 1484 4346 1702 4402; x_wconf 88' lang='lat' dir='ltr'><strong>Assuri-</strong></span> 
     </span>
    </p>
   </div>
   <div class='ocr_carea' id='block_1_45' title="bbox 104 4437 1704 4512">
    <p class='ocr_par' dir='ltr' id='par_1_45' title="bbox 104 4437 1704 4512">
     <span class='ocr_line' id='line_1_45' title="bbox 104 4437 1704 4512; baseline -0.009 -7"><span class='ocrx_word' id='word_1_330' title='bbox 104 4450 250 4505; x_wconf 84' lang='lat' dir='ltr'><strong>tanis</strong></span> <span class='ocrx_word' id='word_1_331' title='bbox 276 4446 412 4502; x_wconf 89' lang='lat' dir='ltr'><strong>locis</strong></span> <span class='ocrx_word' id='word_1_332' title='bbox 437 4442 820 4510; x_wconf 78' lang='lat' dir='ltr'><strong>excludendos,</strong></span> <span class='ocrx_word' id='word_1_333' title='bbox 870 4441 1020 4512; x_wconf 83' lang='lat' dir='ltr'><strong>cujus</strong></span> <span class='ocrx_word' id='word_1_334' title='bbox 1055 4453 1224 4512; x_wconf 87' lang='lat' dir='ltr'><strong>pauca</strong></span> <span class='ocrx_word' id='word_1_335' title='bbox 1263 4438 1533 4510; x_wconf 88' lang='lat' dir='ltr'><strong>subjunxi.</strong></span> <span class='ocrx_word' id='word_1_336' title='bbox 1578 4437 1704 4493; x_wconf 90' lang='lat' dir='ltr'><strong>Post</strong></span> 
     </span>
    </p>
   </div>
   <div class='ocr_carea' id='block_1_46' title="bbox 107 4530 1706 4599">
    <p class='ocr_par' dir='ltr' id='par_1_46' title="bbox 107 4530 1706 4599">
     <span class='ocr_line' id='line_1_46' title="bbox 107 4530 1706 4599; baseline -0.009 0"><span class='ocrx_word' id='word_1_337' title='bbox 107 4543 433 4599; x_wconf 86' lang='lat' dir='ltr'><strong>consulatum</strong></span> <span class='ocrx_word' id='word_1_338' title='bbox 479 4538 797 4594; x_wconf 86' lang='lat' dir='ltr'><strong>dominorum</strong></span> <span class='ocrx_word' id='word_1_339' title='bbox 841 4534 1050 4590; x_wconf 80' lang='lat' dir='ltr'><strong>Arcadii</strong></span> <span class='ocrx_word' id='word_1_340' title='bbox 1090 4549 1146 4591; x_wconf 89' lang='grc' dir='ltr'><strong>ιιι</strong></span> <span class='ocrx_word' id='word_1_341' title='bbox 1181 4541 1227 4589; x_wconf 85' lang='lat' dir='ltr'><strong>et</strong></span> <span class='ocrx_word' id='word_1_342' title='bbox 1267 4530 1483 4588; x_wconf 84' lang='lat' dir='ltr'><strong>Honorii</strong></span> <span class='ocrx_word' id='word_1_343' title='bbox 1523 4532 1706 4586; x_wconf 86' lang='lat' dir='ltr'><strong>iterum</strong></span> 
     </span>
    </p>
   </div>
   <div class='ocr_carea' id='block_1_47' title="bbox 109 4622 1706 4706">
    <p class='ocr_par' dir='ltr' id='par_1_47' title="bbox 109 4622 1706 4706">
     <span class='ocr_line' id='line_1_47' title="bbox 109 4622 1706 4706; baseline -0.009 -16"><span class='ocrx_word' id='word_1_344' title='bbox 109 4637 461 4706; x_wconf 81' lang='lat' dir='ltr'><strong>Augustorum</strong></span> <span class='ocrx_word' id='word_1_345' title='bbox 510 4629 612 4702; x_wconf 86' lang='lat' dir='ltr'><strong>(a),</strong></span> <span class='ocrx_word' id='word_1_346' title='bbox 650 4636 792 4685; x_wconf 74' lang='lat' dir='ltr'><strong>sexto</strong></span> <span class='ocrx_word' id='word_1_347' title='bbox 828 4642 989 4681; x_wconf 87' lang='lat' dir='ltr'><strong>nonas</strong></span> <span class='ocrx_word' id='word_1_348' title='bbox 1026 4625 1256 4692; x_wconf 87' lang='lat' dir='ltr'><strong>martias,</strong></span> <span class='ocrx_word' id='word_1_349' title='bbox 1298 4622 1602 4694; x_wconf 84' lang='lat' dir='ltr'><strong>Carthagine</strong></span> <span class='ocrx_word' id='word_1_350' title='bbox 1649 4622 1706 4676; x_wconf 90' lang='lat' dir='ltr'><strong>in</strong></span> 
     </span>
    </p>
   </div>
   <div class='ocr_carea' id='block_1_48' title="bbox 111 4713 1706 4794">
    <p class='ocr_par' dir='ltr' id='par_1_48' title="bbox 111 4713 1706 4794">
     <span class='ocr_line' id='line_1_48' title="bbox 111 4713 1706 4794; baseline -0.009 -11"><span class='ocrx_word' id='word_1_351' title='bbox 111 4725 383 4783; x_wconf 85' lang='lat' dir='ltr'><strong>secretario</strong></span> <span class='ocrx_word' id='word_1_352' title='bbox 408 4721 632 4794; x_wconf 84' lang='lat' dir='ltr'><strong>pratorii</strong></span> <span class='ocrx_word' id='word_1_353' title='bbox 659 4718 892 4774; x_wconf 85' lang='lat' dir='ltr'><strong>Titianus</strong></span> <span class='ocrx_word' id='word_1_354' title='bbox 912 4717 1040 4772; x_wconf 79' lang='lat' dir='ltr'><strong>dixit</strong></span> <span class='ocrx_word' id='word_1_355' title='bbox 1060 4715 1403 4788; x_wconf 83' lang='lat' dir='ltr'><strong>:Peregrinus</strong></span> <span class='ocrx_word' id='word_1_356' title='bbox 1425 4713 1706 4787; x_wconf 81' lang='lat' dir='ltr'><strong>presbyter,</strong></span> 
     </span>
    </p>
   </div>
   <div class='ocr_carea' id='block_1_49' title="bbox 115 4805 1708 4879">
    <p class='ocr_par' dir='ltr' id='par_1_49' title="bbox 115 4805 1708 4879">
     <span class='ocr_line' id='line_1_49' title="bbox 115 4805 1708 4879; baseline -0.009 -6"><span class='ocrx_word' id='word_1_357' title='bbox 115 4826 163 4874; x_wconf 92' lang='lat' dir='ltr'><strong>et</strong></span> <span class='ocrx_word' id='word_1_358' title='bbox 187 4815 413 4870; x_wconf 80' lang='lat' dir='ltr'><strong>seniores</strong></span> <span class='ocrx_word' id='word_1_359' title='bbox 433 4811 676 4867; x_wconf 84' lang='lat' dir='ltr'><strong>Ecclesia</strong></span> <span class='ocrx_word' id='word_1_360' title='bbox 695 4808 750 4864; x_wconf 78' lang='grc' dir='ltr'><em>Μ</em></span> <span class='ocrx_word' id='word_1_361' title='bbox 755 4826 816 4864; x_wconf 93' lang='lat' dir='ltr'><strong>us</strong></span> <span class='ocrx_word' id='word_1_362' title='bbox 825 4809 1000 4863; x_wconf 90' lang='lat' dir='ltr'><strong>titana</strong></span> <span class='ocrx_word' id='word_1_363' title='bbox 1013 4806 1231 4879; x_wconf 83' lang='lat' dir='ltr'><strong>regionis</strong></span> <span class='ocrx_word' id='word_1_364' title='bbox 1244 4805 1265 4838; x_wconf 81' lang='grc'>⁸</span> <span class='ocrx_word' id='word_1_365' title='bbox 1287 4807 1388 4861; x_wconf 90' lang='lat' dir='ltr'><strong>tale</strong></span> <span class='ocrx_word' id='word_1_366' title='bbox 1400 4805 1708 4861; x_wconf 84' lang='lat' dir='ltr'><strong>desiderium</strong></span> 
     </span>
    </p>
   </div>
   <div class='ocr_carea' id='block_1_50' title="bbox 118 4901 1710 4983">
    <p class='ocr_par' dir='ltr' id='par_1_50' title="bbox 118 4901 1710 4983">
     <span class='ocr_line' id='line_1_50' title="bbox 118 4901 1710 4983; baseline -0.006 -19"><span class='ocrx_word' id='word_1_367' title='bbox 118 4917 494 4983; x_wconf 83' lang='lat' dir='ltr'><strong>prosequuntur</strong></span> <span class='ocrx_word' id='word_1_368' title='bbox 524 4921 544 4961; x_wconf 91' lang='lat'><strong><em>:</em></strong></span> <span class='ocrx_word' id='word_1_369' title='bbox 567 4903 697 4962; x_wconf 88' lang='lat' dir='ltr'><strong>Cum</strong></span> <span class='ocrx_word' id='word_1_370' title='bbox 716 4901 964 4959; x_wconf 85' lang='lat' dir='ltr'><strong>Ecclesia</strong></span> <span class='ocrx_word' id='word_1_371' title='bbox 989 4901 1257 4958; x_wconf 89' lang='lat' dir='ltr'><strong>catholica</strong></span> <span class='ocrx_word' id='word_1_372' title='bbox 1282 4903 1597 4957; x_wconf 86' lang='lat' dir='ltr'><strong>sanctitatem</strong></span> <span class='ocrx_word' id='word_1_373' title='bbox 1633 4901 1710 4956; x_wconf 86' lang='lat' dir='ltr'><strong>vir</strong></span> 
     </span>
    </p>
   </div>
   <div class='ocr_carea' id='block_1_51' title="bbox 117 4992 1709 5066">
    <p class='ocr_par' dir='ltr' id='par_1_51' title="bbox 117 4992 1709 5066">
     <span class='ocr_line' id='line_1_51' title="bbox 117 4992 1709 5066; baseline -0.008 -7"><span class='ocrx_word' id='word_1_374' title='bbox 117 5003 378 5059; x_wconf 70' lang='lat' dir='ltr'><strong>minaria</strong></span> <span class='ocrx_word' id='word_1_375' title='bbox 401 4997 700 5055; x_wconf 85' lang='lat' dir='ltr'><strong>venerabilis</strong></span> <span class='ocrx_word' id='word_1_376' title='bbox 722 4995 786 5051; x_wconf 90' lang='lat' dir='ltr'><strong>ab</strong></span> <span class='ocrx_word' id='word_1_377' title='bbox 813 5011 985 5051; x_wconf 87' lang='lat' dir='ltr'><strong>errore</strong></span> <span class='ocrx_word' id='word_1_378' title='bbox 1009 4993 1236 5066; x_wconf 79' lang='lat' dir='ltr'><strong>perﬁdia</strong></span> <span class='ocrx_word' id='word_1_379' title='bbox 1256 4992 1487 5048; x_wconf 86' lang='lat' dir='ltr'><strong>Donatus</strong></span> <span class='ocrx_word' id='word_1_380' title='bbox 1510 5009 1709 5047; x_wconf 88' lang='lat' dir='ltr'><strong>assere-</strong></span> 
     </span>
    </p>
   </div>
   <div class='ocr_carea' id='block_1_52' title="bbox 120 5085 1711 5166">
    <p class='ocr_par' dir='ltr' id='par_1_52' title="bbox 120 5085 1711 5166">
     <span class='ocr_line' id='line_1_52' title="bbox 120 5085 1711 5166; baseline -0.008 -14"><span class='ocrx_word' id='word_1_381' title='bbox 120 5107 218 5164; x_wconf 85' lang='lat' dir='ltr'><strong>ret,</strong></span> <span class='ocrx_word' id='word_1_382' title='bbox 247 5096 306 5151; x_wconf 84' lang='lat' dir='ltr'><strong>in</strong></span> <span class='ocrx_word' id='word_1_383' title='bbox 332 5095 444 5166; x_wconf 73' lang='lat' dir='ltr'><strong>eius</strong></span> <span class='ocrx_word' id='word_1_384' title='bbox 462 5107 644 5148; x_wconf 86' lang='lat' dir='ltr'><strong>nomen</strong></span> <span class='ocrx_word' id='word_1_385' title='bbox 665 5100 714 5146; x_wconf 92' lang='lat' dir='ltr'><strong>et</strong></span> <span class='ocrx_word' id='word_1_386' title='bbox 733 5090 925 5146; x_wconf 85' lang='lat' dir='ltr'><strong>cultum</strong></span> <span class='ocrx_word' id='word_1_387' title='bbox 937 5087 1116 5142; x_wconf 89' lang='lat' dir='ltr'><strong>mundi</strong></span> <span class='ocrx_word' id='word_1_388' title='bbox 1134 5102 1262 5158; x_wconf 87' lang='lat' dir='ltr'><strong>pene</strong></span> <span class='ocrx_word' id='word_1_389' title='bbox 1271 5085 1422 5141; x_wconf 90' lang='lat' dir='ltr'><strong>totius</strong></span> <span class='ocrx_word' id='word_1_390' title='bbox 1437 5085 1711 5140; x_wconf 82' lang='lat' dir='ltr'><strong>observan-</strong></span> 
     </span>
    </p>
   </div>
   <div class='ocr_carea' id='block_1_53' title="bbox 128 5174 1714 5253">
    <p class='ocr_par' dir='ltr' id='par_1_53' title="bbox 128 5174 1714 5253">
     <span class='ocr_line' id='line_1_53' title="bbox 128 5174 1714 5253; baseline -0.01 -9"><span class='ocrx_word' id='word_1_391' title='bbox 128 5190 198 5244; x_wconf 91' lang='lat' dir='ltr'><strong>tia</strong></span> <span class='ocrx_word' id='word_1_392' title='bbox 225 5187 424 5244; x_wconf 88' lang='lat' dir='ltr'><strong>nutrita</strong></span> <span class='ocrx_word' id='word_1_393' title='bbox 446 5183 636 5240; x_wconf 87' lang='lat' dir='ltr'><strong>coaluit</strong></span> <span class='ocrx_word' id='word_1_394' title='bbox 667 5200 682 5236; x_wconf 89' lang='lat'><strong>:</strong></span> <span class='ocrx_word' id='word_1_395' title='bbox 713 5180 802 5238; x_wconf 88' lang='lat' dir='ltr'><strong>sed</strong></span> <span class='ocrx_word' id='word_1_396' title='bbox 829 5196 949 5237; x_wconf 88' lang='lat' dir='ltr'><strong>cum</strong></span> <span class='ocrx_word' id='word_1_397' title='bbox 975 5179 1085 5253; x_wconf 84' lang='lat' dir='ltr'><strong>ejus</strong></span> <span class='ocrx_word' id='word_1_398' title='bbox 1108 5177 1367 5249; x_wconf 83' lang='lat' dir='ltr'><strong>religionis</strong></span> <span class='ocrx_word' id='word_1_399' title='bbox 1395 5174 1714 5235; x_wconf 77' lang='lat' dir='ltr'><strong>laudandum</strong></span> 
     </span>
    </p>
   </div>
   <div class='ocr_carea' id='block_1_54' title="bbox 184 5372 1712 5453">
    <p class='ocr_par' dir='ltr' id='par_1_54' title="bbox 184 5372 1712 5453">
     <span class='ocr_line' id='line_1_54' title="bbox 184 5372 1712 5453; baseline 0 0"><span class='ocrx_word' id='word_1_400' title='bbox 184 5389 277 5453; x_wconf 63' lang='grc' dir='ltr'><strong>ειη</strong></span> <span class='ocrx_word' id='word_1_401' title='bbox 313 5385 582 5453; x_wconf 60' lang='lat' dir='ltr'><strong>ponamus</strong></span> <span class='ocrx_word' id='word_1_402' title='bbox 603 5390 657 5434; x_wconf 68' lang='lat' dir='ltr'><strong>et</strong></span> <span class='ocrx_word' id='word_1_403' title='bbox 697 5381 950 5453; x_wconf 52' lang='lat' dir='ltr'><strong>plateae</strong></span> <span class='ocrx_word' id='word_1_404' title='bbox 971 5386 1104 5438; x_wconf 73' lang='grc' dir='ltr'><strong>κεεον</strong></span> <span class='ocrx_word' id='word_1_405' title='bbox 1133 5372 1545 5453; x_wconf 42' lang='lat' dir='ltr'><strong>electam,</strong></span> <span class='ocrx_word' id='word_1_406' title='bbox 1574 5373 1595 5438; x_wconf 89' lang='grc'>(</span> <span class='ocrx_word' id='word_1_407' title='bbox 1611 5374 1712 5453; x_wconf 61' lang='grc' dir='ltr'><strong>γειὲν</strong></span> 
     </span>
    </p>
   </div>
   <div class='ocr_carea' id='block_1_55' title="bbox 128 5437 1711 5510">
    <p class='ocr_par' dir='ltr' id='par_1_55' title="bbox 128 5437 1711 5510">
     <span class='ocr_line' id='line_1_55' title="bbox 128 5437 1711 5510; baseline -0.011 -7"><span class='ocrx_word' id='word_1_408' title='bbox 128 5437 542 5510; x_wconf 49' lang='lat' dir='ltr'><strong>sitinte&#39;tjforte</strong></span> <span class='ocrx_word' id='word_1_409' title='bbox 569 5437 716 5510; x_wconf 62' lang='lat' dir='ltr'><strong>pro;</strong></span> <span class='ocrx_word' id='word_1_410' title='bbox 745 5437 952 5510; x_wconf 76' lang='lat' dir='ltr'><strong>enite&#39;t),</strong></span> <span class='ocrx_word' id='word_1_411' title='bbox 998 5437 1250 5499; x_wconf 84' lang='lat' dir='ltr'><strong>concerni,</strong></span> <span class='ocrx_word' id='word_1_412' title='bbox 1291 5437 1711 5510; x_wconf 66' lang='lat' dir='ltr'><strong>obscurari,etc.</strong></span> 
     </span>
    </p>
   </div>
   <div class='ocr_carea' id='block_1_56' title="bbox 187 5498 1516 5568">
    <p class='ocr_par' dir='ltr' id='par_1_56' title="bbox 187 5498 1516 5568">
     <span class='ocr_line' id='line_1_56' title="bbox 187 5498 1516 5568; baseline -0.013 -3"><span class='ocrx_word' id='word_1_413' title='bbox 433 5517 542 5559; x_wconf 72' lang='lat' dir='ltr'><strong>Mss.</strong></span> <span class='ocrx_word' id='word_1_414' title='bbox 567 5498 845 5568; x_wconf 61' lang='lat' dir='ltr'><strong>haec&#39;verha</strong></span> <span class='ocrx_word' id='word_1_415' title='bbox 867 5498 1186 5568; x_wconf 62' lang='lat' dir='ltr'><strong>praetereunt,</strong></span> <span class='ocrx_word' id='word_1_416' title='bbox 1209 5498 1458 5568; x_wconf 72' lang='lat' dir='ltr'><strong>consulatu</strong></span> <span class='ocrx_word' id='word_1_417' title='bbox 1483 5510 1516 5568; x_wconf 59' lang='lat'>4</span> 
     </span>
    </p>
   </div>
   <div class='ocr_carea' id='block_1_57' title="bbox 129 5559 1716 5632">
    <p class='ocr_par' dir='ltr' id='par_1_57' title="bbox 129 5559 1716 5632">
     <span class='ocr_line' id='line_1_57' title="bbox 129 5559 1716 5632; baseline -0.009 -6"><span class='ocrx_word' id='word_1_418' title='bbox 129 5559 470 5632; x_wconf 59' lang='grc' dir='ltr'><strong>τιωιῖῖἶέἁᾶἱί,</strong></span> <span class='ocrx_word' id='word_1_419' title='bbox 494 5575 541 5622; x_wconf 88' lang='lat' dir='ltr'><strong>et</strong></span> <span class='ocrx_word' id='word_1_420' title='bbox 563 5567 761 5620; x_wconf 82' lang='lat' dir='ltr'><strong>Honorii</strong></span> <span class='ocrx_word' id='word_1_421' title='bbox 784 5559 988 5628; x_wconf 78' lang='lat' dir='ltr'><strong>iter&#39;tnn;</strong></span> <span class='ocrx_word' id='word_1_422' title='bbox 1016 5559 1287 5628; x_wconf 85' lang='lat' dir='ltr'><strong>eorumque</strong></span> <span class='ocrx_word' id='word_1_423' title='bbox 1309 5559 1416 5613; x_wconf 87' lang='lat' dir='ltr'><strong>loco</strong></span> <span class='ocrx_word' id='word_1_424' title='bbox 1445 5559 1646 5622; x_wconf 80' lang='lat' dir='ltr'><strong>habént,</strong></span> <span class='ocrx_word' id='word_1_425' title='bbox 1668 5566 1716 5612; x_wconf 88' lang='lat' dir='ltr'><strong>et</strong></span> 
     </span>
    </p>
   </div>
   <div class='ocr_carea' id='block_1_58' title="bbox 131 5635 1593 5701">
    <p class='ocr_par' dir='ltr' id='par_1_58' title="bbox 131 5635 1593 5701">
     <span class='ocr_line' id='line_1_58' title="bbox 131 5635 1593 5701; baseline 0 0"><span class='ocrx_word' id='word_1_426' title='bbox 131 5635 465 5701; x_wconf 62' lang='grc' dir='ltr'><strong>Μακέω-</strong></span> <span class='ocrx_word' id='word_1_427' title='bbox 624 5693 635 5701; x_wconf 93' lang='grc'>.</span> <span class='ocrx_word' id='word_1_428' title='bbox 693 5691 705 5701; x_wconf 90' lang='grc'><strong>.</strong></span> <span class='ocrx_word' id='word_1_429' title='bbox 1125 5694 1138 5701; x_wconf 84' lang='grc'><strong>-</strong></span> <span class='ocrx_word' id='word_1_430' title='bbox 1210 5698 1217 5701; x_wconf 88' lang='lat'>_</span> 
     </span>
    </p>
   </div>
   <div class='ocr_carea' id='block_1_59' title="bbox 193 5683 1714 5758">
    <p class='ocr_par' dir='ltr' id='par_1_59' title="bbox 193 5683 1714 5758">
     <span class='ocr_line' id='line_1_59' title="bbox 193 5683 1714 5758; baseline -0.011 -7"><span class='ocrx_word' id='word_1_431' title='bbox 193 5683 489 5758; x_wconf 52' lang='lat' dir='ltr'><strong>Fabiis,</strong></span> <span class='ocrx_word' id='word_1_432' title='bbox 525 5691 748 5746; x_wconf 82' lang='lat' dir='ltr'><strong>Ecclesia</strong></span> <span class='ocrx_word' id='word_1_433' title='bbox 789 5689 1056 5743; x_wconf 75' lang='lat' dir='ltr'><strong>Mustitana</strong></span> <span class='ocrx_word' id='word_1_434' title='bbox 1092 5694 1138 5740; x_wconf 83' lang='lat' dir='ltr'><strong>et</strong></span> <span class='ocrx_word' id='word_1_435' title='bbox 1184 5685 1474 5746; x_wconf 72' lang='lat' dir='ltr'><strong>.mun&#39;tana</strong></span> <span class='ocrx_word' id='word_1_436' title='bbox 1490 5683 1714 5754; x_wconf 74' lang='lat' dir='ltr'><strong>regionis.</strong></span> 
     </span>
    </p>
   </div>
   <div class='ocr_carea' id='block_1_60' title="bbox 190 5770 732 5842">
    <p class='ocr_par' dir='ltr' id='par_1_60' title="bbox 190 5770 732 5842">
     <span class='ocr_line' id='line_1_60' title="bbox 190 5770 732 5842; baseline -0.022 -13"><span class='ocrx_word' id='word_1_437' title='bbox 190 5777 265 5842; x_wconf 83' lang='lat' dir='ltr'><strong>(tt)</strong></span> <span class='ocrx_word' id='word_1_438' title='bbox 283 5785 417 5828; x_wconf 75' lang='lat' dir='ltr'><strong>Anno</strong></span> <span class='ocrx_word' id='word_1_439' title='bbox 435 5772 605 5825; x_wconf 80' lang='lat' dir='ltr'><strong>Christi</strong></span> <span class='ocrx_word' id='word_1_440' title='bbox 625 5770 732 5820; x_wconf 72' lang='grc'><strong>394.</strong></span> 
     </span>
    </p>
   </div>
   <div class='ocr_carea' id='block_1_61' title="bbox 1487 263 2042 328">
    <p class='ocr_par' dir='ltr' id='par_1_61' title="bbox 1487 263 2042 328">
     <span class='ocr_line' id='line_1_61' title="bbox 1487 263 2042 328; baseline 0.009 -7"><span class='ocrx_word' id='word_1_441' title='bbox 1487 263 1690 322; x_wconf 82' lang='lat' dir='ltr'><strong>LIBER</strong></span> <span class='ocrx_word' id='word_1_442' title='bbox 1725 263 2042 328; x_wconf 83' lang='lat' dir='ltr'><strong>TERTIUS.</strong></span> 
     </span>
    </p>
   </div>
   <div class='ocr_carea' id='block_1_62' title="bbox 3284 273 3395 332">
    <p class='ocr_par' dir='ltr' id='par_1_62' title="bbox 3284 273 3395 332">
     <span class='ocr_line' id='line_1_62' title="bbox 3284 273 3395 332; baseline 0 0"><span class='ocrx_word' id='word_1_443' title='bbox 3284 273 3395 332; x_wconf 76' lang='lat'><strong>530</strong></span> 
     </span>
    </p>
   </div>
   <div class='ocr_carea' id='block_1_63' title="bbox 1810 379 3394 458">
    <p class='ocr_par' dir='ltr' id='par_1_63' title="bbox 1810 379 3394 458">
     <span class='ocr_line' id='line_1_63' title="bbox 1810 379 3394 458; baseline 0.006 -24"><span class='ocrx_word' id='word_1_444' title='bbox 1810 379 2191 452; x_wconf 86' lang='lat' dir='ltr'><strong>mirandumque</strong></span> <span class='ocrx_word' id='word_1_445' title='bbox 2217 382 2532 454; x_wconf 88' lang='lat' dir='ltr'><strong>propositum</strong></span> <span class='ocrx_word' id='word_1_446' title='bbox 2570 382 2875 441; x_wconf 66' lang='lat' dir='ltr'><strong>Maximiani</strong></span> <span class='ocrx_word' id='word_1_447' title='bbox 2911 385 3176 458; x_wconf 66' lang='lat' dir='ltr'><strong>cujusdam</strong></span> <span class='ocrx_word' id='word_1_448' title='bbox 3202 402 3394 444; x_wconf 87' lang='lat' dir='ltr'><strong>venena</strong></span> 
     </span>
    </p>
   </div>
   <div class='ocr_carea' id='block_1_64' title="bbox 1807 473 3391 542">
    <p class='ocr_par' dir='ltr' id='par_1_64' title="bbox 1807 473 3391 542">
     <span class='ocr_line' id='line_1_64' title="bbox 1807 473 3391 542; baseline 0.005 -15"><span class='ocrx_word' id='word_1_449' title='bbox 1807 473 2110 542; x_wconf 80' lang='lat' dir='ltr'><strong>polluerent,</strong></span> <span class='ocrx_word' id='word_1_450' title='bbox 2158 474 2432 530; x_wconf 89' lang='lat' dir='ltr'><strong>multorum</strong></span> <span class='ocrx_word' id='word_1_451' title='bbox 2478 486 2637 532; x_wconf 87' lang='lat' dir='ltr'><strong>catus</strong></span> <span class='ocrx_word' id='word_1_452' title='bbox 2686 477 2965 532; x_wconf 86' lang='lat' dir='ltr'><strong>antistitum</strong></span> <span class='ocrx_word' id='word_1_453' title='bbox 3009 478 3063 532; x_wconf 92' lang='lat' dir='ltr'><strong>in</strong></span> <span class='ocrx_word' id='word_1_454' title='bbox 3091 474 3248 533; x_wconf 87' lang='lat' dir='ltr'><strong>unum</strong></span> <span class='ocrx_word' id='word_1_455' title='bbox 3282 477 3391 534; x_wconf 88' lang='lat' dir='ltr'><strong>Deo</strong></span> 
     </span>
    </p>
   </div>
   <div class='ocr_carea' id='block_1_65' title="bbox 1805 565 3396 642">
    <p class='ocr_par' dir='ltr' id='par_1_65' title="bbox 1805 565 3396 642">
     <span class='ocr_line' id='line_1_65' title="bbox 1805 565 3396 642; baseline 0.005 -25"><span class='ocrx_word' id='word_1_456' title='bbox 1805 565 2128 634; x_wconf 89' lang='lat' dir='ltr'><strong>conspirante</strong></span> <span class='ocrx_word' id='word_1_457' title='bbox 2161 565 2421 634; x_wconf 88' lang='lat' dir='ltr'><strong>collectus,</strong></span> <span class='ocrx_word' id='word_1_458' title='bbox 2454 567 2707 622; x_wconf 82' lang='lat' dir='ltr'><strong>hominem</strong></span> <span class='ocrx_word' id='word_1_459' title='bbox 2733 568 2812 623; x_wconf 88' lang='lat' dir='ltr'><strong>vel</strong></span> <span class='ocrx_word' id='word_1_460' title='bbox 2834 570 3003 641; x_wconf 85' lang='lat' dir='ltr'><strong>potius</strong></span> <span class='ocrx_word' id='word_1_461' title='bbox 3031 581 3239 640; x_wconf 88' lang='lat' dir='ltr'><strong>pestem,</strong></span> <span class='ocrx_word' id='word_1_462' title='bbox 3279 586 3396 642; x_wconf 86' lang='lat' dir='ltr'><strong>qua</strong></span> 
     </span>
    </p>
   </div>
   <div class='ocr_carea' id='block_1_66' title="bbox 1804 656 3394 733">
    <p class='ocr_par' dir='ltr' id='par_1_66' title="bbox 1804 656 3394 733">
     <span class='ocr_line' id='line_1_66' title="bbox 1804 656 3394 733; baseline 0.003 -22"><span class='ocrx_word' id='word_1_463' title='bbox 1804 671 2036 726; x_wconf 78' lang='lat' dir='ltr'><strong>superna:</strong></span> <span class='ocrx_word' id='word_1_464' title='bbox 2055 656 2312 728; x_wconf 89' lang='lat' dir='ltr'><strong>displicuit</strong></span> <span class='ocrx_word' id='word_1_465' title='bbox 2335 658 2608 729; x_wconf 86' lang='lat' dir='ltr'><strong>majestati,</strong></span> <span class='ocrx_word' id='word_1_466' title='bbox 2639 660 2790 714; x_wconf 89' lang='lat' dir='ltr'><strong>etiam</strong></span> <span class='ocrx_word' id='word_1_467' title='bbox 2809 675 2954 732; x_wconf 88' lang='lat' dir='ltr'><strong>pura</strong></span> <span class='ocrx_word' id='word_1_468' title='bbox 2971 661 3152 716; x_wconf 89' lang='lat' dir='ltr'><strong>mentis</strong></span> <span class='ocrx_word' id='word_1_469' title='bbox 3179 663 3394 733; x_wconf 88' lang='lat' dir='ltr'><strong>propria</strong></span> 
     </span>
    </p>
   </div>
   <div class='ocr_carea' id='block_1_67' title="bbox 1805 747 3391 824">
    <p class='ocr_par' dir='ltr' id='par_1_67' title="bbox 1805 747 3391 824">
     <span class='ocr_line' id='line_1_67' title="bbox 1805 747 3391 824; baseline 0.005 -24"><span class='ocrx_word' id='word_1_470' title='bbox 1805 747 2104 824; x_wconf 85' lang='lat' dir='ltr'><strong>coercitione</strong></span> <span class='ocrx_word' id='word_1_471' title='bbox 2153 747 2431 803; x_wconf 85' lang='lat' dir='ltr'><strong>damnavit.</strong></span> <span class='ocrx_word' id='word_1_472' title='bbox 2491 747 2597 806; x_wconf 85' lang='lat' dir='ltr'><strong>Eos</strong></span> <span class='ocrx_word' id='word_1_473' title='bbox 2637 767 2832 823; x_wconf 84' lang='lat' dir='ltr'><strong>quoque</strong></span> <span class='ocrx_word' id='word_1_474' title='bbox 2867 769 2992 824; x_wconf 87' lang='lat' dir='ltr'><strong>quos</strong></span> <span class='ocrx_word' id='word_1_475' title='bbox 3029 752 3212 809; x_wconf 88' lang='lat' dir='ltr'><strong>aliena</strong></span> <span class='ocrx_word' id='word_1_476' title='bbox 3252 770 3391 824; x_wconf 83' lang='lat' dir='ltr'><strong>pra-</strong></span> 
     </span>
    </p>
   </div>
   <div class='ocr_carea' id='block_1_68' title="bbox 1804 839 3388 918">
    <p class='ocr_par' dir='ltr' id='par_1_68' title="bbox 1804 839 3388 918">
     <span class='ocr_line' id='line_1_68' title="bbox 1804 839 3388 918; baseline 0.006 -25"><span class='ocrx_word' id='word_1_477' title='bbox 1804 839 2106 911; x_wconf 87' lang='lat' dir='ltr'><strong>sumptionis</strong></span> <span class='ocrx_word' id='word_1_478' title='bbox 2133 856 2276 895; x_wconf 90' lang='lat' dir='ltr'><strong>error</strong></span> <span class='ocrx_word' id='word_1_479' title='bbox 2289 849 2587 908; x_wconf 70' lang='lat' dir='ltr'><strong>attraxerat,</strong></span> <span class='ocrx_word' id='word_1_480' title='bbox 2617 853 2766 914; x_wconf 87' lang='lat' dir='ltr'><strong>portu</strong></span> <span class='ocrx_word' id='word_1_481' title='bbox 2792 844 2955 916; x_wconf 90' lang='lat' dir='ltr'><strong>primo</strong></span> <span class='ocrx_word' id='word_1_482' title='bbox 2983 848 3240 916; x_wconf 86' lang='lat' dir='ltr'><strong>proposito</strong></span> <span class='ocrx_word' id='word_1_483' title='bbox 3283 863 3388 918; x_wconf 81' lang='lat' dir='ltr'><strong>pa-</strong></span> 
     </span>
    </p>
   </div>
   <div class='ocr_carea' id='block_1_69' title="bbox 1804 930 3386 1009">
    <p class='ocr_par' dir='ltr' id='par_1_69' title="bbox 1804 930 3386 1009">
     <span class='ocr_line' id='line_1_69' title="bbox 1804 930 3386 1009; baseline 0.004 -25"><span class='ocrx_word' id='word_1_484' title='bbox 1804 930 2021 998; x_wconf 88' lang='lat' dir='ltr'><strong>nitendi,</strong></span> <span class='ocrx_word' id='word_1_485' title='bbox 2050 931 2094 986; x_wconf 90' lang='lat' dir='ltr'><strong>si</strong></span> <span class='ocrx_word' id='word_1_486' title='bbox 2138 932 2318 986; x_wconf 89' lang='lat' dir='ltr'><strong>reverti</strong></span> <span class='ocrx_word' id='word_1_487' title='bbox 2361 942 2601 1004; x_wconf 86' lang='lat' dir='ltr'><strong>cuperent</strong></span> <span class='ocrx_word' id='word_1_488' title='bbox 2637 934 2769 989; x_wconf 88' lang='lat' dir='ltr'><strong>intra</strong></span> <span class='ocrx_word' id='word_1_489' title='bbox 2794 944 2989 1007; x_wconf 87' lang='lat' dir='ltr'><strong>tempus</strong></span> <span class='ocrx_word' id='word_1_490' title='bbox 3016 937 3085 991; x_wconf 92' lang='lat' dir='ltr'><strong>ad</strong></span> <span class='ocrx_word' id='word_1_491' title='bbox 3131 938 3386 1009; x_wconf 80' lang='lat' dir='ltr'><strong>religionis</strong></span> 
     </span>
    </p>
   </div>
   <div class='ocr_carea' id='block_1_70' title="bbox 1803 1023 3387 1098">
    <p class='ocr_par' dir='ltr' id='par_1_70' title="bbox 1803 1023 3387 1098">
     <span class='ocr_line' id='line_1_70' title="bbox 1803 1023 3387 1098; baseline 0.002 -20"><span class='ocrx_word' id='word_1_492' title='bbox 1803 1023 2052 1078; x_wconf 88' lang='lat' dir='ltr'><strong>tramitem</strong></span> <span class='ocrx_word' id='word_1_493' title='bbox 2091 1024 2380 1079; x_wconf 90' lang='lat' dir='ltr'><strong>destitutum</strong></span> <span class='ocrx_word' id='word_1_494' title='bbox 2407 1025 2456 1092; x_wconf 76' lang='grc' dir='ltr'><strong>ί,</strong></span> <span class='ocrx_word' id='word_1_495' title='bbox 2503 1027 2614 1098; x_wconf 84' lang='lat' dir='ltr'><strong>pari</strong></span> <span class='ocrx_word' id='word_1_496' title='bbox 2644 1026 2829 1098; x_wconf 87' lang='lat' dir='ltr'><strong>vigoris</strong></span> <span class='ocrx_word' id='word_1_497' title='bbox 2877 1027 3216 1084; x_wconf 87' lang='lat' dir='ltr'><strong>admonitione</strong></span> <span class='ocrx_word' id='word_1_498' title='bbox 3245 1045 3387 1084; x_wconf 82' lang='lat' dir='ltr'><strong>com-</strong></span> 
     </span>
    </p>
   </div>
   <div class='ocr_carea' id='block_1_71' title="bbox 1804 1115 3390 1189">
    <p class='ocr_par' dir='ltr' id='par_1_71' title="bbox 1804 1115 3390 1189">
     <span class='ocr_line' id='line_1_71' title="bbox 1804 1115 3390 1189; baseline 0.003 -20"><span class='ocrx_word' id='word_1_499' title='bbox 1804 1116 2019 1186; x_wconf 89' lang='lat' dir='ltr'><strong>pescuit.</strong></span> <span class='ocrx_word' id='word_1_500' title='bbox 2068 1115 2174 1170; x_wconf 88' lang='lat' dir='ltr'><strong>Sed</strong></span> <span class='ocrx_word' id='word_1_501' title='bbox 2199 1116 2304 1170; x_wconf 88' lang='lat' dir='ltr'><strong>suis</strong></span> <span class='ocrx_word' id='word_1_502' title='bbox 2340 1115 2584 1171; x_wconf 85' lang='lat' dir='ltr'><strong>institutis</strong></span> <span class='ocrx_word' id='word_1_503' title='bbox 2626 1117 2866 1189; x_wconf 86' lang='lat' dir='ltr'><strong>iniquitas</strong></span> <span class='ocrx_word' id='word_1_504' title='bbox 2891 1119 3186 1188; x_wconf 88' lang='lat' dir='ltr'><strong>delectatur,</strong></span> <span class='ocrx_word' id='word_1_505' title='bbox 3215 1129 3260 1174; x_wconf 91' lang='lat' dir='ltr'><strong>et</strong></span> <span class='ocrx_word' id='word_1_506' title='bbox 3309 1137 3390 1174; x_wconf 87' lang='lat' dir='ltr'><strong>se-</strong></span> 
     </span>
    </p>
   </div>
   <div class='ocr_carea' id='block_1_72' title="bbox 1801 1207 3386 1282">
    <p class='ocr_par' dir='ltr' id='par_1_72' title="bbox 1801 1207 3386 1282">
     <span class='ocr_line' id='line_1_72' title="bbox 1801 1207 3386 1282; baseline 0.003 -20"><span class='ocrx_word' id='word_1_507' title='bbox 1801 1207 2067 1279; x_wconf 83' lang='lat' dir='ltr'><strong>metipsum</strong></span> <span class='ocrx_word' id='word_1_508' title='bbox 2093 1225 2195 1264; x_wconf 89' lang='lat' dir='ltr'><strong>non</strong></span> <span class='ocrx_word' id='word_1_509' title='bbox 2222 1211 2428 1278; x_wconf 89' lang='lat' dir='ltr'><strong>deserit,</strong></span> <span class='ocrx_word' id='word_1_510' title='bbox 2450 1226 2564 1264; x_wconf 87' lang='lat' dir='ltr'><strong>cum</strong></span> <span class='ocrx_word' id='word_1_511' title='bbox 2590 1211 2743 1266; x_wconf 88' lang='lat' dir='ltr'><strong>semel</strong></span> <span class='ocrx_word' id='word_1_512' title='bbox 2768 1211 3081 1282; x_wconf 88' lang='lat' dir='ltr'><strong>pracipitata</strong></span> <span class='ocrx_word' id='word_1_513' title='bbox 3124 1215 3386 1268; x_wconf 86' lang='lat' dir='ltr'><strong>corruerit.</strong></span> 
     </span>
    </p>
   </div>
   <div class='ocr_carea' id='block_1_73' title="bbox 1799 1299 3391 1374">
    <p class='ocr_par' dir='ltr' id='par_1_73' title="bbox 1799 1299 3391 1374">
     <span class='ocr_line' id='line_1_73' title="bbox 1799 1299 3391 1374; baseline 0.002 -18"><span class='ocrx_word' id='word_1_514' title='bbox 1799 1299 1952 1356; x_wconf 83' lang='lat' dir='ltr'><strong>Idem</strong></span> <span class='ocrx_word' id='word_1_515' title='bbox 1976 1318 2193 1372; x_wconf 84' lang='lat' dir='ltr'><strong>namque</strong></span> <span class='ocrx_word' id='word_1_516' title='bbox 2213 1301 2564 1358; x_wconf 69' lang='lat' dir='ltr'><strong>Maximianus</strong></span> <span class='ocrx_word' id='word_1_517' title='bbox 2586 1312 2799 1374; x_wconf 88' lang='lat' dir='ltr'><strong>captam</strong></span> <span class='ocrx_word' id='word_1_518' title='bbox 2831 1305 2988 1359; x_wconf 88' lang='lat' dir='ltr'><strong>nutrit</strong></span> <span class='ocrx_word' id='word_1_519' title='bbox 3031 1306 3316 1367; x_wconf 81' lang='lat' dir='ltr'><strong>audaciam,</strong></span> <span class='ocrx_word' id='word_1_520' title='bbox 3341 1315 3391 1359; x_wconf 89' lang='lat' dir='ltr'><strong>et</strong></span> 
     </span>
    </p>
   </div>
   <div class='ocr_carea' id='block_1_74' title="bbox 1801 1393 3390 1469">
    <p class='ocr_par' dir='ltr' id='par_1_74' title="bbox 1801 1393 3390 1469">
     <span class='ocr_line' id='line_1_74' title="bbox 1801 1393 3390 1469; baseline 0.003 -23"><span class='ocrx_word' id='word_1_521' title='bbox 1801 1393 1934 1449; x_wconf 90' lang='lat' dir='ltr'><strong>alios</strong></span> <span class='ocrx_word' id='word_1_522' title='bbox 1979 1393 2178 1449; x_wconf 85' lang='lat' dir='ltr'><strong>sibimet</strong></span> <span class='ocrx_word' id='word_1_523' title='bbox 2226 1395 2483 1450; x_wconf 89' lang='lat' dir='ltr'><strong>consociat</strong></span> <span class='ocrx_word' id='word_1_524' title='bbox 2527 1394 2595 1448; x_wconf 89' lang='lat' dir='ltr'><strong>ad</strong></span> <span class='ocrx_word' id='word_1_525' title='bbox 2633 1398 2878 1466; x_wconf 78' lang='lat' dir='ltr'><strong>furorem.</strong></span> <span class='ocrx_word' id='word_1_526' title='bbox 2905 1393 3049 1451; x_wconf 84' lang='lat' dir='ltr'><strong>Inter</strong></span> <span class='ocrx_word' id='word_1_527' title='bbox 3087 1413 3210 1469; x_wconf 85' lang='lat' dir='ltr'><strong>quos</strong></span> <span class='ocrx_word' id='word_1_528' title='bbox 3237 1399 3390 1451; x_wconf 80' lang='lat' dir='ltr'><strong>etiam</strong></span> 
     </span>
    </p>
   </div>
   <div class='ocr_carea' id='block_1_75' title="bbox 1802 1483 3387 1558">
    <p class='ocr_par' dir='ltr' id='par_1_75' title="bbox 1802 1483 3387 1558">
     <span class='ocr_line' id='line_1_75' title="bbox 1802 1483 3387 1558; baseline 0.001 -18"><span class='ocrx_word' id='word_1_529' title='bbox 1802 1483 2098 1540; x_wconf 85' lang='lat' dir='ltr'><strong>Felicianus</strong></span> <span class='ocrx_word' id='word_1_530' title='bbox 2120 1485 2350 1554; x_wconf 87' lang='lat' dir='ltr'><strong>quidam,</strong></span> <span class='ocrx_word' id='word_1_531' title='bbox 2382 1485 2471 1557; x_wconf 85' lang='lat' dir='ltr'><strong>qui</strong></span> <span class='ocrx_word' id='word_1_532' title='bbox 2494 1486 2660 1558; x_wconf 84' lang='lat' dir='ltr'><strong>primo</strong></span> <span class='ocrx_word' id='word_1_533' title='bbox 2697 1495 2832 1541; x_wconf 91' lang='lat' dir='ltr'><strong>recta</strong></span> <span class='ocrx_word' id='word_1_534' title='bbox 2867 1496 3106 1555; x_wconf 88' lang='lat' dir='ltr'><strong>sectatus,</strong></span> <span class='ocrx_word' id='word_1_535' title='bbox 3134 1487 3387 1558; x_wconf 88' lang='lat' dir='ltr'><strong>deprava-</strong></span> 
     </span>
    </p>
   </div>
   <div class='ocr_carea' id='block_1_76' title="bbox 1801 1575 3389 1651">
    <p class='ocr_par' dir='ltr' id='par_1_76' title="bbox 1801 1575 3389 1651">
     <span class='ocr_line' id='line_1_76' title="bbox 1801 1575 3389 1651; baseline 0.003 -20"><span class='ocrx_word' id='word_1_536' title='bbox 1801 1576 1952 1631; x_wconf 91' lang='lat' dir='ltr'><strong>tionis</strong></span> <span class='ocrx_word' id='word_1_537' title='bbox 1978 1575 2132 1648; x_wconf 85' lang='lat' dir='ltr'><strong>hujus</strong></span> <span class='ocrx_word' id='word_1_538' title='bbox 2150 1576 2539 1632; x_wconf 88' lang='lat' dir='ltr'><strong>attuminatione</strong></span> <span class='ocrx_word' id='word_1_539' title='bbox 2562 1579 2812 1648; x_wconf 80' lang='lat' dir='ltr'><strong>fuscatus,</strong></span> <span class='ocrx_word' id='word_1_540' title='bbox 2845 1578 2898 1632; x_wconf 90' lang='lat' dir='ltr'><strong>in</strong></span> <span class='ocrx_word' id='word_1_541' title='bbox 2921 1577 3203 1633; x_wconf 79' lang='lat' dir='ltr'><strong>Mustitana</strong></span> <span class='ocrx_word' id='word_1_542' title='bbox 3246 1581 3389 1651; x_wconf 85' lang='lat' dir='ltr'><strong>posi-</strong></span> 
     </span>
    </p>
   </div>
   <div class='ocr_carea' id='block_1_77' title="bbox 1800 1667 3390 1741">
    <p class='ocr_par' dir='ltr' id='par_1_77' title="bbox 1800 1667 3390 1741">
     <span class='ocr_line' id='line_1_77' title="bbox 1800 1667 3390 1741; baseline 0.004 -20"><span class='ocrx_word' id='word_1_543' title='bbox 1800 1676 1883 1723; x_wconf 85' lang='lat' dir='ltr'><strong>tus</strong></span> <span class='ocrx_word' id='word_1_544' title='bbox 1910 1668 2128 1733; x_wconf 85' lang='lat' dir='ltr'><strong>civitate,</strong></span> <span class='ocrx_word' id='word_1_545' title='bbox 2164 1667 2273 1723; x_wconf 89' lang='lat' dir='ltr'><strong>Deo</strong></span> <span class='ocrx_word' id='word_1_546' title='bbox 2315 1669 2648 1739; x_wconf 89' lang='lat' dir='ltr'><strong>omnipotenti</strong></span> <span class='ocrx_word' id='word_1_547' title='bbox 2685 1670 2902 1741; x_wconf 89' lang='lat' dir='ltr'><strong>parietes</strong></span> <span class='ocrx_word' id='word_1_548' title='bbox 2947 1679 3284 1738; x_wconf 90' lang='lat' dir='ltr'><strong>consecratos,</strong></span> <span class='ocrx_word' id='word_1_549' title='bbox 3339 1681 3390 1727; x_wconf 90' lang='lat' dir='ltr'><strong>et</strong></span> 
     </span>
    </p>
   </div>
   <div class='ocr_carea' id='block_1_78' title="bbox 1799 1755 3386 1832">
    <p class='ocr_par' dir='ltr' id='par_1_78' title="bbox 1799 1755 3386 1832">
     <span class='ocr_line' id='line_1_78' title="bbox 1799 1755 3386 1832; baseline 0.004 -20"><span class='ocrx_word' id='word_1_550' title='bbox 1799 1755 2083 1814; x_wconf 88' lang='lat' dir='ltr'><strong>Ecclesiam</strong></span> <span class='ocrx_word' id='word_1_551' title='bbox 2106 1760 2443 1815; x_wconf 82' lang='lat' dir='ltr'><strong>venerandam</strong></span> <span class='ocrx_word' id='word_1_552' title='bbox 2470 1761 2616 1832; x_wconf 86' lang='lat' dir='ltr'><strong>quasi</strong></span> <span class='ocrx_word' id='word_1_553' title='bbox 2628 1761 2847 1832; x_wconf 87' lang='lat' dir='ltr'><strong>quadam</strong></span> <span class='ocrx_word' id='word_1_554' title='bbox 2863 1760 3148 1818; x_wconf 89' lang='lat' dir='ltr'><strong>obsessione</strong></span> <span class='ocrx_word' id='word_1_555' title='bbox 3170 1764 3386 1818; x_wconf 86' lang='lat' dir='ltr'><strong>credidit</strong></span> 
     </span>
    </p>
   </div>
   <div class='ocr_carea' id='block_1_79' title="bbox 1798 1850 3387 1911">
    <p class='ocr_par' dir='ltr' id='par_1_79' title="bbox 1798 1850 3387 1911">
     <span class='ocr_line' id='line_1_79' title="bbox 1798 1850 3387 1911; baseline 0.003 -4"><span class='ocrx_word' id='word_1_556' title='bbox 1798 1851 2142 1908; x_wconf 82' lang='lat' dir='ltr'><strong>retinendam.</strong></span> <span class='ocrx_word' id='word_1_557' title='bbox 2195 1850 2350 1906; x_wconf 85' lang='lat' dir='ltr'><strong>Hunc</strong></span> <span class='ocrx_word' id='word_1_558' title='bbox 2403 1853 2554 1907; x_wconf 88' lang='lat' dir='ltr'><strong>etiant</strong></span> <span class='ocrx_word' id='word_1_559' title='bbox 2598 1851 2937 1909; x_wconf 68' lang='lat' dir='ltr'><strong>Pratactatus</strong></span> <span class='ocrx_word' id='word_1_560' title='bbox 2974 1855 3029 1910; x_wconf 90' lang='lat' dir='ltr'><strong>in</strong></span> <span class='ocrx_word' id='word_1_561' title='bbox 3077 1855 3387 1911; x_wconf 81' lang='lat' dir='ltr'><strong>Assuritunis</strong></span> 
     </span>
    </p>
   </div>
   <div class='ocr_carea' id='block_1_80' title="bbox 1799 1942 3388 2016">
    <p class='ocr_par' dir='ltr' id='par_1_80' title="bbox 1799 1942 3388 2016">
     <span class='ocr_line' id='line_1_80' title="bbox 1799 1942 3388 2016; baseline 0.005 -20"><span class='ocrx_word' id='word_1_562' title='bbox 1799 1942 2028 2014; x_wconf 86' lang='lat' dir='ltr'><strong>partibus</strong></span> <span class='ocrx_word' id='word_1_563' title='bbox 2055 1943 2302 1998; x_wconf 90' lang='lat' dir='ltr'><strong>imitatur.</strong></span> <span class='ocrx_word' id='word_1_564' title='bbox 2353 1943 2461 2001; x_wconf 88' lang='lat' dir='ltr'><strong>Sed</strong></span> <span class='ocrx_word' id='word_1_565' title='bbox 2485 1961 2600 2000; x_wconf 89' lang='lat' dir='ltr'><strong>cum</strong></span> <span class='ocrx_word' id='word_1_566' title='bbox 2633 1946 2884 2016; x_wconf 87' lang='lat' dir='ltr'><strong>aquitatis</strong></span> <span class='ocrx_word' id='word_1_567' title='bbox 2929 1955 3032 2003; x_wconf 88' lang='lat' dir='ltr'><strong>tua</strong></span> <span class='ocrx_word' id='word_1_568' title='bbox 3058 1948 3388 2006; x_wconf 84' lang='lat' dir='ltr'><strong>innotesceret</strong></span> 
     </span>
    </p>
   </div>
   <div class='ocr_carea' id='block_1_81' title="bbox 1799 2035 3386 2114">
    <p class='ocr_par' dir='ltr' id='par_1_81' title="bbox 1799 2035 3386 2114">
     <span class='ocr_line' id='line_1_81' title="bbox 1799 2035 3386 2114; baseline 0.003 -24"><span class='ocrx_word' id='word_1_569' title='bbox 1799 2035 2033 2108; x_wconf 90' lang='lat' dir='ltr'><strong>potestati</strong></span> <span class='ocrx_word' id='word_1_570' title='bbox 2086 2036 2397 2092; x_wconf 89' lang='lat' dir='ltr'><strong>consortium</strong></span> <span class='ocrx_word' id='word_1_571' title='bbox 2443 2037 2764 2093; x_wconf 89' lang='lat' dir='ltr'><strong>sacerdotum</strong></span> <span class='ocrx_word' id='word_1_572' title='bbox 2787 2081 2803 2106; x_wconf 93' lang='lat'><strong>,</strong></span> <span class='ocrx_word' id='word_1_573' title='bbox 2849 2039 3052 2110; x_wconf 85' lang='lat' dir='ltr'><strong>jussisti</strong></span> <span class='ocrx_word' id='word_1_574' title='bbox 3069 2081 3085 2106; x_wconf 93' lang='lat'><strong>,</strong></span> <span class='ocrx_word' id='word_1_575' title='bbox 3138 2050 3196 2095; x_wconf 88' lang='lat' dir='ltr'><strong>ut</strong></span> <span class='ocrx_word' id='word_1_576' title='bbox 3244 2050 3386 2114; x_wconf 91' lang='lat' dir='ltr'><strong>gesta</strong></span> 
     </span>
    </p>
   </div>
   <div class='ocr_carea' id='block_1_82' title="bbox 1797 2127 3388 2202">
    <p class='ocr_par' dir='ltr' id='par_1_82' title="bbox 1797 2127 3388 2202">
     <span class='ocr_line' id='line_1_82' title="bbox 1797 2127 3388 2202; baseline 0.004 -18"><span class='ocrx_word' id='word_1_577' title='bbox 1797 2135 2044 2184; x_wconf 81' lang='lat' dir='ltr'><strong>testantur</strong></span> <span class='ocrx_word' id='word_1_578' title='bbox 2060 2127 2158 2202; x_wconf 90' lang='lat' dir='ltr'><strong>(a),</strong></span> <span class='ocrx_word' id='word_1_579' title='bbox 2181 2129 2390 2196; x_wconf 74' lang='lat' dir='ltr'><strong>exploso</strong></span> <span class='ocrx_word' id='word_1_580' title='bbox 2409 2131 2548 2186; x_wconf 91' lang='lat' dir='ltr'><strong>omni</strong></span> <span class='ocrx_word' id='word_1_581' title='bbox 2565 2132 2976 2188; x_wconf 89' lang='lat' dir='ltr'><strong>contradictionis</strong></span> <span class='ocrx_word' id='word_1_582' title='bbox 2993 2132 3194 2202; x_wconf 75' lang='lat' dir='ltr'><strong>eﬁ‘ectu,</strong></span> <span class='ocrx_word' id='word_1_583' title='bbox 3221 2151 3388 2190; x_wconf 83' lang='lat' dir='ltr'><strong>sacra-</strong></span> 
     </span>
    </p>
   </div>
   <div class='ocr_carea' id='block_1_83' title="bbox 1797 2219 3388 2294">
    <p class='ocr_par' dir='ltr' id='par_1_83' title="bbox 1797 2219 3388 2294">
     <span class='ocr_line' id='line_1_83' title="bbox 1797 2219 3388 2294; baseline 0.004 -20"><span class='ocrx_word' id='word_1_584' title='bbox 1797 2219 2005 2275; x_wconf 89' lang='lat' dir='ltr'><strong>tissimis</strong></span> <span class='ocrx_word' id='word_1_585' title='bbox 2017 2220 2359 2276; x_wconf 81' lang='lat' dir='ltr'><strong>sacerdotibus</strong></span> <span class='ocrx_word' id='word_1_586' title='bbox 2370 2239 2402 2275; x_wconf 92' lang='lat' dir='ltr'><strong>a</strong></span> <span class='ocrx_word' id='word_1_587' title='bbox 2411 2223 2644 2294; x_wconf 73' lang='lat' dir='ltr'><strong>profanis</strong></span> <span class='ocrx_word' id='word_1_588' title='bbox 2657 2223 2902 2279; x_wconf 86' lang='lat' dir='ltr'><strong>mentibus</strong></span> <span class='ocrx_word' id='word_1_589' title='bbox 2917 2225 3149 2281; x_wconf 86' lang='lat' dir='ltr'><strong>ecclesias</strong></span> <span class='ocrx_word' id='word_1_590' title='bbox 3159 2226 3388 2282; x_wconf 88' lang='lat' dir='ltr'><strong>vindica-</strong></span> 
     </span>
    </p>
   </div>
   <div class='ocr_carea' id='block_1_84' title="bbox 1798 2312 3383 2388">
    <p class='ocr_par' dir='ltr' id='par_1_84' title="bbox 1798 2312 3383 2388">
     <span class='ocr_line' id='line_1_84' title="bbox 1798 2312 3383 2388; baseline 0.004 -22"><span class='ocrx_word' id='word_1_591' title='bbox 1798 2318 1876 2366; x_wconf 90' lang='lat' dir='ltr'><strong>tas</strong></span> <span class='ocrx_word' id='word_1_592' title='bbox 1888 2321 2121 2382; x_wconf 86' lang='lat' dir='ltr'><strong>oportere</strong></span> <span class='ocrx_word' id='word_1_593' title='bbox 2139 2313 2354 2368; x_wconf 86' lang='lat' dir='ltr'><strong>restitui.</strong></span> <span class='ocrx_word' id='word_1_594' title='bbox 2377 2312 2536 2370; x_wconf 82' lang='lat' dir='ltr'><strong>Vides</strong></span> <span class='ocrx_word' id='word_1_595' title='bbox 2549 2329 2742 2385; x_wconf 88' lang='lat' dir='ltr'><strong>nempe</strong></span> <span class='ocrx_word' id='word_1_596' title='bbox 2757 2330 2926 2386; x_wconf 89' lang='lat' dir='ltr'><strong>usque</strong></span> <span class='ocrx_word' id='word_1_597' title='bbox 2942 2314 3008 2370; x_wconf 91' lang='lat' dir='ltr'><strong>ad</strong></span> <span class='ocrx_word' id='word_1_598' title='bbox 3027 2315 3182 2387; x_wconf 86' lang='lat' dir='ltr'><strong>hujus</strong></span> <span class='ocrx_word' id='word_1_599' title='bbox 3197 2326 3383 2388; x_wconf 83' lang='lat' dir='ltr'><strong>postu-</strong></span> 
     </span>
    </p>
   </div>
   <div class='ocr_carea' id='block_1_85' title="bbox 1795 2403 3386 2480">
    <p class='ocr_par' dir='ltr' id='par_1_85' title="bbox 1795 2403 3386 2480">
     <span class='ocr_line' id='line_1_85' title="bbox 1795 2403 3386 2480; baseline 0.004 -20"><span class='ocrx_word' id='word_1_600' title='bbox 1795 2403 2010 2460; x_wconf 87' lang='lat' dir='ltr'><strong>lationis</strong></span> <span class='ocrx_word' id='word_1_601' title='bbox 2032 2403 2176 2460; x_wconf 89' lang='lat' dir='ltr'><strong>diem</strong></span> <span class='ocrx_word' id='word_1_602' title='bbox 2197 2403 2264 2460; x_wconf 91' lang='lat' dir='ltr'><strong>ab</strong></span> <span class='ocrx_word' id='word_1_603' title='bbox 2282 2404 2376 2460; x_wconf 91' lang='lat' dir='ltr'><strong>illo</strong></span> <span class='ocrx_word' id='word_1_604' title='bbox 2407 2406 2716 2476; x_wconf 77' lang='lat' dir='ltr'><strong>prastituta:</strong></span> <span class='ocrx_word' id='word_1_605' title='bbox 2738 2407 3028 2476; x_wconf 87' lang='lat' dir='ltr'><strong>dilationis,</strong></span> <span class='ocrx_word' id='word_1_606' title='bbox 3055 2409 3198 2480; x_wconf 90' lang='lat' dir='ltr'><strong>quod</strong></span> <span class='ocrx_word' id='word_1_607' title='bbox 3224 2409 3386 2466; x_wconf 91' lang='lat' dir='ltr'><strong>trium</strong></span> 
     </span>
    </p>
   </div>
   <div class='ocr_carea' id='block_1_86' title="bbox 1795 2491 3385 2568">
    <p class='ocr_par' dir='ltr' id='par_1_86' title="bbox 1795 2491 3385 2568">
     <span class='ocr_line' id='line_1_86' title="bbox 1795 2491 3385 2568; baseline 0.006 -20"><span class='ocrx_word' id='word_1_608' title='bbox 1795 2491 1912 2550; x_wconf 78' lang='lat' dir='ltr'><strong>fere</strong></span> <span class='ocrx_word' id='word_1_609' title='bbox 1954 2495 2216 2551; x_wconf 87' lang='lat' dir='ltr'><strong>mensium</strong></span> <span class='ocrx_word' id='word_1_610' title='bbox 2265 2504 2477 2568; x_wconf 91' lang='lat' dir='ltr'><strong>tempus</strong></span> <span class='ocrx_word' id='word_1_611' title='bbox 2518 2496 2804 2553; x_wconf 83' lang='lat' dir='ltr'><strong>efﬂuxerit.</strong></span> <span class='ocrx_word' id='word_1_612' title='bbox 2851 2498 3168 2557; x_wconf 86' lang='lat' dir='ltr'><strong>Producitur</strong></span> <span class='ocrx_word' id='word_1_613' title='bbox 3205 2509 3385 2558; x_wconf 90' lang='lat' dir='ltr'><strong>autem</strong></span> 
     </span>
    </p>
   </div>
   <div class='ocr_carea' id='block_1_87' title="bbox 1796 2585 3388 2662">
    <p class='ocr_par' dir='ltr' id='par_1_87' title="bbox 1796 2585 3388 2662">
     <span class='ocr_line' id='line_1_87' title="bbox 1796 2585 3388 2662; baseline 0.004 -20"><span class='ocrx_word' id='word_1_614' title='bbox 1796 2585 1899 2642; x_wconf 87' lang='lat' dir='ltr'><strong>iste</strong></span> <span class='ocrx_word' id='word_1_615' title='bbox 1923 2585 2224 2654; x_wconf 81' lang='lat' dir='ltr'><strong>conﬂictus,</strong></span> <span class='ocrx_word' id='word_1_616' title='bbox 2249 2595 2505 2658; x_wconf 89' lang='lat' dir='ltr'><strong>quantum</strong></span> <span class='ocrx_word' id='word_1_617' title='bbox 2535 2605 2600 2645; x_wconf 86' lang='lat' dir='ltr'><strong>ex</strong></span> <span class='ocrx_word' id='word_1_618' title='bbox 2641 2589 2807 2660; x_wconf 81' lang='lat' dir='ltr'><strong>gestis</strong></span> <span class='ocrx_word' id='word_1_619' title='bbox 2837 2592 3306 2662; x_wconf 89' lang='lat' dir='ltr'><strong>proconsularibus</strong></span> <span class='ocrx_word' id='word_1_620' title='bbox 3331 2602 3388 2650; x_wconf 90' lang='lat' dir='ltr'><strong>et</strong></span> 
     </span>
    </p>
   </div>
   <div class='ocr_carea' id='block_1_88' title="bbox 1796 2677 3384 2754">
    <p class='ocr_par' dir='ltr' id='par_1_88' title="bbox 1796 2677 3384 2754">
     <span class='ocr_line' id='line_1_88' title="bbox 1796 2677 3384 2754; baseline 0.006 -21"><span class='ocrx_word' id='word_1_621' title='bbox 1796 2677 2210 2748; x_wconf 88' lang='lat' dir='ltr'><strong>municipalibus</strong></span> <span class='ocrx_word' id='word_1_622' title='bbox 2237 2677 2490 2750; x_wconf 76' lang='lat' dir='ltr'><strong>indagare</strong></span> <span class='ocrx_word' id='word_1_623' title='bbox 2529 2681 2824 2752; x_wconf 87' lang='lat' dir='ltr'><strong>potuimus,</strong></span> <span class='ocrx_word' id='word_1_624' title='bbox 2853 2699 3021 2754; x_wconf 90' lang='lat' dir='ltr'><strong>usque</strong></span> <span class='ocrx_word' id='word_1_625' title='bbox 3041 2684 3107 2740; x_wconf 91' lang='lat' dir='ltr'><strong>ad</strong></span> <span class='ocrx_word' id='word_1_626' title='bbox 3133 2684 3384 2742; x_wconf 78' lang='lat' dir='ltr'><strong>Theodo-</strong></span> 
     </span>
    </p>
   </div>
   <div class='ocr_carea' id='block_1_89' title="bbox 1795 2769 3386 2844">
    <p class='ocr_par' dir='ltr' id='par_1_89' title="bbox 1795 2769 3386 2844">
     <span class='ocr_line' id='line_1_89' title="bbox 1795 2769 3386 2844; baseline 0.005 -20"><span class='ocrx_word' id='word_1_627' title='bbox 1795 2782 1916 2824; x_wconf 90' lang='lat' dir='ltr'><strong>rum</strong></span> <span class='ocrx_word' id='word_1_628' title='bbox 1971 2769 2366 2838; x_wconf 86' lang='lat' dir='ltr'><strong>proconsulem,</strong></span> <span class='ocrx_word' id='word_1_629' title='bbox 2417 2769 2518 2825; x_wconf 91' lang='lat' dir='ltr'><strong>hoc</strong></span> <span class='ocrx_word' id='word_1_630' title='bbox 2564 2780 2868 2844; x_wconf 89' lang='lat' dir='ltr'><strong>est,usque</strong></span> <span class='ocrx_word' id='word_1_631' title='bbox 2906 2773 2972 2829; x_wconf 89' lang='lat' dir='ltr'><strong>ad</strong></span> <span class='ocrx_word' id='word_1_632' title='bbox 3011 2775 3134 2830; x_wconf 89' lang='lat' dir='ltr'><strong>anni</strong></span> <span class='ocrx_word' id='word_1_633' title='bbox 3161 2775 3386 2832; x_wconf 85' lang='lat' dir='ltr'><strong>alterius</strong></span> 
     </span>
    </p>
   </div>
   <div class='ocr_carea' id='block_1_90' title="bbox 1795 2856 3382 2933">
    <p class='ocr_par' dir='ltr' id='par_1_90' title="bbox 1795 2856 3382 2933">
     <span class='ocr_line' id='line_1_90' title="bbox 1795 2856 3382 2933; baseline 0.005 -19"><span class='ocrx_word' id='word_1_634' title='bbox 1795 2856 1940 2914; x_wconf 88' lang='lat' dir='ltr'><strong>diem</strong></span> <span class='ocrx_word' id='word_1_635' title='bbox 1969 2858 2310 2915; x_wconf 88' lang='lat' dir='ltr'><strong>undecimum</strong></span> <span class='ocrx_word' id='word_1_636' title='bbox 2350 2859 2604 2917; x_wconf 85' lang='lat' dir='ltr'><strong>calendas</strong></span> <span class='ocrx_word' id='word_1_637' title='bbox 2640 2861 2892 2932; x_wconf 87' lang='lat' dir='ltr'><strong>januarii.</strong></span> <span class='ocrx_word' id='word_1_638' title='bbox 2922 2863 3040 2933; x_wconf 85' lang='lat' dir='ltr'><strong>Quo</strong></span> <span class='ocrx_word' id='word_1_639' title='bbox 3065 2864 3152 2921; x_wconf 90' lang='lat' dir='ltr'><strong>die</strong></span> <span class='ocrx_word' id='word_1_640' title='bbox 3197 2865 3382 2922; x_wconf 88' lang='lat' dir='ltr'><strong>clerici</strong></span> 
     </span>
    </p>
   </div>
   <div class='ocr_carea' id='block_1_91' title="bbox 1797 2950 3375 3041">
    <p class='ocr_par' dir='ltr' id='par_1_91' title="bbox 1797 2950 3375 3041">
     <span class='ocr_line' id='line_1_91' title="bbox 1797 2950 3375 3041; baseline 0.003 -34"><span class='ocrx_word' id='word_1_641' title='bbox 1797 2959 1852 3007; x_wconf 92' lang='lat' dir='ltr'><strong>et</strong></span> <span class='ocrx_word' id='word_1_642' title='bbox 1879 2950 2118 3008; x_wconf 89' lang='lat' dir='ltr'><strong>seniores</strong></span> <span class='ocrx_word' id='word_1_643' title='bbox 2145 2959 2363 3023; x_wconf 87' lang='lat' dir='ltr'><strong>agentes</strong></span> <span class='ocrx_word' id='word_1_644' title='bbox 2390 2951 2491 3007; x_wconf 90' lang='lat' dir='ltr'><strong>sub</strong></span> <span class='ocrx_word' id='word_1_645' title='bbox 2517 2952 2721 3024; x_wconf 81' lang='lat' dir='ltr'><strong>Rogato</strong></span> <span class='ocrx_word' id='word_1_646' title='bbox 2765 2955 3039 3026; x_wconf 80' lang='lat' dir='ltr'><strong>episcOpo,</strong></span> <span class='ocrx_word' id='word_1_647' title='bbox 3067 2956 3159 3028; x_wconf 91' lang='lat' dir='ltr'><strong>qui</strong></span> <span class='ocrx_word' id='word_1_648' title='bbox 3173 2957 3256 3041; x_wconf 54' lang='lat' dir='ltr'><strong>.in</strong></span> <span class='ocrx_word' id='word_1_649' title='bbox 3291 2957 3375 3012; x_wconf 83' lang='lat' dir='ltr'><strong>lo-</strong></span> 
     </span>
    </p>
   </div>
   <div class='ocr_carea' id='block_1_92' title="bbox 1797 3041 3385 3119">
    <p class='ocr_par' dir='ltr' id='par_1_92' title="bbox 1797 3041 3385 3119">
     <span class='ocr_line' id='line_1_92' title="bbox 1797 3041 3385 3119; baseline 0.002 -20"><span class='ocrx_word' id='word_1_650' title='bbox 1797 3056 1921 3099; x_wconf 90' lang='lat' dir='ltr'><strong>cum</strong></span> <span class='ocrx_word' id='word_1_651' title='bbox 1950 3041 2185 3099; x_wconf 90' lang='lat' dir='ltr'><strong>damnati</strong></span> <span class='ocrx_word' id='word_1_652' title='bbox 2204 3043 2510 3099; x_wconf 68' lang='lat' dir='ltr'><strong>Praetextati</strong></span> <span class='ocrx_word' id='word_1_653' title='bbox 2537 3045 2836 3100; x_wconf 87' lang='lat' dir='ltr'><strong>Assuritani</strong></span> <span class='ocrx_word' id='word_1_654' title='bbox 2852 3044 3026 3102; x_wconf 75' lang='lat' dir='ltr'><strong>fuerat</strong></span> <span class='ocrx_word' id='word_1_655' title='bbox 3045 3045 3385 3119; x_wconf 83' lang='lat' dir='ltr'><strong>subrogatus,</strong></span> 
     </span>
    </p>
   </div>
   <div class='ocr_carea' id='block_1_93' title="bbox 1795 3133 3386 3208">
    <p class='ocr_par' dir='ltr' id='par_1_93' title="bbox 1795 3133 3386 3208">
     <span class='ocr_line' id='line_1_93' title="bbox 1795 3133 3386 3208; baseline 0.003 -19"><span class='ocrx_word' id='word_1_656' title='bbox 1795 3133 2160 3206; x_wconf 87' lang='lat' dir='ltr'><strong>allegaverunt</strong></span> <span class='ocrx_word' id='word_1_657' title='bbox 2211 3134 2491 3190; x_wconf 88' lang='lat' dir='ltr'><strong>memorati</strong></span> <span class='ocrx_word' id='word_1_658' title='bbox 2537 3135 2869 3206; x_wconf 90' lang='lat' dir='ltr'><strong>proconsulis</strong></span> <span class='ocrx_word' id='word_1_659' title='bbox 2905 3136 3224 3208; x_wconf 89' lang='lat' dir='ltr'><strong>jussionem,</strong></span> <span class='ocrx_word' id='word_1_660' title='bbox 3263 3154 3386 3195; x_wconf 90' lang='lat' dir='ltr'><strong>cum</strong></span> 
     </span>
    </p>
   </div>
   <div class='ocr_carea' id='block_1_94' title="bbox 1798 3224 3387 3299">
    <p class='ocr_par' dir='ltr' id='par_1_94' title="bbox 1798 3224 3387 3299">
     <span class='ocr_line' id='line_1_94' title="bbox 1798 3224 3387 3299; baseline 0.003 -18"><span class='ocrx_word' id='word_1_661' title='bbox 1798 3224 1965 3282; x_wconf 77' lang='lat' dir='ltr'><strong>eloris</strong></span> <span class='ocrx_word' id='word_1_662' title='bbox 1995 3232 2150 3281; x_wconf 88' lang='lat' dir='ltr'><strong>erant</strong></span> <span class='ocrx_word' id='word_1_663' title='bbox 2173 3240 2204 3280; x_wconf 89' lang='lat' dir='ltr'><strong>a</strong></span> <span class='ocrx_word' id='word_1_664' title='bbox 2241 3227 2620 3283; x_wconf 88' lang='lat' dir='ltr'><strong>communione</strong></span> <span class='ocrx_word' id='word_1_665' title='bbox 2659 3236 2861 3295; x_wconf 90' lang='lat' dir='ltr'><strong>vestra,</strong></span> <span class='ocrx_word' id='word_1_666' title='bbox 2889 3236 2944 3284; x_wconf 91' lang='lat' dir='ltr'><strong>et</strong></span> <span class='ocrx_word' id='word_1_667' title='bbox 2964 3228 3204 3299; x_wconf 88' lang='lat' dir='ltr'><strong>ejusdem</strong></span> <span class='ocrx_word' id='word_1_668' title='bbox 3234 3243 3387 3285; x_wconf 78' lang='lat' dir='ltr'><strong>com-</strong></span> 
     </span>
    </p>
   </div>
   <div class='ocr_carea' id='block_1_95' title="bbox 1798 3315 3389 3390">
    <p class='ocr_par' dir='ltr' id='par_1_95' title="bbox 1798 3315 3389 3390">
     <span class='ocr_line' id='line_1_95' title="bbox 1798 3315 3389 3390; baseline 0.001 -18"><span class='ocrx_word' id='word_1_669' title='bbox 1798 3316 2070 3386; x_wconf 77' lang='lat' dir='ltr'><strong>munionis</strong></span> <span class='ocrx_word' id='word_1_670' title='bbox 2088 3323 2280 3370; x_wconf 64' lang='lat' dir='ltr'><strong>vestra:</strong></span> <span class='ocrx_word' id='word_1_671' title='bbox 2307 3315 2508 3372; x_wconf 88' lang='lat' dir='ltr'><strong>inimici</strong></span> <span class='ocrx_word' id='word_1_672' title='bbox 2529 3316 2580 3371; x_wconf 91' lang='lat' dir='ltr'><strong>in</strong></span> <span class='ocrx_word' id='word_1_673' title='bbox 2597 3316 2814 3388; x_wconf 89' lang='lat' dir='ltr'><strong>judiciis</strong></span> <span class='ocrx_word' id='word_1_674' title='bbox 2840 3317 3064 3389; x_wconf 88' lang='lat' dir='ltr'><strong>publicis</strong></span> <span class='ocrx_word' id='word_1_675' title='bbox 3090 3319 3389 3390; x_wconf 83' lang='lat' dir='ltr'><strong>argueban-</strong></span> 
     </span>
    </p>
   </div>
   <div class='ocr_carea' id='block_1_96' title="bbox 1800 3405 3389 3477">
    <p class='ocr_par' dir='ltr' id='par_1_96' title="bbox 1800 3405 3389 3477">
     <span class='ocr_line' id='line_1_96' title="bbox 1800 3405 3389 3477; baseline 0.003 -15"><span class='ocrx_word' id='word_1_676' title='bbox 1800 3415 1908 3473; x_wconf 89' lang='lat' dir='ltr'><strong>tur,</strong></span> <span class='ocrx_word' id='word_1_677' title='bbox 1959 3415 2014 3463; x_wconf 91' lang='lat' dir='ltr'><strong>et</strong></span> <span class='ocrx_word' id='word_1_678' title='bbox 2040 3405 2432 3477; x_wconf 82' lang='lat' dir='ltr'><strong>expellendidc</strong></span> <span class='ocrx_word' id='word_1_679' title='bbox 2477 3406 2609 3462; x_wconf 89' lang='lat' dir='ltr'><strong>locis</strong></span> <span class='ocrx_word' id='word_1_680' title='bbox 2650 3407 2761 3464; x_wconf 88' lang='lat' dir='ltr'><strong>Deo</strong></span> <span class='ocrx_word' id='word_1_681' title='bbox 2799 3423 3010 3464; x_wconf 89' lang='lat' dir='ltr'><strong>summo</strong></span> <span class='ocrx_word' id='word_1_682' title='bbox 3063 3410 3389 3467; x_wconf 87' lang='lat' dir='ltr'><strong>consecratis</strong></span> 
     </span>
    </p>
   </div>
   <div class='ocr_carea' id='block_1_97' title="bbox 1800 3499 2686 3572">
    <p class='ocr_par' dir='ltr' id='par_1_97' title="bbox 1800 3499 2686 3572">
     <span class='ocr_line' id='line_1_97' title="bbox 1800 3499 2686 3572; baseline -0.003 -14"><span class='ocrx_word' id='word_1_683' title='bbox 1800 3509 2052 3571; x_wconf 89' lang='lat' dir='ltr'><strong>tanquam</strong></span> <span class='ocrx_word' id='word_1_684' title='bbox 2081 3499 2321 3572; x_wconf 90' lang='lat' dir='ltr'><strong>sacrilegi</strong></span> <span class='ocrx_word' id='word_1_685' title='bbox 2350 3499 2686 3570; x_wconf 85' lang='lat' dir='ltr'><strong>petebantur.</strong></span> 
     </span>
    </p>
   </div>
   <div class='ocr_carea' id='block_1_98' title="bbox 1871 3583 3390 3663">
    <p class='ocr_par' dir='ltr' id='par_1_98' title="bbox 1871 3583 3390 3663">
     <span class='ocr_line' id='line_1_98' title="bbox 1871 3583 3390 3663; baseline -0.002 -14"><span class='ocrx_word' id='word_1_686' title='bbox 1871 3583 2101 3648; x_wconf 82' lang='lat' dir='ltr'><strong>CAPUT</strong></span> <span class='ocrx_word' id='word_1_687' title='bbox 2147 3589 2305 3646; x_wconf 83' lang='lat' dir='ltr'><strong>LVII.</strong></span> <span class='ocrx_word' id='word_1_688' title='bbox 2341 3618 2412 3632; x_wconf 89' lang='lat'><strong><em>—</em></strong></span> <span class='ocrx_word' id='word_1_689' title='bbox 2455 3589 2546 3646; x_wconf 79' lang='lat'><strong>65.</strong></span> <span class='ocrx_word' id='word_1_690' title='bbox 2591 3590 2670 3646; x_wconf 81' lang='lat' dir='ltr'><strong>Ex</strong></span> <span class='ocrx_word' id='word_1_691' title='bbox 2725 3588 2969 3662; x_wconf 90' lang='lat' dir='ltr'><strong>quolibet</strong></span> <span class='ocrx_word' id='word_1_692' title='bbox 3008 3605 3137 3663; x_wconf 88' lang='lat' dir='ltr'><strong>ergo</strong></span> <span class='ocrx_word' id='word_1_693' title='bbox 3165 3606 3390 3648; x_wconf 82' lang='lat' dir='ltr'><strong>numero</strong></span> 
     </span>
    </p>
   </div>
   <div class='ocr_carea' id='block_1_99' title="bbox 1802 3683 3390 3759">
    <p class='ocr_par' dir='ltr' id='par_1_99' title="bbox 1802 3683 3390 3759">
     <span class='ocr_line' id='line_1_99' title="bbox 1802 3683 3390 3759; baseline -0.002 -15"><span class='ocrx_word' id='word_1_694' title='bbox 1802 3685 2003 3744; x_wconf 77' lang='lat' dir='ltr'><strong>fuerint</strong></span> <span class='ocrx_word' id='word_1_695' title='bbox 2023 3685 2350 3758; x_wconf 89' lang='lat' dir='ltr'><strong>(quanquam</strong></span> <span class='ocrx_word' id='word_1_696' title='bbox 2372 3684 2502 3739; x_wconf 89' lang='lat' dir='ltr'><strong>satis</strong></span> <span class='ocrx_word' id='word_1_697' title='bbox 2527 3692 2785 3756; x_wconf 88' lang='lat' dir='ltr'><strong>appareat</strong></span> <span class='ocrx_word' id='word_1_698' title='bbox 2809 3699 2873 3738; x_wconf 85' lang='lat' dir='ltr'><strong>ex</strong></span> <span class='ocrx_word' id='word_1_699' title='bbox 2901 3699 3007 3755; x_wconf 91' lang='lat' dir='ltr'><strong>quo</strong></span> <span class='ocrx_word' id='word_1_700' title='bbox 3029 3683 3270 3759; x_wconf 81' lang='lat' dir='ltr'><strong>iuerint),</strong></span> <span class='ocrx_word' id='word_1_701' title='bbox 3295 3686 3390 3757; x_wconf 89' lang='lat' dir='ltr'><strong>qui</strong></span> 
     </span>
    </p>
   </div>
   <div class='ocr_carea' id='block_1_100' title="bbox 1803 3775 3392 3837">
    <p class='ocr_par' dir='ltr' id='par_1_100' title="bbox 1803 3775 3392 3837">
     <span class='ocr_line' id='line_1_100' title="bbox 1803 3775 3392 3837; baseline -0.002 0"><span class='ocrx_word' id='word_1_702' title='bbox 1803 3780 1944 3837; x_wconf 90' lang='lat' dir='ltr'><strong>intra</strong></span> <span class='ocrx_word' id='word_1_703' title='bbox 1992 3778 2341 3836; x_wconf 90' lang='lat' dir='ltr'><strong>constitutum</strong></span> <span class='ocrx_word' id='word_1_704' title='bbox 2399 3777 2671 3834; x_wconf 88' lang='lat' dir='ltr'><strong>dilationis</strong></span> <span class='ocrx_word' id='word_1_705' title='bbox 2724 3775 2868 3834; x_wconf 88' lang='lat' dir='ltr'><strong>diem</strong></span> <span class='ocrx_word' id='word_1_706' title='bbox 2913 3778 3276 3834; x_wconf 89' lang='lat' dir='ltr'><strong>communioni</strong></span> <span class='ocrx_word' id='word_1_707' title='bbox 3331 3793 3392 3835; x_wconf 89' lang='lat' dir='ltr'><strong>se</strong></span> 
     </span>
    </p>
   </div>
   <div class='ocr_carea' id='block_1_101' title="bbox 1804 3868 3394 3942">
    <p class='ocr_par' dir='ltr' id='par_1_101' title="bbox 1804 3868 3394 3942">
     <span class='ocr_line' id='line_1_101' title="bbox 1804 3868 3394 3942; baseline -0.001 -14"><span class='ocrx_word' id='word_1_708' title='bbox 1804 3880 1997 3928; x_wconf 67' lang='lat' dir='ltr'><strong>vestra:</strong></span> <span class='ocrx_word' id='word_1_709' title='bbox 2041 3886 2146 3927; x_wconf 93' lang='lat' dir='ltr'><strong>non</strong></span> <span class='ocrx_word' id='word_1_710' title='bbox 2191 3870 2612 3935; x_wconf 79' lang='lat' dir='ltr'><strong>reddiderunt’;</strong></span> <span class='ocrx_word' id='word_1_711' title='bbox 2658 3868 2924 3942; x_wconf 89' lang='lat' dir='ltr'><strong>quomodo</strong></span> <span class='ocrx_word' id='word_1_712' title='bbox 2971 3886 3091 3926; x_wconf 91' lang='lat' dir='ltr'><strong>cum</strong></span> <span class='ocrx_word' id='word_1_713' title='bbox 3145 3870 3210 3926; x_wconf 90' lang='lat' dir='ltr'><strong>iis</strong></span> <span class='ocrx_word' id='word_1_714' title='bbox 3259 3886 3394 3942; x_wconf 88' lang='lat' dir='ltr'><strong>quos</strong></span> 
     </span>
    </p>
   </div>
   <div class='ocr_carea' id='block_1_102' title="bbox 1805 3960 3392 4032">
    <p class='ocr_par' dir='ltr' id='par_1_102' title="bbox 1805 3960 3392 4032">
     <span class='ocr_line' id='line_1_102' title="bbox 1805 3960 3392 4032; baseline -0.003 -12"><span class='ocrx_word' id='word_1_715' title='bbox 1805 3971 1956 4020; x_wconf 86' lang='lat' dir='ltr'><strong>extra</strong></span> <span class='ocrx_word' id='word_1_716' title='bbox 1978 3961 2410 4020; x_wconf 88' lang='lat' dir='ltr'><strong>communionem</strong></span> <span class='ocrx_word' id='word_1_717' title='bbox 2435 3970 2670 4016; x_wconf 88' lang='lat' dir='ltr'><strong>vestram</strong></span> <span class='ocrx_word' id='word_1_718' title='bbox 2706 3960 3124 4032; x_wconf 86' lang='lat' dir='ltr'><strong>baptizaverunt,</strong></span> <span class='ocrx_word' id='word_1_719' title='bbox 3159 3976 3264 4017; x_wconf 92' lang='lat' dir='ltr'><strong>non</strong></span> <span class='ocrx_word' id='word_1_720' title='bbox 3295 3977 3392 4018; x_wconf 86' lang='lat' dir='ltr'><strong>ex-</strong></span> 
     </span>
    </p>
   </div>
   <div class='ocr_carea' id='block_1_103' title="bbox 1805 4052 3390 4130">
    <p class='ocr_par' dir='ltr' id='par_1_103' title="bbox 1805 4052 3390 4130">
     <span class='ocr_line' id='line_1_103' title="bbox 1805 4052 3390 4130; baseline -0.003 -17"><span class='ocrx_word' id='word_1_721' title='bbox 1805 4055 1964 4130; x_wconf 87' lang='lat' dir='ltr'><strong>piatis</strong></span> <span class='ocrx_word' id='word_1_722' title='bbox 1988 4055 2094 4111; x_wconf 89' lang='lat' dir='ltr'><strong>alio</strong></span> <span class='ocrx_word' id='word_1_723' title='bbox 2133 4055 2479 4124; x_wconf 85' lang='lat' dir='ltr'><strong>Baptismate,</strong></span> <span class='ocrx_word' id='word_1_724' title='bbox 2529 4052 2842 4110; x_wconf 80' lang='lat' dir='ltr'><strong>redierunt?</strong></span> <span class='ocrx_word' id='word_1_725' title='bbox 2870 4053 2923 4107; x_wconf 85' lang='lat' dir='ltr'><strong>In</strong></span> <span class='ocrx_word' id='word_1_726' title='bbox 2976 4069 3082 4124; x_wconf 89' lang='lat' dir='ltr'><strong>quo</strong></span> <span class='ocrx_word' id='word_1_727' title='bbox 3123 4054 3260 4108; x_wconf 80' lang='lat' dir='ltr'><strong>tacto</strong></span> <span class='ocrx_word' id='word_1_728' title='bbox 3286 4067 3390 4108; x_wconf 90' lang='lat' dir='ltr'><strong>non</strong></span> 
     </span>
    </p>
   </div>
   <div class='ocr_carea' id='block_1_104' title="bbox 1807 4142 3394 4217">
    <p class='ocr_par' dir='ltr' id='par_1_104' title="bbox 1807 4142 3394 4217">
     <span class='ocr_line' id='line_1_104' title="bbox 1807 4142 3394 4217; baseline -0.003 -14"><span class='ocrx_word' id='word_1_729' title='bbox 1807 4161 1904 4204; x_wconf 87' lang='lat' dir='ltr'><strong>vos</strong></span> <span class='ocrx_word' id='word_1_730' title='bbox 1946 4145 2411 4217; x_wconf 84' lang='lat' dir='ltr'><strong>reprehendimus,</strong></span> <span class='ocrx_word' id='word_1_731' title='bbox 2441 4142 2584 4215; x_wconf 92' lang='lat' dir='ltr'><strong>quod</strong></span> <span class='ocrx_word' id='word_1_732' title='bbox 2607 4143 2933 4213; x_wconf 85' lang='lat' dir='ltr'><strong>Baptismum</strong></span> <span class='ocrx_word' id='word_1_733' title='bbox 2963 4143 3160 4198; x_wconf 88' lang='lat' dir='ltr'><strong>Christi</strong></span> <span class='ocrx_word' id='word_1_734' title='bbox 3193 4159 3394 4214; x_wconf 86' lang='lat' dir='ltr'><strong>nequa-</strong></span> 
     </span>
    </p>
   </div>
   <div class='ocr_carea' id='block_1_105' title="bbox 1807 4233 3396 4310">
    <p class='ocr_par' dir='ltr' id='par_1_105' title="bbox 1807 4233 3396 4310">
     <span class='ocr_line' id='line_1_105' title="bbox 1807 4233 3396 4310; baseline -0.003 -16"><span class='ocrx_word' id='word_1_735' title='bbox 1807 4254 1968 4310; x_wconf 88' lang='lat' dir='ltr'><strong>quam</strong></span> <span class='ocrx_word' id='word_1_736' title='bbox 1997 4236 2314 4307; x_wconf 75' lang='lat' dir='ltr'><strong>sacrilegum</strong></span> <span class='ocrx_word' id='word_1_737' title='bbox 2334 4235 2494 4290; x_wconf 89' lang='lat' dir='ltr'><strong>etiam</strong></span> <span class='ocrx_word' id='word_1_738' title='bbox 2526 4234 2578 4289; x_wconf 89' lang='lat' dir='ltr'><strong>in</strong></span> <span class='ocrx_word' id='word_1_739' title='bbox 2608 4233 2895 4288; x_wconf 87' lang='lat' dir='ltr'><strong>schismate</strong></span> <span class='ocrx_word' id='word_1_740' title='bbox 2917 4234 3174 4304; x_wconf 85' lang='lat' dir='ltr'><strong>sacrilego</strong></span> <span class='ocrx_word' id='word_1_741' title='bbox 3197 4247 3396 4304; x_wconf 77' lang='lat' dir='ltr'><strong>cogno-</strong></span> 
     </span>
    </p>
   </div>
   <div class='ocr_carea' id='block_1_106' title="bbox 1808 4323 3395 4399">
    <p class='ocr_par' dir='ltr' id='par_1_106' title="bbox 1808 4323 3395 4399">
     <span class='ocr_line' id='line_1_106' title="bbox 1808 4323 3395 4399; baseline -0.003 -14"><span class='ocrx_word' id='word_1_742' title='bbox 1808 4329 1994 4393; x_wconf 87' lang='lat' dir='ltr'><strong>vistis;</strong></span> <span class='ocrx_word' id='word_1_743' title='bbox 2047 4326 2191 4399; x_wconf 87' lang='lat' dir='ltr'><strong>quod</strong></span> <span class='ocrx_word' id='word_1_744' title='bbox 2241 4325 2516 4381; x_wconf 88' lang='lat' dir='ltr'><strong>hominum</strong></span> <span class='ocrx_word' id='word_1_745' title='bbox 2555 4325 2901 4395; x_wconf 83' lang='lat' dir='ltr'><strong>perversitate</strong></span> <span class='ocrx_word' id='word_1_746' title='bbox 2946 4333 3209 4390; x_wconf 87' lang='lat' dir='ltr'><strong>correcta,</strong></span> <span class='ocrx_word' id='word_1_747' title='bbox 3267 4323 3395 4380; x_wconf 88' lang='lat' dir='ltr'><strong>illud</strong></span> 
     </span>
    </p>
   </div>
   <div class='ocr_carea' id='block_1_107' title="bbox 1808 4415 3394 4496">
    <p class='ocr_par' dir='ltr' id='par_1_107' title="bbox 1808 4415 3394 4496">
     <span class='ocr_line' id='line_1_107' title="bbox 1808 4415 3394 4496; baseline -0.006 -18"><span class='ocrx_word' id='word_1_748' title='bbox 1808 4419 1954 4496; x_wconf 90' lang='lat' dir='ltr'><strong>quod</strong></span> <span class='ocrx_word' id='word_1_749' title='bbox 1978 4417 2220 4476; x_wconf 86' lang='lat' dir='ltr'><strong>etiamin</strong></span> <span class='ocrx_word' id='word_1_750' title='bbox 2253 4415 2522 4488; x_wconf 89' lang='lat' dir='ltr'><strong>perversis</strong></span> <span class='ocrx_word' id='word_1_751' title='bbox 2571 4422 2776 4471; x_wconf 88' lang='lat' dir='ltr'><strong>rectum</strong></span> <span class='ocrx_word' id='word_1_752' title='bbox 2800 4416 2988 4480; x_wconf 75' lang='lat' dir='ltr'><strong>fuerat,</strong></span> <span class='ocrx_word' id='word_1_753' title='bbox 3022 4415 3394 4486; x_wconf 87' lang='lat' dir='ltr'><strong>approbastis;</strong></span> 
     </span>
    </p>
   </div>
   <div class='ocr_carea' id='block_1_108' title="bbox 1809 4504 3400 4588">
    <p class='ocr_par' dir='ltr' id='par_1_108' title="bbox 1809 4504 3400 4588">
     <span class='ocr_line' id='line_1_108' title="bbox 1809 4504 3400 4588; baseline -0.006 -17"><span class='ocrx_word' id='word_1_754' title='bbox 1809 4513 1953 4588; x_wconf 88' lang='lat' dir='ltr'><strong>quod</strong></span> <span class='ocrx_word' id='word_1_755' title='bbox 1980 4512 2211 4568; x_wconf 89' lang='lat' dir='ltr'><strong>humana</strong></span> <span class='ocrx_word' id='word_1_756' title='bbox 2241 4509 2366 4564; x_wconf 90' lang='lat' dir='ltr'><strong>vitia</strong></span> <span class='ocrx_word' id='word_1_757' title='bbox 2391 4523 2510 4564; x_wconf 89' lang='lat' dir='ltr'><strong>cum</strong></span> <span class='ocrx_word' id='word_1_758' title='bbox 2534 4505 2727 4562; x_wconf 85' lang='lat' dir='ltr'><strong>divinis</strong></span> <span class='ocrx_word' id='word_1_759' title='bbox 2765 4507 3051 4578; x_wconf 86' lang='lat' dir='ltr'><strong>signaculis</strong></span> <span class='ocrx_word' id='word_1_760' title='bbox 3077 4522 3181 4560; x_wconf 91' lang='lat' dir='ltr'><strong>non</strong></span> <span class='ocrx_word' id='word_1_761' title='bbox 3209 4504 3400 4561; x_wconf 84' lang='lat' dir='ltr'><strong>conlu-</strong></span> 
     </span>
    </p>
   </div>
   <div class='ocr_carea' id='block_1_109' title="bbox 1810 4595 3399 4675">
    <p class='ocr_par' dir='ltr' id='par_1_109' title="bbox 1810 4595 3399 4675">
     <span class='ocr_line' id='line_1_109' title="bbox 1810 4595 3399 4675; baseline -0.008 -12"><span class='ocrx_word' id='word_1_762' title='bbox 1810 4605 1997 4672; x_wconf 89' lang='lat' dir='ltr'><strong>distis;</strong></span> <span class='ocrx_word' id='word_1_763' title='bbox 2043 4601 2186 4675; x_wconf 89' lang='lat' dir='ltr'><strong>quod</strong></span> <span class='ocrx_word' id='word_1_764' title='bbox 2226 4601 2365 4657; x_wconf 91' lang='lat' dir='ltr'><strong>dona</strong></span> <span class='ocrx_word' id='word_1_765' title='bbox 2398 4597 2677 4664; x_wconf 67' lang='lat' dir='ltr'><strong>Ecclesiae,</strong></span> <span class='ocrx_word' id='word_1_766' title='bbox 2713 4613 2833 4670; x_wconf 63' lang='lat' dir='ltr'><strong>qua:</strong></span> <span class='ocrx_word' id='word_1_767' title='bbox 2877 4607 3072 4668; x_wconf 71' lang='lat' dir='ltr'><strong>prater</strong></span> <span class='ocrx_word' id='word_1_768' title='bbox 3105 4595 3399 4652; x_wconf 89' lang='lat' dir='ltr'><strong>Ecclesiam</strong></span> 
     </span>
    </p>
   </div>
   <div class='ocr_carea' id='block_1_110' title="bbox 1811 4687 3398 4768">
    <p class='ocr_par' dir='ltr' id='par_1_110' title="bbox 1811 4687 3398 4768">
     <span class='ocr_line' id='line_1_110' title="bbox 1811 4687 3398 4768; baseline -0.005 -16"><span class='ocrx_word' id='word_1_769' title='bbox 1811 4709 2023 4768; x_wconf 89' lang='lat' dir='ltr'><strong>quoque</strong></span> <span class='ocrx_word' id='word_1_770' title='bbox 2053 4687 2236 4764; x_wconf 83' lang='lat' dir='ltr'><strong>haberi</strong></span> <span class='ocrx_word' id='word_1_771' title='bbox 2260 4701 2316 4748; x_wconf 89' lang='lat' dir='ltr'><strong>et</strong></span> <span class='ocrx_word' id='word_1_772' title='bbox 2341 4689 2456 4747; x_wconf 88' lang='lat' dir='ltr'><strong>dari</strong></span> <span class='ocrx_word' id='word_1_773' title='bbox 2491 4690 2559 4746; x_wconf 91' lang='lat' dir='ltr'><strong>ad</strong></span> <span class='ocrx_word' id='word_1_774' title='bbox 2591 4689 2897 4746; x_wconf 85' lang='lat' dir='ltr'><strong>habentium</strong></span> <span class='ocrx_word' id='word_1_775' title='bbox 2927 4697 2981 4744; x_wconf 88' lang='lat' dir='ltr'><strong>et</strong></span> <span class='ocrx_word' id='word_1_776' title='bbox 3025 4687 3398 4759; x_wconf 87' lang='lat' dir='ltr'><strong>accipientium</strong></span> 
     </span>
    </p>
   </div>
   <div class='ocr_carea' id='block_1_111' title="bbox 1812 4776 3399 4859">
    <p class='ocr_par' dir='ltr' id='par_1_111' title="bbox 1812 4776 3399 4859">
     <span class='ocr_line' id='line_1_111' title="bbox 1812 4776 3399 4859; baseline -0.006 -15"><span class='ocrx_word' id='word_1_777' title='bbox 1812 4784 2131 4859; x_wconf 88' lang='lat' dir='ltr'><strong>supplicium</strong></span> <span class='ocrx_word' id='word_1_778' title='bbox 2170 4780 2481 4856; x_wconf 86' lang='lat' dir='ltr'><strong>potuerunt,</strong></span> <span class='ocrx_word' id='word_1_779' title='bbox 2529 4796 2629 4838; x_wconf 90' lang='lat' dir='ltr'><strong>nec</strong></span> <span class='ocrx_word' id='word_1_780' title='bbox 2677 4781 2730 4836; x_wconf 91' lang='lat' dir='ltr'><strong>in</strong></span> <span class='ocrx_word' id='word_1_781' title='bbox 2757 4778 3022 4835; x_wconf 88' lang='lat' dir='ltr'><strong>damnatis</strong></span> <span class='ocrx_word' id='word_1_782' title='bbox 3071 4776 3399 4849; x_wconf 87' lang='lat' dir='ltr'><strong>damnanda,</strong></span> 
     </span>
    </p>
   </div>
   <div class='ocr_carea' id='block_1_112' title="bbox 1813 4870 2865 4946">
    <p class='ocr_par' dir='ltr' id='par_1_112' title="bbox 1813 4870 2865 4946">
     <span class='ocr_line' id='line_1_112' title="bbox 1813 4870 2865 4946; baseline -0.012 -9"><span class='ocrx_word' id='word_1_783' title='bbox 1813 4893 1915 4938; x_wconf 87' lang='lat' dir='ltr'><strong>nec</strong></span> <span class='ocrx_word' id='word_1_784' title='bbox 1938 4879 1990 4933; x_wconf 92' lang='lat' dir='ltr'><strong>in</strong></span> <span class='ocrx_word' id='word_1_785' title='bbox 2020 4875 2249 4946; x_wconf 91' lang='lat' dir='ltr'><strong>receptis</strong></span> <span class='ocrx_word' id='word_1_786' title='bbox 2280 4873 2532 4930; x_wconf 86' lang='lat' dir='ltr'><strong>mutanda</strong></span> <span class='ocrx_word' id='word_1_787' title='bbox 2562 4870 2865 4928; x_wconf 89' lang='lat' dir='ltr'><strong>censuistis.</strong></span> 
     </span>
    </p>
   </div>
   <div class='ocr_carea' id='block_1_113' title="bbox 1884 4959 3399 5032">
    <p class='ocr_par' dir='ltr' id='par_1_113' title="bbox 1884 4959 3399 5032">
     <span class='ocr_line' id='line_1_113' title="bbox 1884 4959 3399 5032; baseline -0.006 -5"><span class='ocrx_word' id='word_1_788' title='bbox 1884 4967 2114 5027; x_wconf 84' lang='lat' dir='ltr'><strong>CAPUT</strong></span> <span class='ocrx_word' id='word_1_789' title='bbox 2152 4964 2333 5024; x_wconf 81' lang='lat' dir='ltr'><strong>LVIII.</strong></span> <span class='ocrx_word' id='word_1_790' title='bbox 2358 4994 2432 5006; x_wconf 93' lang='lat'><strong>—</strong></span> <span class='ocrx_word' id='word_1_791' title='bbox 2457 4965 2544 5020; x_wconf 69' lang='grc'>64.</span> <span class='ocrx_word' id='word_1_792' title='bbox 2585 4962 2694 5019; x_wconf 85' lang='lat' dir='ltr'><strong>Nec</strong></span> <span class='ocrx_word' id='word_1_793' title='bbox 2745 4959 2875 5018; x_wconf 88' lang='lat' dir='ltr'><strong>illud</strong></span> <span class='ocrx_word' id='word_1_794' title='bbox 2915 4960 3399 5032; x_wconf 88' lang='lat' dir='ltr'><strong>reprehendimus,</strong></span> 
     </span>
    </p>
   </div>
   <div class='ocr_carea' id='block_1_114' title="bbox 1815 5052 3404 5135">
    <p class='ocr_par' dir='ltr' id='par_1_114' title="bbox 1815 5052 3404 5135">
     <span class='ocr_line' id='line_1_114' title="bbox 1815 5052 3404 5135; baseline -0.007 -17"><span class='ocrx_word' id='word_1_795' title='bbox 1815 5062 1959 5135; x_wconf 86' lang='lat' dir='ltr'><strong>quod</strong></span> <span class='ocrx_word' id='word_1_796' title='bbox 2001 5058 2220 5118; x_wconf 88' lang='lat' dir='ltr'><strong>eosdem</strong></span> <span class='ocrx_word' id='word_1_797' title='bbox 2276 5058 2420 5129; x_wconf 89' lang='lat' dir='ltr'><strong>ipsos</strong></span> <span class='ocrx_word' id='word_1_798' title='bbox 2476 5053 2667 5110; x_wconf 80' lang='lat' dir='ltr'><strong>famosi</strong></span> <span class='ocrx_word' id='word_1_799' title='bbox 2716 5052 2956 5108; x_wconf 88' lang='lat' dir='ltr'><strong>criminis</strong></span> <span class='ocrx_word' id='word_1_800' title='bbox 2992 5066 3146 5120; x_wconf 89' lang='lat' dir='ltr'><strong>reos,</strong></span> <span class='ocrx_word' id='word_1_801' title='bbox 3181 5061 3237 5107; x_wconf 91' lang='lat' dir='ltr'><strong>et</strong></span> <span class='ocrx_word' id='word_1_802' title='bbox 3282 5064 3404 5123; x_wconf 89' lang='lat' dir='ltr'><strong>post</strong></span> 
     </span>
    </p>
   </div>
   <div class='ocr_carea' id='block_1_115' title="bbox 1815 5144 3401 5217">
    <p class='ocr_par' dir='ltr' id='par_1_115' title="bbox 1815 5144 3401 5217">
     <span class='ocr_line' id='line_1_115' title="bbox 1815 5144 3401 5217; baseline -0.009 -5"><span class='ocrx_word' id='word_1_803' title='bbox 1815 5152 2138 5212; x_wconf 88' lang='lat' dir='ltr'><strong>sententiam</strong></span> <span class='ocrx_word' id='word_1_804' title='bbox 2197 5149 2554 5207; x_wconf 90' lang='lat' dir='ltr'><strong>damnationis</strong></span> <span class='ocrx_word' id='word_1_805' title='bbox 2619 5147 2896 5217; x_wconf 87' lang='lat' dir='ltr'><strong>ipsorum,</strong></span> <span class='ocrx_word' id='word_1_806' title='bbox 2968 5157 3024 5202; x_wconf 88' lang='lat' dir='ltr'><strong>et</strong></span> <span class='ocrx_word' id='word_1_807' title='bbox 3093 5153 3215 5217; x_wconf 88' lang='lat' dir='ltr'><strong>post</strong></span> <span class='ocrx_word' id='word_1_808' title='bbox 3266 5144 3401 5200; x_wconf 53' lang='lat' dir='ltr'><strong>dila-</strong></span> 
     </span>
    </p>
   </div>
   <div class='ocr_carea' id='block_1_116' title="bbox 1817 5238 3403 5310">
    <p class='ocr_par' dir='ltr' id='par_1_116' title="bbox 1817 5238 3403 5310">
     <span class='ocr_line' id='line_1_116' title="bbox 1817 5238 3403 5310; baseline -0.008 -6"><span class='ocrx_word' id='word_1_809' title='bbox 1817 5247 1979 5304; x_wconf 90' lang='lat' dir='ltr'><strong>tionis</strong></span> <span class='ocrx_word' id='word_1_810' title='bbox 2006 5245 2147 5301; x_wconf 90' lang='lat' dir='ltr'><strong>diem</strong></span> <span class='ocrx_word' id='word_1_811' title='bbox 2193 5244 2313 5300; x_wconf 91' lang='lat' dir='ltr'><strong>aliis</strong></span> <span class='ocrx_word' id='word_1_812' title='bbox 2336 5241 2706 5305; x_wconf 91' lang='lat' dir='ltr'><strong>constitutum,</strong></span> <span class='ocrx_word' id='word_1_813' title='bbox 2735 5248 2912 5294; x_wconf 88' lang='lat' dir='ltr'><strong>tamen</strong></span> <span class='ocrx_word' id='word_1_814' title='bbox 2934 5247 3153 5310; x_wconf 87' lang='lat' dir='ltr'><strong>propter</strong></span> <span class='ocrx_word' id='word_1_815' title='bbox 3180 5238 3403 5308; x_wconf 87' lang='lat' dir='ltr'><strong>populos</strong></span> 
     </span>
    </p>
   </div>
   <div class='ocr_carea' id='block_1_117' title="bbox 1817 5329 3401 5408">
    <p class='ocr_par' dir='ltr' id='par_1_117' title="bbox 1817 5329 3401 5408">
     <span class='ocr_line' id='line_1_117' title="bbox 1817 5329 3401 5408; baseline -0.008 -13"><span class='ocrx_word' id='word_1_816' title='bbox 1817 5338 2060 5395; x_wconf 82' lang='lat' dir='ltr'><strong>inﬁrmos</strong></span> <span class='ocrx_word' id='word_1_817' title='bbox 2083 5336 2175 5408; x_wconf 89' lang='lat' dir='ltr'><strong>qui</strong></span> <span class='ocrx_word' id='word_1_818' title='bbox 2203 5335 2282 5391; x_wconf 90' lang='lat' dir='ltr'><strong>eis</strong></span> <span class='ocrx_word' id='word_1_819' title='bbox 2309 5333 2669 5400; x_wconf 66' lang='lat' dir='ltr'><strong>adhaeserunt,</strong></span> <span class='ocrx_word' id='word_1_820' title='bbox 2699 5331 3062 5398; x_wconf 88' lang='lat' dir='ltr'><strong>recordantes,</strong></span> <span class='ocrx_word' id='word_1_821' title='bbox 3090 5329 3272 5393; x_wconf 85' lang='lat' dir='ltr'><strong>credo,</strong></span> <span class='ocrx_word' id='word_1_822' title='bbox 3307 5345 3401 5399; x_wconf 79' lang='lat' dir='ltr'><strong>pa~</strong></span> 
     </span>
    </p>
   </div>
   <div class='ocr_carea' id='block_1_118' title="bbox 1819 5424 3404 5494">
    <p class='ocr_par' dir='ltr' id='par_1_118' title="bbox 1819 5424 3404 5494">
     <span class='ocr_line' id='line_1_118' title="bbox 1819 5424 3404 5494; baseline -0.007 -6"><span class='ocrx_word' id='word_1_823' title='bbox 1819 5429 2144 5488; x_wconf 84' lang='lat' dir='ltr'><strong>trisi&#39;amilias</strong></span> <span class='ocrx_word' id='word_1_824' title='bbox 2197 5427 2630 5494; x_wconf 88' lang='lat' dir='ltr'><strong>sollicitudinem,</strong></span> <span class='ocrx_word' id='word_1_825' title='bbox 2688 5442 2755 5482; x_wconf 92' lang='lat' dir='ltr'><strong>ne</strong></span> <span class='ocrx_word' id='word_1_826' title='bbox 2811 5427 2966 5481; x_wconf 87' lang='lat' dir='ltr'><strong>simul</strong></span> <span class='ocrx_word' id='word_1_827' title='bbox 3013 5440 3133 5480; x_wconf 90' lang='lat' dir='ltr'><strong>cum</strong></span> <span class='ocrx_word' id='word_1_828' title='bbox 3186 5424 3404 5478; x_wconf 82' lang='lat' dir='ltr'><strong>zizaniis</strong></span> 
     </span>
    </p>
   </div>
   <div class='ocr_carea' id='block_1_119' title="bbox 1883 5551 3380 5616">
    <p class='ocr_par' dir='ltr' id='par_1_119' title="bbox 1883 5551 3380 5616">
     <span class='ocr_line' id='line_1_119' title="bbox 1883 5551 3380 5616; baseline 0.015 -15"><span class='ocrx_word' id='word_1_829' title='bbox 1883 5557 1901 5587; x_wconf 76' lang='grc' dir='ltr'><strong>ι</strong></span> <span class='ocrx_word' id='word_1_830' title='bbox 1936 5551 2450 5616; x_wconf 72' lang='lat' dir='ltr'><strong>Forte,prastituttan.</strong></span> <span class='ocrx_word' id='word_1_831' title='bbox 2701 5611 2711 5616; x_wconf 90' lang='lat'>_</span> <span class='ocrx_word' id='word_1_832' title='bbox 2998 5615 3004 5616; x_wconf 63' lang='lat'><strong><em>,</em></strong></span> <span class='ocrx_word' id='word_1_833' title='bbox 3339 5605 3380 5616; x_wconf 69' lang='grc' dir='ltr'>μ</span> 
     </span>
    </p>
   </div>
   <div class='ocr_carea' id='block_1_120' title="bbox 1884 5605 3404 5677">
    <p class='ocr_par' dir='ltr' id='par_1_120' title="bbox 1884 5605 3404 5677">
     <span class='ocr_line' id='line_1_120' title="bbox 1884 5605 3404 5677; baseline -0.006 -12"><span class='ocrx_word' id='word_1_834' title='bbox 1884 5618 1906 5650; x_wconf 73' lang='grc'><strong><em>³</em></strong></span> <span class='ocrx_word' id='word_1_835' title='bbox 1937 5616 2020 5664; x_wconf 85' lang='lat' dir='ltr'><strong>Hic</strong></span> <span class='ocrx_word' id='word_1_836' title='bbox 2044 5605 2269 5677; x_wconf 10' lang='lat' dir='ltr'><strong>atss&#39;.iduo</strong></span> <span class='ocrx_word' id='word_1_837' title='bbox 2286 5615 2484 5674; x_wconf 87' lang='lat' dir='ltr'><strong>addunt,</strong></span> <span class='ocrx_word' id='word_1_838' title='bbox 2507 5611 2740 5677; x_wconf 78' lang='lat' dir='ltr'><strong>quomodo</strong></span> <span class='ocrx_word' id='word_1_839' title='bbox 2761 5617 2854 5661; x_wconf 92' lang='lat' dir='ltr'><strong>toto</strong></span> <span class='ocrx_word' id='word_1_840' title='bbox 2876 5609 2958 5659; x_wconf 88' lang='lat' dir='ltr'><strong>illo</strong></span> <span class='ocrx_word' id='word_1_841' title='bbox 2989 5615 3200 5668; x_wconf 83' lang='lat' dir='ltr'><strong>tempore</strong></span> <span class='ocrx_word' id='word_1_842' title='bbox 3220 5618 3249 5655; x_wconf 91' lang='lat' dir='ltr'><strong>a</strong></span> <span class='ocrx_word' id='word_1_843' title='bbox 3277 5605 3404 5656; x_wconf 78' lang='lat' dir='ltr'><strong>vobis</strong></span> 
     </span>
    </p>
   </div>
   <div class='ocr_carea' id='block_1_121' title="bbox 1823 5673 2800 5742">
    <p class='ocr_par' dir='ltr' id='par_1_121' title="bbox 1823 5673 2800 5742">
     <span class='ocr_line' id='line_1_121' title="bbox 1823 5673 2800 5742; baseline -0.009 -11"><span class='ocrx_word' id='word_1_844' title='bbox 1823 5677 2021 5731; x_wconf 85' lang='lat' dir='ltr'><strong>alienati</strong></span> <span class='ocrx_word' id='word_1_845' title='bbox 2035 5676 2278 5742; x_wconf 73' lang='lat' dir='ltr'><strong>baptizare</strong></span> <span class='ocrx_word' id='word_1_846' title='bbox 2297 5673 2548 5741; x_wconf 77' lang='lat' dir='ltr'><strong>potuerunt</strong></span> <span class='ocrx_word' id='word_1_847' title='bbox 2565 5673 2591 5725; x_wconf 74' lang='lat'><strong>1&#39;</strong></span> <span class='ocrx_word' id='word_1_848' title='bbox 2796 5727 2800 5730; x_wconf 25' lang='grc' dir='ltr'><strong>ν</strong></span> 
     </span>
    </p>
   </div>
   <div class='ocr_carea' id='block_1_122' title="bbox 1892 5752 3002 5828">
    <p class='ocr_par' dir='ltr' id='par_1_122' title="bbox 1892 5752 3002 5828">
     <span class='ocr_line' id='line_1_122' title="bbox 1892 5752 3002 5828; baseline -0.007 -17"><span class='ocrx_word' id='word_1_849' title='bbox 1892 5763 1965 5828; x_wconf 87' lang='lat' dir='ltr'><strong>(a)</strong></span> <span class='ocrx_word' id='word_1_850' title='bbox 1987 5767 2126 5815; x_wconf 82' lang='lat' dir='ltr'><strong>Gesta</strong></span> <span class='ocrx_word' id='word_1_851' title='bbox 2147 5767 2312 5812; x_wconf 86' lang='lat' dir='ltr'><strong>contra</strong></span> <span class='ocrx_word' id='word_1_852' title='bbox 2326 5757 2549 5821; x_wconf 83' lang='lat' dir='ltr'><strong>Salvium,</strong></span> <span class='ocrx_word' id='word_1_853' title='bbox 2575 5755 2693 5813; x_wconf 79' lang='lat' dir='ltr'><strong>infra</strong></span> <span class='ocrx_word' id='word_1_854' title='bbox 2717 5754 2797 5804; x_wconf 78' lang='lat' dir='ltr'><strong>lib.</strong></span> <span class='ocrx_word' id='word_1_855' title='bbox 2824 5753 2865 5815; x_wconf 77' lang='grc'><strong>4,</strong></span> <span class='ocrx_word' id='word_1_856' title='bbox 2887 5767 2936 5802; x_wconf 89' lang='lat' dir='ltr'><strong>n.</strong></span> <span class='ocrx_word' id='word_1_857' title='bbox 2957 5752 3002 5810; x_wconf 78' lang='lat'><strong>5.</strong></span> 
     </span>
    </p>
   </div>
  </div>
