  <div class='ocr_page' id='page_1' title='image "/cluster/home/n/w/nwhite01/storage/ocr_20150623/43/uva.x000827113/275.png"; bbox 0 0 3784 6178; ppageno 0'>
   <div class='ocr_carea' id='block_1_1' title="bbox 417 232 525 290">
    <p class='ocr_par' dir='ltr' id='par_1_1' title="bbox 417 232 525 290">
     <span class='ocr_line' id='line_1_1' title="bbox 417 232 525 290; baseline 0 0"><span class='ocrx_word' id='word_1_1' title='bbox 417 232 525 290; x_wconf 74' lang='lat'><strong>535</strong></span> 
     </span>
    </p>
   </div>
   <div class='ocr_carea' id='block_1_2' title="bbox 417 332 2004 412">
    <p class='ocr_par' dir='ltr' id='par_1_2' title="bbox 417 332 2004 412">
     <span class='ocr_line' id='line_1_2' title="bbox 417 332 2004 412; baseline -0.009 -12"><span class='ocrx_word' id='word_1_2' title='bbox 417 345 551 401; x_wconf 86' lang='lat' dir='ltr'><strong>orbe</strong></span> <span class='ocrx_word' id='word_1_3' title='bbox 602 341 853 399; x_wconf 70' lang='lat' dir='ltr'><strong>dilatatur</strong></span> <span class='ocrx_word' id='word_1_4' title='bbox 878 383 896 411; x_wconf 90' lang='lat'><strong>,</strong></span> <span class='ocrx_word' id='word_1_5' title='bbox 940 354 1059 412; x_wconf 67' lang='lat' dir='ltr'><strong>qua:</strong></span> <span class='ocrx_word' id='word_1_6' title='bbox 1105 336 1418 408; x_wconf 87' lang='lat' dir='ltr'><strong>prophetata</strong></span> <span class='ocrx_word' id='word_1_7' title='bbox 1467 335 1546 390; x_wconf 87' lang='lat' dir='ltr'><strong>sic</strong></span> <span class='ocrx_word' id='word_1_8' title='bbox 1593 333 1828 390; x_wconf 74' lang='lat' dir='ltr'><strong>creditur</strong></span> <span class='ocrx_word' id='word_1_9' title='bbox 1856 373 1871 398; x_wconf 92' lang='lat'><strong>,</strong></span> <span class='ocrx_word' id='word_1_10' title='bbox 1923 332 2004 387; x_wconf 89' lang='lat' dir='ltr'><strong>sic</strong></span> 
     </span>
    </p>
   </div>
   <div class='ocr_carea' id='block_1_3' title="bbox 419 423 2012 496">
    <p class='ocr_par' dir='ltr' id='par_1_3' title="bbox 419 423 2012 496">
     <span class='ocr_line' id='line_1_3' title="bbox 419 423 2012 496; baseline -0.009 -3"><span class='ocrx_word' id='word_1_11' title='bbox 419 437 661 493; x_wconf 92' lang='lat' dir='ltr'><strong>omnium</strong></span> <span class='ocrx_word' id='word_1_12' title='bbox 693 436 851 491; x_wconf 87' lang='lat' dir='ltr'><strong>etiam</strong></span> <span class='ocrx_word' id='word_1_13' title='bbox 876 431 1168 489; x_wconf 80' lang='lat' dir='ltr'><strong>inﬁdelium</strong></span> <span class='ocrx_word' id='word_1_14' title='bbox 1195 430 1362 485; x_wconf 87' lang='lat' dir='ltr'><strong>oculis</strong></span> <span class='ocrx_word' id='word_1_15' title='bbox 1387 427 1692 496; x_wconf 80' lang='lat' dir='ltr'><strong>exhibetur,</strong></span> <span class='ocrx_word' id='word_1_16' title='bbox 1721 436 1778 482; x_wconf 90' lang='lat' dir='ltr'><strong>ut</strong></span> <span class='ocrx_word' id='word_1_17' title='bbox 1798 423 2012 480; x_wconf 87' lang='lat' dir='ltr'><strong>claudat</strong></span> 
     </span>
    </p>
   </div>
   <div class='ocr_carea' id='block_1_4' title="bbox 423 515 2010 596">
    <p class='ocr_par' dir='ltr' id='par_1_4' title="bbox 423 515 2010 596">
     <span class='ocr_line' id='line_1_4' title="bbox 423 515 2010 596; baseline -0.009 -11"><span class='ocrx_word' id='word_1_18' title='bbox 423 530 584 585; x_wconf 89' lang='lat' dir='ltr'><strong>etiam</strong></span> <span class='ocrx_word' id='word_1_19' title='bbox 612 542 705 583; x_wconf 92' lang='lat' dir='ltr'><strong>ora</strong></span> <span class='ocrx_word' id='word_1_20' title='bbox 749 527 1099 596; x_wconf 86' lang='lat' dir='ltr'><strong>Paganorum,</strong></span> <span class='ocrx_word' id='word_1_21' title='bbox 1132 522 1218 593; x_wconf 87' lang='lat' dir='ltr'><strong>qui</strong></span> <span class='ocrx_word' id='word_1_22' title='bbox 1249 521 1507 577; x_wconf 86' lang='lat' dir='ltr'><strong>adversus</strong></span> <span class='ocrx_word' id='word_1_23' title='bbox 1531 534 1648 576; x_wconf 90' lang='lat' dir='ltr'><strong>eam</strong></span> <span class='ocrx_word' id='word_1_24' title='bbox 1704 515 2010 589; x_wconf 74' lang='lat' dir='ltr'><strong>paucissimi</strong></span> 
     </span>
    </p>
   </div>
   <div class='ocr_carea' id='block_1_5' title="bbox 417 607 2012 686">
    <p class='ocr_par' dir='ltr' id='par_1_5' title="bbox 417 607 2012 686">
     <span class='ocr_line' id='line_1_5' title="bbox 417 607 2012 686; baseline -0.009 -10"><span class='ocrx_word' id='word_1_25' title='bbox 417 625 816 683; x_wconf 89' lang='lat' dir='ltr'><strong>remanserunt,</strong></span> <span class='ocrx_word' id='word_1_26' title='bbox 851 623 1054 686; x_wconf 90' lang='lat' dir='ltr'><strong>partem</strong></span> <span class='ocrx_word' id='word_1_27' title='bbox 1075 612 1264 669; x_wconf 92' lang='lat' dir='ltr'><strong>Donati</strong></span> <span class='ocrx_word' id='word_1_28' title='bbox 1286 613 1450 668; x_wconf 85' lang='lat' dir='ltr'><strong>audes</strong></span> <span class='ocrx_word' id='word_1_29' title='bbox 1469 624 1803 682; x_wconf 64' lang='lat' dir='ltr'><strong>praeponere,</strong></span> <span class='ocrx_word' id='word_1_30' title='bbox 1825 607 2012 664; x_wconf 89' lang='lat' dir='ltr'><strong>dicens</strong></span> 
     </span>
    </p>
   </div>
   <div class='ocr_carea' id='block_1_6' title="bbox 418 702 2011 787">
    <p class='ocr_par' dir='ltr' id='par_1_6' title="bbox 418 702 2011 787">
     <span class='ocr_line' id='line_1_6' title="bbox 418 702 2011 787; baseline -0.009 -16"><span class='ocrx_word' id='word_1_31' title='bbox 418 713 562 787; x_wconf 88' lang='lat' dir='ltr'><strong>quod</strong></span> <span class='ocrx_word' id='word_1_32' title='bbox 593 722 647 769; x_wconf 93' lang='lat' dir='ltr'><strong>ct</strong></span> <span class='ocrx_word' id='word_1_33' title='bbox 682 720 879 784; x_wconf 54' lang='lat' dir='ltr'><strong>praeter</strong></span> <span class='ocrx_word' id='word_1_34' title='bbox 903 709 1137 766; x_wconf 77' lang='lat' dir='ltr'><strong>Africam</strong></span> <span class='ocrx_word' id='word_1_35' title='bbox 1167 708 1350 765; x_wconf 89' lang='lat' dir='ltr'><strong>nescio</strong></span> <span class='ocrx_word' id='word_1_36' title='bbox 1372 721 1506 779; x_wconf 91' lang='lat' dir='ltr'><strong>quos</strong></span> <span class='ocrx_word' id='word_1_37' title='bbox 1534 703 1794 769; x_wconf 91' lang='lat' dir='ltr'><strong>habeatis,</strong></span> <span class='ocrx_word' id='word_1_38' title='bbox 1818 702 2011 774; x_wconf 87' lang='lat' dir='ltr'><strong>quibus</strong></span> 
     </span>
    </p>
   </div>
   <div class='ocr_carea' id='block_1_7' title="bbox 419 795 2011 873">
    <p class='ocr_par' dir='ltr' id='par_1_7' title="bbox 419 795 2011 873">
     <span class='ocr_line' id='line_1_7' title="bbox 419 795 2011 873; baseline -0.007 -13"><span class='ocrx_word' id='word_1_39' title='bbox 419 815 602 860; x_wconf 89' lang='lat' dir='ltr'><strong>tamen</strong></span> <span class='ocrx_word' id='word_1_40' title='bbox 634 817 740 857; x_wconf 89' lang='lat' dir='ltr'><strong>non</strong></span> <span class='ocrx_word' id='word_1_41' title='bbox 769 799 1171 873; x_wconf 79' lang='lat' dir='ltr'><strong>apparentibus,</strong></span> <span class='ocrx_word' id='word_1_42' title='bbox 1199 815 1266 855; x_wconf 84' lang='lat' dir='ltr'><strong>ex</strong></span> <span class='ocrx_word' id='word_1_43' title='bbox 1291 798 1468 854; x_wconf 81' lang='lat' dir='ltr'><strong>Africa</strong></span> <span class='ocrx_word' id='word_1_44' title='bbox 1492 811 1588 853; x_wconf 91' lang='lat' dir='ltr'><strong>vos</strong></span> <span class='ocrx_word' id='word_1_45' title='bbox 1611 796 1783 851; x_wconf 90' lang='lat' dir='ltr'><strong>solere</strong></span> <span class='ocrx_word' id='word_1_46' title='bbox 1795 795 2011 851; x_wconf 86' lang='lat' dir='ltr'><strong>mittere</strong></span> 
     </span>
    </p>
   </div>
   <div class='ocr_carea' id='block_1_8' title="bbox 375 888 2009 967">
    <p class='ocr_par' dir='ltr' id='par_1_8' title="bbox 375 888 2009 967">
     <span class='ocr_line' id='line_1_8' title="bbox 375 888 2009 967; baseline -0.005 -16"><span class='ocrx_word' id='word_1_47' title='bbox 375 941 381 951; x_wconf 93' lang='lat'><strong>.</strong></span> <span class='ocrx_word' id='word_1_48' title='bbox 416 897 701 967; x_wconf 88' lang='lat' dir='ltr'><strong>episcopos</strong></span> <span class='ocrx_word' id='word_1_49' title='bbox 733 909 840 950; x_wconf 88' lang='lat' dir='ltr'><strong>non</strong></span> <span class='ocrx_word' id='word_1_50' title='bbox 870 894 1096 966; x_wconf 76' lang='lat' dir='ltr'><strong>negatis,</strong></span> <span class='ocrx_word' id='word_1_51' title='bbox 1129 907 1314 958; x_wconf 91' lang='lat' dir='ltr'><strong>unum,</strong></span> <span class='ocrx_word' id='word_1_52' title='bbox 1346 898 1438 946; x_wconf 91' lang='lat' dir='ltr'><strong>aut</strong></span> <span class='ocrx_word' id='word_1_53' title='bbox 1462 889 1617 956; x_wconf 90' lang='lat' dir='ltr'><strong>duos,</strong></span> <span class='ocrx_word' id='word_1_54' title='bbox 1668 897 1759 943; x_wconf 89' lang='lat' dir='ltr'><strong>aut</strong></span> <span class='ocrx_word' id='word_1_55' title='bbox 1784 897 1840 943; x_wconf 91' lang='lat' dir='ltr'><strong>ut</strong></span> <span class='ocrx_word' id='word_1_56' title='bbox 1868 888 2009 943; x_wconf 90' lang='lat' dir='ltr'><strong>mul-</strong></span> 
     </span>
    </p>
   </div>
   <div class='ocr_carea' id='block_1_9' title="bbox 358 978 2008 1057">
    <p class='ocr_par' dir='ltr' id='par_1_9' title="bbox 358 978 2008 1057">
     <span class='ocr_line' id='line_1_9' title="bbox 358 978 2008 1057; baseline -0.005 -14"><span class='ocrx_word' id='word_1_57' title='bbox 358 1030 383 1055; x_wconf 69' lang='lat'><strong>_.</strong></span> <span class='ocrx_word' id='word_1_58' title='bbox 418 995 531 1044; x_wconf 89' lang='lat' dir='ltr'><strong>tum</strong></span> <span class='ocrx_word' id='word_1_59' title='bbox 565 995 674 1043; x_wconf 89' lang='lat' dir='ltr'><strong>tres</strong></span> <span class='ocrx_word' id='word_1_60' title='bbox 707 1003 721 1039; x_wconf 88' lang='lat'><strong>:</strong></span> <span class='ocrx_word' id='word_1_61' title='bbox 755 995 809 1041; x_wconf 90' lang='lat' dir='ltr'><strong>et</strong></span> <span class='ocrx_word' id='word_1_62' title='bbox 836 983 1221 1057; x_wconf 79' lang='lat' dir='ltr'><strong>argumentaris</strong></span> <span class='ocrx_word' id='word_1_63' title='bbox 1248 981 1477 1038; x_wconf 87' lang='lat' dir='ltr'><strong>inaniter</strong></span> <span class='ocrx_word' id='word_1_64' title='bbox 1507 988 1691 1035; x_wconf 89' lang='lat' dir='ltr'><strong>contra</strong></span> <span class='ocrx_word' id='word_1_65' title='bbox 1716 978 2008 1035; x_wconf 89' lang='lat' dir='ltr'><strong>evidentis-</strong></span> 
     </span>
    </p>
   </div>
   <div class='ocr_carea' id='block_1_10' title="bbox 348 1060 2012 1148">
    <p class='ocr_par' dir='ltr' id='par_1_10' title="bbox 348 1060 2012 1148">
     <span class='ocr_line' id='line_1_10' title="bbox 348 1060 2012 1148; baseline -0.006 -14"><span class='ocrx_word' id='word_1_66' title='bbox 418 1079 607 1134; x_wconf 77' lang='lat' dir='ltr'><strong>simam</strong></span> <span class='ocrx_word' id='word_1_67' title='bbox 626 1077 927 1144; x_wconf 83' lang='lat' dir='ltr'><strong>veritatem,</strong></span> <span class='ocrx_word' id='word_1_68' title='bbox 947 1074 1088 1148; x_wconf 91' lang='lat' dir='ltr'><strong>quod</strong></span> <span class='ocrx_word' id='word_1_69' title='bbox 1104 1073 1226 1131; x_wconf 91' lang='lat' dir='ltr'><strong>ideo</strong></span> <span class='ocrx_word' id='word_1_70' title='bbox 1244 1072 1399 1129; x_wconf 88' lang='lat' dir='ltr'><strong>nobis</strong></span> <span class='ocrx_word' id='word_1_71' title='bbox 1414 1087 1522 1127; x_wconf 90' lang='lat' dir='ltr'><strong>non</strong></span> <span class='ocrx_word' id='word_1_72' title='bbox 1544 1078 1690 1127; x_wconf 90' lang='lat' dir='ltr'><strong>totus</strong></span> <span class='ocrx_word' id='word_1_73' title='bbox 1705 1069 1851 1126; x_wconf 87' lang='lat' dir='ltr'><strong>orbis</strong></span> <span class='ocrx_word' id='word_1_74' title='bbox 1861 1084 2012 1125; x_wconf 85' lang='lat' dir='ltr'><strong>com-</strong></span> 
     </span>
    </p>
   </div>
   <div class='ocr_carea' id='block_1_11' title="bbox 334 1161 2008 1253">
    <p class='ocr_par' dir='ltr' id='par_1_11' title="bbox 334 1161 2008 1253">
     <span class='ocr_line' id='line_1_11' title="bbox 334 1161 2008 1253; baseline -0.005 -28"><span class='ocrx_word' id='word_1_75' title='bbox 334 1162 680 1253; x_wconf 87' lang='lat' dir='ltr'><strong>municet,</strong></span> <span class='ocrx_word' id='word_1_76' title='bbox 712 1170 834 1241; x_wconf 84' lang='lat' dir='ltr'><strong>quia</strong></span> <span class='ocrx_word' id='word_1_77' title='bbox 862 1168 948 1224; x_wconf 92' lang='lat' dir='ltr'><strong>vel</strong></span> <span class='ocrx_word' id='word_1_78' title='bbox 973 1168 1147 1224; x_wconf 89' lang='lat' dir='ltr'><strong>adhuc</strong></span> <span class='ocrx_word' id='word_1_79' title='bbox 1174 1167 1353 1222; x_wconf 72' lang='lat' dir='ltr'><strong>multa:</strong></span> <span class='ocrx_word' id='word_1_80' title='bbox 1383 1174 1509 1220; x_wconf 88' lang='lat' dir='ltr'><strong>sunt</strong></span> <span class='ocrx_word' id='word_1_81' title='bbox 1546 1166 1788 1236; x_wconf 89' lang='lat' dir='ltr'><strong>gentium</strong></span> <span class='ocrx_word' id='word_1_82' title='bbox 1813 1161 2008 1218; x_wconf 87' lang='lat' dir='ltr'><strong>barba-</strong></span> 
     </span>
    </p>
   </div>
   <div class='ocr_carea' id='block_1_12' title="bbox 330 1252 2009 1335">
    <p class='ocr_par' dir='ltr' id='par_1_12' title="bbox 330 1252 2009 1335">
     <span class='ocr_line' id='line_1_12' title="bbox 330 1252 2009 1335; baseline -0.005 -16"><span class='ocrx_word' id='word_1_83' title='bbox 330 1258 333 1261; x_wconf 79' lang='grc'><em>’</em></span> <span class='ocrx_word' id='word_1_84' title='bbox 366 1252 600 1335; x_wconf 65' lang='grc' dir='ltr'><strong>ξτειτυηι</strong></span> <span class='ocrx_word' id='word_1_85' title='bbox 624 1280 741 1335; x_wconf 69' lang='lat' dir='ltr'><strong>quae</strong></span> <span class='ocrx_word' id='word_1_86' title='bbox 765 1265 817 1318; x_wconf 92' lang='lat' dir='ltr'><strong>in</strong></span> <span class='ocrx_word' id='word_1_87' title='bbox 841 1262 1107 1317; x_wconf 85' lang='lat' dir='ltr'><strong>Christum</strong></span> <span class='ocrx_word' id='word_1_88' title='bbox 1136 1259 1373 1317; x_wconf 91' lang='lat' dir='ltr'><strong>nondum</strong></span> <span class='ocrx_word' id='word_1_89' title='bbox 1400 1257 1767 1325; x_wconf 88' lang='lat' dir='ltr'><strong>crediderunt,</strong></span> <span class='ocrx_word' id='word_1_90' title='bbox 1793 1255 1878 1313; x_wconf 92' lang='lat' dir='ltr'><strong>vel</strong></span> <span class='ocrx_word' id='word_1_91' title='bbox 1906 1253 2009 1312; x_wconf 85' lang='lat' dir='ltr'><strong>sub</strong></span> 
     </span>
    </p>
   </div>
   <div class='ocr_carea' id='block_1_13' title="bbox 353 1314 2008 1464">
    <p class='ocr_par' dir='ltr' id='par_1_13' title="bbox 353 1314 2008 1464">
     <span class='ocr_line' id='line_1_13' title="bbox 353 1314 2008 1464; baseline -0.003 -57"><span class='ocrx_word' id='word_1_92' title='bbox 353 1314 857 1464; x_wconf 55' lang='grc' dir='ltr'><strong>ἓηοιιιίηίϐιιιὴειί</strong></span> <span class='ocrx_word' id='word_1_93' title='bbox 884 1352 1117 1407; x_wconf 80' lang='lat' dir='ltr'><strong>haereses</strong></span> <span class='ocrx_word' id='word_1_94' title='bbox 1146 1350 1327 1406; x_wconf 73' lang='lat' dir='ltr'><strong>multa:</strong></span> <span class='ocrx_word' id='word_1_95' title='bbox 1352 1364 1384 1405; x_wconf 91' lang='lat' dir='ltr'><strong>a</strong></span> <span class='ocrx_word' id='word_1_96' title='bbox 1409 1347 1785 1405; x_wconf 87' lang='lat' dir='ltr'><strong>communione</strong></span> <span class='ocrx_word' id='word_1_97' title='bbox 1809 1355 2008 1403; x_wconf 65' lang='lat' dir='ltr'><strong>nostris</strong></span> 
     </span>
    </p>
   </div>
   <div class='ocr_carea' id='block_1_14' title="bbox 352 1444 938 1501">
    <p class='ocr_par' dir='ltr' id='par_1_14' title="bbox 352 1444 938 1501">
     <span class='ocr_line' id='line_1_14' title="bbox 352 1444 938 1501; baseline 0 -2"><span class='ocrx_word' id='word_1_98' title='bbox 352 1444 691 1501; x_wconf 57' lang='lat' dir='ltr'><strong>&quot;societatis</strong></span> <span class='ocrx_word' id='word_1_99' title='bbox 730 1445 938 1500; x_wconf 59' lang='lat' dir='ltr'><strong>alienun</strong></span> 
     </span>
    </p>
   </div>
   <div class='ocr_carea' id='block_1_15' title="bbox 491 1534 2007 1603">
    <p class='ocr_par' dir='ltr' id='par_1_15' title="bbox 491 1534 2007 1603">
     <span class='ocr_line' id='line_1_15' title="bbox 491 1534 2007 1603; baseline -0.001 -9"><span class='ocrx_word' id='word_1_100' title='bbox 491 1538 720 1595; x_wconf 84' lang='lat' dir='ltr'><strong>CAPUT</strong></span> <span class='ocrx_word' id='word_1_101' title='bbox 746 1537 925 1593; x_wconf 82' lang='lat' dir='ltr'><strong>LXIV.</strong></span> <span class='ocrx_word' id='word_1_102' title='bbox 949 1567 1022 1579; x_wconf 98' lang='lat'><strong>—</strong></span> <span class='ocrx_word' id='word_1_103' title='bbox 1050 1537 1140 1592; x_wconf 82' lang='lat' dir='ltr'><strong>7i.</strong></span> <span class='ocrx_word' id='word_1_104' title='bbox 1171 1535 1283 1592; x_wconf 83' lang='lat' dir='ltr'><strong>Nec</strong></span> <span class='ocrx_word' id='word_1_105' title='bbox 1310 1534 1565 1603; x_wconf 88' lang='lat' dir='ltr'><strong>attendis,</strong></span> <span class='ocrx_word' id='word_1_106' title='bbox 1602 1550 1702 1591; x_wconf 89' lang='lat' dir='ltr'><strong>nec</strong></span> <span class='ocrx_word' id='word_1_107' title='bbox 1726 1535 1913 1592; x_wconf 87' lang='lat' dir='ltr'><strong>saltem</strong></span> <span class='ocrx_word' id='word_1_108' title='bbox 1939 1535 2007 1592; x_wconf 88' lang='lat' dir='ltr'><strong>ab</strong></span> 
     </span>
    </p>
   </div>
   <div class='ocr_carea' id='block_1_16' title="bbox 418 1627 2005 1702">
    <p class='ocr_par' dir='ltr' id='par_1_16' title="bbox 418 1627 2005 1702">
     <span class='ocr_line' id='line_1_16' title="bbox 418 1627 2005 1702; baseline -0.002 -16"><span class='ocrx_word' id='word_1_109' title='bbox 418 1631 713 1687; x_wconf 88' lang='lat' dir='ltr'><strong>scientibus</strong></span> <span class='ocrx_word' id='word_1_110' title='bbox 737 1629 949 1702; x_wconf 69' lang='lat' dir='ltr'><strong>quaeris,</strong></span> <span class='ocrx_word' id='word_1_111' title='bbox 979 1643 1138 1700; x_wconf 90' lang='lat' dir='ltr'><strong>quam</strong></span> <span class='ocrx_word' id='word_1_112' title='bbox 1165 1627 1346 1684; x_wconf 76' lang='lat' dir='ltr'><strong>multa:</strong></span> <span class='ocrx_word' id='word_1_113' title='bbox 1392 1627 1629 1699; x_wconf 86' lang='lat' dir='ltr'><strong>ipsarum</strong></span> <span class='ocrx_word' id='word_1_114' title='bbox 1658 1627 2005 1684; x_wconf 88' lang='lat' dir='ltr'><strong>barbararum</strong></span> 
     </span>
    </p>
   </div>
   <div class='ocr_carea' id='block_1_17' title="bbox 416 1719 2006 1796">
    <p class='ocr_par' dir='ltr' id='par_1_17' title="bbox 416 1719 2006 1796">
     <span class='ocr_line' id='line_1_17' title="bbox 416 1719 2006 1796; baseline -0.002 -16"><span class='ocrx_word' id='word_1_115' title='bbox 416 1725 652 1796; x_wconf 89' lang='lat' dir='ltr'><strong>gentium</strong></span> <span class='ocrx_word' id='word_1_116' title='bbox 706 1739 839 1796; x_wconf 90' lang='lat' dir='ltr'><strong>quas</strong></span> <span class='ocrx_word' id='word_1_117' title='bbox 887 1721 1356 1788; x_wconf 89' lang='lat' dir='ltr'><strong>commemorasti,</strong></span> <span class='ocrx_word' id='word_1_118' title='bbox 1396 1719 1596 1776; x_wconf 88' lang='lat' dir='ltr'><strong>Christi</strong></span> <span class='ocrx_word' id='word_1_119' title='bbox 1647 1720 1757 1792; x_wconf 80' lang='lat' dir='ltr'><strong>jam</strong></span> <span class='ocrx_word' id='word_1_120' title='bbox 1804 1719 2006 1777; x_wconf 90' lang='lat' dir='ltr'><strong>nomini</strong></span> 
     </span>
    </p>
   </div>
   <div class='ocr_carea' id='block_1_18' title="bbox 417 1811 2006 1887">
    <p class='ocr_par' dir='ltr' id='par_1_18' title="bbox 417 1811 2006 1887">
     <span class='ocr_line' id='line_1_18' title="bbox 417 1811 2006 1887; baseline -0.003 -14"><span class='ocrx_word' id='word_1_121' title='bbox 417 1816 735 1887; x_wconf 71' lang='lat' dir='ltr'><strong>mancipata:</strong></span> <span class='ocrx_word' id='word_1_122' title='bbox 762 1815 889 1882; x_wconf 91' lang='lat' dir='ltr'><strong>sint,</strong></span> <span class='ocrx_word' id='word_1_123' title='bbox 916 1824 972 1870; x_wconf 90' lang='lat' dir='ltr'><strong>et</strong></span> <span class='ocrx_word' id='word_1_124' title='bbox 1011 1812 1464 1886; x_wconf 87' lang='lat' dir='ltr'><strong>quemadmodum</strong></span> <span class='ocrx_word' id='word_1_125' title='bbox 1491 1813 1545 1869; x_wconf 93' lang='lat' dir='ltr'><strong>in</strong></span> <span class='ocrx_word' id='word_1_126' title='bbox 1574 1821 1799 1869; x_wconf 65' lang='lat' dir='ltr'><strong>caeteras</strong></span> <span class='ocrx_word' id='word_1_127' title='bbox 1826 1811 2006 1868; x_wconf 87' lang='lat' dir='ltr'><strong>Evan-</strong></span> 
     </span>
    </p>
   </div>
   <div class='ocr_carea' id='block_1_19' title="bbox 412 1903 2006 1980">
    <p class='ocr_par' dir='ltr' id='par_1_19' title="bbox 412 1903 2006 1980">
     <span class='ocr_line' id='line_1_19' title="bbox 412 1903 2006 1980; baseline -0.002 -16"><span class='ocrx_word' id='word_1_128' title='bbox 412 1908 616 1980; x_wconf 90' lang='lat' dir='ltr'><strong>gelium</strong></span> <span class='ocrx_word' id='word_1_129' title='bbox 646 1906 941 1964; x_wconf 89' lang='lat' dir='ltr'><strong>crescendo</strong></span> <span class='ocrx_word' id='word_1_130' title='bbox 990 1906 1313 1963; x_wconf 76' lang='lat' dir='ltr'><strong>fructiﬁcare</strong></span> <span class='ocrx_word' id='word_1_131' title='bbox 1357 1920 1463 1960; x_wconf 88' lang='lat' dir='ltr'><strong>non</strong></span> <span class='ocrx_word' id='word_1_132' title='bbox 1514 1913 1710 1973; x_wconf 88' lang='lat' dir='ltr'><strong>cesset,</strong></span> <span class='ocrx_word' id='word_1_133' title='bbox 1740 1903 1914 1960; x_wconf 92' lang='lat' dir='ltr'><strong>donec</strong></span> <span class='ocrx_word' id='word_1_134' title='bbox 1951 1904 2006 1961; x_wconf 88' lang='lat' dir='ltr'><strong>in</strong></span> 
     </span>
    </p>
   </div>
   <div class='ocr_carea' id='block_1_20' title="bbox 411 1998 2004 2071">
    <p class='ocr_par' dir='ltr' id='par_1_20' title="bbox 411 1998 2004 2071">
     <span class='ocr_line' id='line_1_20' title="bbox 411 1998 2004 2071; baseline -0.004 -11"><span class='ocrx_word' id='word_1_135' title='bbox 411 2002 664 2060; x_wconf 91' lang='lat' dir='ltr'><strong>omnibus</strong></span> <span class='ocrx_word' id='word_1_136' title='bbox 684 2016 805 2058; x_wconf 91' lang='lat' dir='ltr'><strong>cum</strong></span> <span class='ocrx_word' id='word_1_137' title='bbox 828 1999 989 2056; x_wconf 82' lang='lat' dir='ltr'><strong>fuerit</strong></span> <span class='ocrx_word' id='word_1_138' title='bbox 1009 1999 1374 2071; x_wconf 75' lang='lat' dir='ltr'><strong>praedicatum,</strong></span> <span class='ocrx_word' id='word_1_139' title='bbox 1394 1998 1571 2054; x_wconf 82' lang='lat' dir='ltr'><strong>veniat</strong></span> <span class='ocrx_word' id='word_1_140' title='bbox 1594 1999 1734 2054; x_wconf 85' lang='lat' dir='ltr'><strong>linis.</strong></span> <span class='ocrx_word' id='word_1_141' title='bbox 1756 1998 1844 2055; x_wconf 91' lang='lat' dir='ltr'><strong>Sic</strong></span> <span class='ocrx_word' id='word_1_142' title='bbox 1862 1998 2004 2054; x_wconf 92' lang='lat' dir='ltr'><strong>enim</strong></span> 
     </span>
    </p>
   </div>
   <div class='ocr_carea' id='block_1_21' title="bbox 410 2088 2007 2165">
    <p class='ocr_par' dir='ltr' id='par_1_21' title="bbox 410 2088 2007 2165">
     <span class='ocr_line' id='line_1_21' title="bbox 410 2088 2007 2165; baseline -0.005 -13"><span class='ocrx_word' id='word_1_143' title='bbox 410 2094 674 2153; x_wconf 87' lang='lat' dir='ltr'><strong>Dominus</strong></span> <span class='ocrx_word' id='word_1_144' title='bbox 706 2094 781 2150; x_wconf 85' lang='lat' dir='ltr'><strong>ait</strong></span> <span class='ocrx_word' id='word_1_145' title='bbox 807 2111 821 2149; x_wconf 90' lang='lat'>:</span> <span class='ocrx_word' id='word_1_146' title='bbox 856 2093 923 2148; x_wconf 87' lang='lat' dir='ltr'><strong>Et</strong></span> <span class='ocrx_word' id='word_1_147' title='bbox 949 2091 1309 2165; x_wconf 80' lang='lat' dir='ltr'><strong>prtedicabitur</strong></span> <span class='ocrx_word' id='word_1_148' title='bbox 1329 2090 1423 2146; x_wconf 82' lang='lat' dir='ltr'><strong>hoc</strong></span> <span class='ocrx_word' id='word_1_149' title='bbox 1452 2088 1789 2163; x_wconf 78' lang='lat' dir='ltr'><strong>Evangelium</strong></span> <span class='ocrx_word' id='word_1_150' title='bbox 1812 2090 1867 2145; x_wconf 89' lang='lat' dir='ltr'><strong>in</strong></span> <span class='ocrx_word' id='word_1_151' title='bbox 1889 2091 2007 2145; x_wconf 81' lang='lat' dir='ltr'><strong>uni-</strong></span> 
     </span>
    </p>
   </div>
   <div class='ocr_carea' id='block_1_22' title="bbox 409 2183 2005 2255">
    <p class='ocr_par' dir='ltr' id='par_1_22' title="bbox 409 2183 2005 2255">
     <span class='ocr_line' id='line_1_22' title="bbox 409 2183 2005 2255; baseline -0.003 -13"><span class='ocrx_word' id='word_1_152' title='bbox 409 2202 554 2243; x_wconf 72' lang='lat' dir='ltr'><strong>uerso</strong></span> <span class='ocrx_word' id='word_1_153' title='bbox 581 2188 728 2253; x_wconf 86' lang='lat' dir='ltr'><strong>orbe,</strong></span> <span class='ocrx_word' id='word_1_154' title='bbox 770 2186 824 2241; x_wconf 90' lang='lat' dir='ltr'><strong>in</strong></span> <span class='ocrx_word' id='word_1_155' title='bbox 853 2185 1192 2240; x_wconf 88' lang='lat' dir='ltr'><strong>testimonium</strong></span> <span class='ocrx_word' id='word_1_156' title='bbox 1230 2184 1464 2240; x_wconf 89' lang='lat' dir='ltr'><strong>omnibus</strong></span> <span class='ocrx_word' id='word_1_157' title='bbox 1503 2183 1763 2255; x_wconf 76' lang='lat' dir='ltr'><strong>gentibus;</strong></span> <span class='ocrx_word' id='word_1_158' title='bbox 1814 2193 1861 2237; x_wconf 92' lang='lat' dir='ltr'><strong>et</strong></span> <span class='ocrx_word' id='word_1_159' title='bbox 1887 2191 2005 2238; x_wconf 88' lang='lat' dir='ltr'><strong>tunc</strong></span> 
     </span>
    </p>
   </div>
   <div class='ocr_carea' id='block_1_23' title="bbox 407 2273 2003 2355">
    <p class='ocr_par' dir='ltr' id='par_1_23' title="bbox 407 2273 2003 2355">
     <span class='ocr_line' id='line_1_23' title="bbox 407 2273 2003 2355; baseline -0.003 -20"><span class='ocrx_word' id='word_1_160' title='bbox 407 2280 574 2335; x_wconf 81' lang='lat' dir='ltr'><strong>ueniet</strong></span> <span class='ocrx_word' id='word_1_161' title='bbox 599 2280 718 2350; x_wconf 78' lang='lat' dir='ltr'><strong>ﬁnis</strong></span> <span class='ocrx_word' id='word_1_162' title='bbox 743 2277 957 2352; x_wconf 75' lang='lat' dir='ltr'><strong>(Matth.</strong></span> <span class='ocrx_word' id='word_1_163' title='bbox 978 2293 1127 2346; x_wconf 80' lang='lat' dir='ltr'><strong>nlv,</strong></span> <span class='ocrx_word' id='word_1_164' title='bbox 1156 2276 1268 2351; x_wconf 71' lang='grc'><strong>14).</strong></span> <span class='ocrx_word' id='word_1_165' title='bbox 1299 2274 1411 2331; x_wconf 88' lang='lat' dir='ltr'><strong>Nisi</strong></span> <span class='ocrx_word' id='word_1_166' title='bbox 1442 2273 1579 2331; x_wconf 81' lang='lat' dir='ltr'><strong>forte</strong></span> <span class='ocrx_word' id='word_1_167' title='bbox 1616 2276 1776 2355; x_wconf 87' lang='lat' dir='ltr'><strong>etiam</strong></span> <span class='ocrx_word' id='word_1_168' title='bbox 1803 2274 1855 2331; x_wconf 93' lang='lat' dir='ltr'><strong>in</strong></span> <span class='ocrx_word' id='word_1_169' title='bbox 1884 2284 2003 2330; x_wconf 93' lang='lat' dir='ltr'><strong>tan-</strong></span> 
     </span>
    </p>
   </div>
   <div class='ocr_carea' id='block_1_24' title="bbox 411 2366 2005 2441">
    <p class='ocr_par' dir='ltr' id='par_1_24' title="bbox 411 2366 2005 2441">
     <span class='ocr_line' id='line_1_24' title="bbox 411 2366 2005 2441; baseline -0.001 -15"><span class='ocrx_word' id='word_1_170' title='bbox 411 2380 527 2427; x_wconf 88' lang='lat' dir='ltr'><strong>tum</strong></span> <span class='ocrx_word' id='word_1_171' title='bbox 554 2385 653 2426; x_wconf 89' lang='lat' dir='ltr'><strong>vos</strong></span> <span class='ocrx_word' id='word_1_172' title='bbox 683 2369 977 2441; x_wconf 69' lang='lat' dir='ltr'><strong>praacipitat</strong></span> <span class='ocrx_word' id='word_1_173' title='bbox 998 2370 1182 2425; x_wconf 91' lang='lat' dir='ltr'><strong>insana</strong></span> <span class='ocrx_word' id='word_1_174' title='bbox 1209 2367 1479 2439; x_wconf 86' lang='lat' dir='ltr'><strong>superbia,</strong></span> <span class='ocrx_word' id='word_1_175' title='bbox 1510 2376 1570 2423; x_wconf 89' lang='lat' dir='ltr'><strong>ut</strong></span> <span class='ocrx_word' id='word_1_176' title='bbox 1595 2366 1697 2425; x_wconf 90' lang='lat' dir='ltr'><strong>hoc</strong></span> <span class='ocrx_word' id='word_1_177' title='bbox 1717 2367 1855 2439; x_wconf 91' lang='lat' dir='ltr'><strong>quod</strong></span> <span class='ocrx_word' id='word_1_178' title='bbox 1871 2384 2005 2440; x_wconf 71' lang='lat' dir='ltr'><strong>pric-</strong></span> 
     </span>
    </p>
   </div>
   <div class='ocr_carea' id='block_1_25' title="bbox 411 2459 2000 2533">
    <p class='ocr_par' dir='ltr' id='par_1_25' title="bbox 411 2459 2000 2533">
     <span class='ocr_line' id='line_1_25' title="bbox 411 2459 2000 2533; baseline -0.002 -14"><span class='ocrx_word' id='word_1_179' title='bbox 411 2463 615 2519; x_wconf 86' lang='lat' dir='ltr'><strong>dictum</strong></span> <span class='ocrx_word' id='word_1_180' title='bbox 646 2471 749 2528; x_wconf 88' lang='lat' dir='ltr'><strong>est,</strong></span> <span class='ocrx_word' id='word_1_181' title='bbox 776 2462 842 2517; x_wconf 91' lang='lat' dir='ltr'><strong>de</strong></span> <span class='ocrx_word' id='word_1_182' title='bbox 867 2470 1016 2533; x_wconf 91' lang='lat' dir='ltr'><strong>parte</strong></span> <span class='ocrx_word' id='word_1_183' title='bbox 1041 2462 1229 2517; x_wconf 89' lang='lat' dir='ltr'><strong>Donati</strong></span> <span class='ocrx_word' id='word_1_184' title='bbox 1259 2460 1457 2532; x_wconf 90' lang='lat' dir='ltr'><strong>putetis</strong></span> <span class='ocrx_word' id='word_1_185' title='bbox 1483 2459 1866 2532; x_wconf 89' lang='lat' dir='ltr'><strong>incipiendum,</strong></span> <span class='ocrx_word' id='word_1_186' title='bbox 1896 2476 2000 2516; x_wconf 91' lang='lat' dir='ltr'><strong>non</strong></span> 
     </span>
    </p>
   </div>
   <div class='ocr_carea' id='block_1_26' title="bbox 413 2551 2004 2625">
    <p class='ocr_par' dir='ltr' id='par_1_26' title="bbox 413 2551 2004 2625">
     <span class='ocr_line' id='line_1_26' title="bbox 413 2551 2004 2625; baseline -0.001 -14"><span class='ocrx_word' id='word_1_187' title='bbox 413 2571 484 2611; x_wconf 75' lang='lat' dir='ltr'><strong>ex</strong></span> <span class='ocrx_word' id='word_1_188' title='bbox 507 2554 613 2611; x_wconf 91' lang='lat' dir='ltr'><strong>illis</strong></span> <span class='ocrx_word' id='word_1_189' title='bbox 640 2553 897 2610; x_wconf 87' lang='lat' dir='ltr'><strong>Ecclesiis</strong></span> <span class='ocrx_word' id='word_1_190' title='bbox 925 2568 1058 2625; x_wconf 89' lang='lat' dir='ltr'><strong>quas</strong></span> <span class='ocrx_word' id='word_1_191' title='bbox 1102 2551 1344 2623; x_wconf 85' lang='lat' dir='ltr'><strong>Apostoli</strong></span> <span class='ocrx_word' id='word_1_192' title='bbox 1372 2551 1764 2623; x_wconf 89' lang='lat' dir='ltr'><strong>plantaverunt,</strong></span> <span class='ocrx_word' id='word_1_193' title='bbox 1812 2551 2004 2623; x_wconf 87' lang='lat' dir='ltr'><strong>quibus</strong></span> 
     </span>
    </p>
   </div>
   <div class='ocr_carea' id='block_1_27' title="bbox 409 2642 2001 2716">
    <p class='ocr_par' dir='ltr' id='par_1_27' title="bbox 409 2642 2001 2716">
     <span class='ocr_line' id='line_1_27' title="bbox 409 2642 2001 2716; baseline -0.002 -14"><span class='ocrx_word' id='word_1_194' title='bbox 409 2660 520 2702; x_wconf 86' lang='lat' dir='ltr'><strong>non</strong></span> <span class='ocrx_word' id='word_1_195' title='bbox 546 2646 905 2701; x_wconf 89' lang='lat' dir='ltr'><strong>communicat</strong></span> <span class='ocrx_word' id='word_1_196' title='bbox 937 2659 1061 2716; x_wconf 87' lang='lat' dir='ltr'><strong>pars</strong></span> <span class='ocrx_word' id='word_1_197' title='bbox 1087 2643 1300 2700; x_wconf 90' lang='lat' dir='ltr'><strong>Donati.</strong></span> <span class='ocrx_word' id='word_1_198' title='bbox 1319 2642 1403 2699; x_wconf 90' lang='lat' dir='ltr'><strong>An</strong></span> <span class='ocrx_word' id='word_1_199' title='bbox 1423 2650 1479 2699; x_wconf 92' lang='lat' dir='ltr'><strong>et</strong></span> <span class='ocrx_word' id='word_1_200' title='bbox 1499 2643 1641 2715; x_wconf 88' lang='lat' dir='ltr'><strong>ipsas</strong></span> <span class='ocrx_word' id='word_1_201' title='bbox 1666 2654 1723 2698; x_wconf 93' lang='lat' dir='ltr'><strong>ut</strong></span> <span class='ocrx_word' id='word_1_202' title='bbox 1746 2643 2001 2700; x_wconf 90' lang='lat' dir='ltr'><strong>mundum</strong></span> 
     </span>
    </p>
   </div>
   <div class='ocr_carea' id='block_1_28' title="bbox 406 2734 2004 2809">
    <p class='ocr_par' dir='ltr' id='par_1_28' title="bbox 406 2734 2004 2809">
     <span class='ocr_line' id='line_1_28' title="bbox 406 2734 2004 2809; baseline -0.001 -16"><span class='ocrx_word' id='word_1_203' title='bbox 406 2737 635 2809; x_wconf 86' lang='lat' dir='ltr'><strong>impleat</strong></span> <span class='ocrx_word' id='word_1_204' title='bbox 679 2736 1013 2807; x_wconf 88' lang='lat' dir='ltr'><strong>rebaptizare</strong></span> <span class='ocrx_word' id='word_1_205' title='bbox 1061 2734 1342 2791; x_wconf 88' lang='lat' dir='ltr'><strong>conabitur</strong></span> <span class='ocrx_word' id='word_1_206' title='bbox 1370 2775 1387 2801; x_wconf 88' lang='lat'><strong>,</strong></span> <span class='ocrx_word' id='word_1_207' title='bbox 1435 2750 1558 2790; x_wconf 90' lang='lat' dir='ltr'><strong>cum</strong></span> <span class='ocrx_word' id='word_1_208' title='bbox 1600 2734 1872 2792; x_wconf 89' lang='lat' dir='ltr'><strong>Catholica</strong></span> <span class='ocrx_word' id='word_1_209' title='bbox 1909 2751 2004 2808; x_wconf 84' lang='lat' dir='ltr'><strong>per</strong></span> 
     </span>
    </p>
   </div>
   <div class='ocr_carea' id='block_1_29' title="bbox 406 2825 2001 2900">
    <p class='ocr_par' dir='ltr' id='par_1_29' title="bbox 406 2825 2001 2900">
     <span class='ocr_line' id='line_1_29' title="bbox 406 2825 2001 2900; baseline -0.001 -15"><span class='ocrx_word' id='word_1_210' title='bbox 406 2837 600 2885; x_wconf 88' lang='lat' dir='ltr'><strong>cuncta</strong></span> <span class='ocrx_word' id='word_1_211' title='bbox 621 2836 917 2895; x_wconf 88' lang='lat' dir='ltr'><strong>crescente,</strong></span> <span class='ocrx_word' id='word_1_212' title='bbox 951 2826 1040 2883; x_wconf 92' lang='lat' dir='ltr'><strong>illa</strong></span> <span class='ocrx_word' id='word_1_213' title='bbox 1070 2835 1125 2883; x_wconf 93' lang='lat' dir='ltr'><strong>et</strong></span> <span class='ocrx_word' id='word_1_214' title='bbox 1160 2827 1213 2882; x_wconf 92' lang='lat' dir='ltr'><strong>in</strong></span> <span class='ocrx_word' id='word_1_215' title='bbox 1252 2826 1367 2896; x_wconf 88' lang='lat' dir='ltr'><strong>ipsa</strong></span> <span class='ocrx_word' id='word_1_216' title='bbox 1394 2825 1574 2883; x_wconf 82' lang='lat' dir='ltr'><strong>Africa</strong></span> <span class='ocrx_word' id='word_1_217' title='bbox 1619 2827 1856 2900; x_wconf 82' lang='lat' dir='ltr'><strong>quotidie</strong></span> <span class='ocrx_word' id='word_1_218' title='bbox 1899 2829 2001 2883; x_wconf 85' lang='lat' dir='ltr'><strong>mi-</strong></span> 
     </span>
    </p>
   </div>
   <div class='ocr_carea' id='block_1_30' title="bbox 407 2919 2003 2990">
    <p class='ocr_par' dir='ltr' id='par_1_30' title="bbox 407 2919 2003 2990">
     <span class='ocr_line' id='line_1_30' title="bbox 407 2919 2003 2990; baseline -0.002 -11"><span class='ocrx_word' id='word_1_219' title='bbox 407 2922 643 2979; x_wconf 84' lang='lat' dir='ltr'><strong>nuatur?</strong></span> <span class='ocrx_word' id='word_1_220' title='bbox 682 2920 727 2978; x_wconf 92' lang='grc' dir='ltr'><strong>Ο</strong></span> <span class='ocrx_word' id='word_1_221' title='bbox 760 2936 956 2977; x_wconf 84' lang='lat' dir='ltr'><strong>vesana</strong></span> <span class='ocrx_word' id='word_1_222' title='bbox 997 2919 1320 2990; x_wconf 77' lang='lat' dir='ltr'><strong>perversitas</strong></span> <span class='ocrx_word' id='word_1_223' title='bbox 1360 2919 1666 2975; x_wconf 88' lang='lat' dir='ltr'><strong>hominum!</strong></span> <span class='ocrx_word' id='word_1_224' title='bbox 1698 2919 1922 2976; x_wconf 85' lang='lat' dir='ltr'><strong>Laudari</strong></span> <span class='ocrx_word' id='word_1_225' title='bbox 1951 2929 2003 2976; x_wconf 92' lang='lat' dir='ltr'><strong>te</strong></span> 
     </span>
    </p>
   </div>
   <div class='ocr_carea' id='block_1_31' title="bbox 407 3011 2003 3084">
    <p class='ocr_par' dir='ltr' id='par_1_31' title="bbox 407 3011 2003 3084">
     <span class='ocr_line' id='line_1_31' title="bbox 407 3011 2003 3084; baseline -0.001 -14"><span class='ocrx_word' id='word_1_226' title='bbox 407 3014 607 3079; x_wconf 88' lang='lat' dir='ltr'><strong>credis,</strong></span> <span class='ocrx_word' id='word_1_227' title='bbox 635 3014 704 3070; x_wconf 89' lang='lat' dir='ltr'><strong>de</strong></span> <span class='ocrx_word' id='word_1_228' title='bbox 727 3012 941 3068; x_wconf 88' lang='lat' dir='ltr'><strong>Christo</strong></span> <span class='ocrx_word' id='word_1_229' title='bbox 967 3011 1236 3068; x_wconf 86' lang='lat' dir='ltr'><strong>credendo</strong></span> <span class='ocrx_word' id='word_1_230' title='bbox 1276 3011 1417 3084; x_wconf 90' lang='lat' dir='ltr'><strong>quod</strong></span> <span class='ocrx_word' id='word_1_231' title='bbox 1464 3028 1572 3068; x_wconf 87' lang='lat' dir='ltr'><strong>non</strong></span> <span class='ocrx_word' id='word_1_232' title='bbox 1615 3012 1800 3078; x_wconf 86' lang='lat' dir='ltr'><strong>vides;</strong></span> <span class='ocrx_word' id='word_1_233' title='bbox 1830 3022 1885 3069; x_wconf 91' lang='lat' dir='ltr'><strong>et</strong></span> <span class='ocrx_word' id='word_1_234' title='bbox 1906 3012 2003 3069; x_wconf 86' lang='lat' dir='ltr'><strong>da-</strong></span> 
     </span>
    </p>
   </div>
   <div class='ocr_carea' id='block_1_32' title="bbox 408 3106 1998 3178">
    <p class='ocr_par' dir='ltr' id='par_1_32' title="bbox 408 3106 1998 3178">
     <span class='ocr_line' id='line_1_32' title="bbox 408 3106 1998 3178; baseline -0.001 -12"><span class='ocrx_word' id='word_1_235' title='bbox 408 3110 583 3166; x_wconf 85' lang='lat' dir='ltr'><strong>mnari</strong></span> <span class='ocrx_word' id='word_1_236' title='bbox 614 3117 665 3164; x_wconf 91' lang='lat' dir='ltr'><strong>te</strong></span> <span class='ocrx_word' id='word_1_237' title='bbox 693 3123 798 3163; x_wconf 91' lang='lat' dir='ltr'><strong>non</strong></span> <span class='ocrx_word' id='word_1_238' title='bbox 824 3108 1019 3172; x_wconf 90' lang='lat' dir='ltr'><strong>credis,</strong></span> <span class='ocrx_word' id='word_1_239' title='bbox 1041 3107 1105 3163; x_wconf 93' lang='lat' dir='ltr'><strong>dc</strong></span> <span class='ocrx_word' id='word_1_240' title='bbox 1120 3107 1356 3163; x_wconf 87' lang='lat' dir='ltr'><strong>Ecclesia</strong></span> <span class='ocrx_word' id='word_1_241' title='bbox 1375 3106 1618 3178; x_wconf 90' lang='lat' dir='ltr'><strong>negando</strong></span> <span class='ocrx_word' id='word_1_242' title='bbox 1644 3108 1786 3177; x_wconf 90' lang='lat' dir='ltr'><strong>quod</strong></span> <span class='ocrx_word' id='word_1_243' title='bbox 1817 3107 1998 3172; x_wconf 88' lang='lat' dir='ltr'><strong>vides;</strong></span> 
     </span>
    </p>
   </div>
   <div class='ocr_carea' id='block_1_33' title="bbox 409 3199 1896 3272">
    <p class='ocr_par' dir='ltr' id='par_1_33' title="bbox 409 3199 1896 3272">
     <span class='ocr_line' id='line_1_33' title="bbox 409 3199 1896 3272; baseline -0.001 -15"><span class='ocrx_word' id='word_1_244' title='bbox 409 3216 534 3258; x_wconf 89' lang='lat' dir='ltr'><strong>cum</strong></span> <span class='ocrx_word' id='word_1_245' title='bbox 566 3201 695 3257; x_wconf 89' lang='lat' dir='ltr'><strong>illud</strong></span> <span class='ocrx_word' id='word_1_246' title='bbox 724 3209 883 3272; x_wconf 87' lang='lat' dir='ltr'><strong>caput</strong></span> <span class='ocrx_word' id='word_1_247' title='bbox 911 3200 962 3255; x_wconf 92' lang='lat' dir='ltr'><strong>in</strong></span> <span class='ocrx_word' id='word_1_248' title='bbox 988 3199 1124 3260; x_wconf 60' lang='lat' dir='ltr'><strong>coelo</strong></span> <span class='ocrx_word' id='word_1_249' title='bbox 1151 3201 1252 3267; x_wconf 88' lang='lat' dir='ltr'><strong>sit,</strong></span> <span class='ocrx_word' id='word_1_250' title='bbox 1286 3199 1388 3256; x_wconf 92' lang='lat' dir='ltr'><strong>hoc</strong></span> <span class='ocrx_word' id='word_1_251' title='bbox 1412 3215 1607 3271; x_wconf 85' lang='lat' dir='ltr'><strong>corpus</strong></span> <span class='ocrx_word' id='word_1_252' title='bbox 1638 3201 1689 3255; x_wconf 92' lang='lat' dir='ltr'><strong>in</strong></span> <span class='ocrx_word' id='word_1_253' title='bbox 1719 3201 1896 3257; x_wconf 85' lang='lat' dir='ltr'><strong>terra?</strong></span> 
     </span>
    </p>
   </div>
   <div class='ocr_carea' id='block_1_34' title="bbox 480 3292 2000 3368">
    <p class='ocr_par' dir='ltr' id='par_1_34' title="bbox 480 3292 2000 3368">
     <span class='ocr_line' id='line_1_34' title="bbox 480 3292 2000 3368; baseline 0.001 -18"><span class='ocrx_word' id='word_1_254' title='bbox 480 3295 571 3351; x_wconf 78' lang='lat'><strong>72.</strong></span> <span class='ocrx_word' id='word_1_255' title='bbox 614 3296 873 3368; x_wconf 73' lang='lat' dir='ltr'><strong>Agnoscis</strong></span> <span class='ocrx_word' id='word_1_256' title='bbox 901 3292 1174 3350; x_wconf 88' lang='lat' dir='ltr'><strong>Christum</strong></span> <span class='ocrx_word' id='word_1_257' title='bbox 1211 3293 1265 3349; x_wconf 88' lang='lat' dir='ltr'><strong>in</strong></span> <span class='ocrx_word' id='word_1_258' title='bbox 1303 3308 1370 3350; x_wconf 91' lang='lat' dir='ltr'><strong>eo</strong></span> <span class='ocrx_word' id='word_1_259' title='bbox 1410 3292 1550 3364; x_wconf 88' lang='lat' dir='ltr'><strong>quod</strong></span> <span class='ocrx_word' id='word_1_260' title='bbox 1597 3294 1854 3363; x_wconf 88' lang='lat' dir='ltr'><strong>scriptum</strong></span> <span class='ocrx_word' id='word_1_261' title='bbox 1896 3303 2000 3364; x_wconf 85' lang='lat' dir='ltr'><strong>est,</strong></span> 
     </span>
    </p>
   </div>
   <div class='ocr_carea' id='block_1_35' title="bbox 407 3384 1999 3458">
    <p class='ocr_par' dir='ltr' id='par_1_35' title="bbox 407 3384 1999 3458">
     <span class='ocr_line' id='line_1_35' title="bbox 407 3384 1999 3458; baseline -0.002 -13"><span class='ocrx_word' id='word_1_262' title='bbox 407 3387 660 3446; x_wconf 66' lang='lat' dir='ltr'><strong>Exultare</strong></span> <span class='ocrx_word' id='word_1_263' title='bbox 686 3404 841 3458; x_wconf 88' lang='lat' dir='ltr'><strong>super</strong></span> <span class='ocrx_word' id='word_1_264' title='bbox 882 3387 1034 3442; x_wconf 71' lang='lat' dir='ltr'><strong>cwlos</strong></span> <span class='ocrx_word' id='word_1_265' title='bbox 1054 3428 1068 3451; x_wconf 89' lang='lat'><strong>,</strong></span> <span class='ocrx_word' id='word_1_266' title='bbox 1100 3384 1240 3440; x_wconf 90' lang='lat' dir='ltr'><strong>Deus</strong></span> <span class='ocrx_word' id='word_1_267' title='bbox 1267 3402 1287 3441; x_wconf 89' lang='lat'><strong><em>:</em></strong></span> <span class='ocrx_word' id='word_1_268' title='bbox 1315 3393 1371 3443; x_wconf 87' lang='lat' dir='ltr'><strong>et</strong></span> <span class='ocrx_word' id='word_1_269' title='bbox 1407 3401 1512 3443; x_wconf 89' lang='lat' dir='ltr'><strong>non</strong></span> <span class='ocrx_word' id='word_1_270' title='bbox 1542 3387 1786 3457; x_wconf 83' lang='lat' dir='ltr'><strong>agnoscis</strong></span> <span class='ocrx_word' id='word_1_271' title='bbox 1813 3386 1999 3442; x_wconf 83' lang='lat' dir='ltr'><strong>Eccle-</strong></span> 
     </span>
    </p>
   </div>
   <div class='ocr_carea' id='block_1_36' title="bbox 406 3476 2003 3551">
    <p class='ocr_par' dir='ltr' id='par_1_36' title="bbox 406 3476 2003 3551">
     <span class='ocr_line' id='line_1_36' title="bbox 406 3476 2003 3551; baseline -0.003 -14"><span class='ocrx_word' id='word_1_272' title='bbox 406 3481 545 3538; x_wconf 83' lang='lat' dir='ltr'><strong>siam</strong></span> <span class='ocrx_word' id='word_1_273' title='bbox 572 3480 625 3537; x_wconf 89' lang='lat' dir='ltr'><strong>in</strong></span> <span class='ocrx_word' id='word_1_274' title='bbox 653 3494 720 3536; x_wconf 90' lang='lat' dir='ltr'><strong>eo</strong></span> <span class='ocrx_word' id='word_1_275' title='bbox 745 3477 887 3551; x_wconf 91' lang='lat' dir='ltr'><strong>quod</strong></span> <span class='ocrx_word' id='word_1_276' title='bbox 916 3479 1175 3551; x_wconf 90' lang='lat' dir='ltr'><strong>sequitur,</strong></span> <span class='ocrx_word' id='word_1_277' title='bbox 1204 3476 1271 3533; x_wconf 80' lang='lat' dir='ltr'><strong>Et</strong></span> <span class='ocrx_word' id='word_1_278' title='bbox 1290 3493 1441 3549; x_wconf 86' lang='lat' dir='ltr'><strong>super</strong></span> <span class='ocrx_word' id='word_1_279' title='bbox 1459 3494 1656 3533; x_wconf 87' lang='lat' dir='ltr'><strong>onmem</strong></span> <span class='ocrx_word' id='word_1_280' title='bbox 1680 3488 1865 3533; x_wconf 89' lang='lat' dir='ltr'><strong>terram</strong></span> <span class='ocrx_word' id='word_1_281' title='bbox 1887 3478 2003 3550; x_wconf 87' lang='lat' dir='ltr'><strong>glo-</strong></span> 
     </span>
    </p>
   </div>
   <div class='ocr_carea' id='block_1_37' title="bbox 407 3568 2004 3646">
    <p class='ocr_par' dir='ltr' id='par_1_37' title="bbox 407 3568 2004 3646">
     <span class='ocr_line' id='line_1_37' title="bbox 407 3568 2004 3646; baseline -0.003 -17"><span class='ocrx_word' id='word_1_282' title='bbox 407 3573 491 3629; x_wconf 86' lang='lat' dir='ltr'><strong>ria</strong></span> <span class='ocrx_word' id='word_1_283' title='bbox 520 3581 607 3628; x_wconf 90' lang='lat' dir='ltr'><strong>tua</strong></span> <span class='ocrx_word' id='word_1_284' title='bbox 639 3570 808 3646; x_wconf 87' lang='lat' dir='ltr'><strong>(Psal.</strong></span> <span class='ocrx_word' id='word_1_285' title='bbox 831 3587 960 3634; x_wconf 85' lang='lat' dir='ltr'><strong>cvn,</strong></span> <span class='ocrx_word' id='word_1_286' title='bbox 986 3569 1085 3642; x_wconf 86' lang='lat'><strong>6)?</strong></span> <span class='ocrx_word' id='word_1_287' title='bbox 1113 3569 1371 3640; x_wconf 80' lang='lat' dir='ltr'><strong>Agnoscis</strong></span> <span class='ocrx_word' id='word_1_288' title='bbox 1394 3568 1664 3625; x_wconf 90' lang='lat' dir='ltr'><strong>Christum</strong></span> <span class='ocrx_word' id='word_1_289' title='bbox 1690 3570 1744 3626; x_wconf 93' lang='lat' dir='ltr'><strong>in</strong></span> <span class='ocrx_word' id='word_1_290' title='bbox 1772 3584 1837 3625; x_wconf 90' lang='lat' dir='ltr'><strong>eo</strong></span> <span class='ocrx_word' id='word_1_291' title='bbox 1861 3569 2004 3641; x_wconf 90' lang='lat' dir='ltr'><strong>quod</strong></span> 
     </span>
    </p>
   </div>
   <div class='ocr_carea' id='block_1_38' title="bbox 408 3661 2005 3735">
    <p class='ocr_par' dir='ltr' id='par_1_38' title="bbox 408 3661 2005 3735">
     <span class='ocr_line' id='line_1_38' title="bbox 408 3661 2005 3735; baseline -0.004 -13"><span class='ocrx_word' id='word_1_292' title='bbox 408 3665 667 3735; x_wconf 87' lang='lat' dir='ltr'><strong>scriptum</strong></span> <span class='ocrx_word' id='word_1_293' title='bbox 694 3673 797 3731; x_wconf 93' lang='lat' dir='ltr'><strong>est,</strong></span> <span class='ocrx_word' id='word_1_294' title='bbox 825 3662 1089 3718; x_wconf 83' lang='lat' dir='ltr'><strong>Foderunt</strong></span> <span class='ocrx_word' id='word_1_295' title='bbox 1115 3677 1296 3717; x_wconf 89' lang='lat' dir='ltr'><strong>manus</strong></span> <span class='ocrx_word' id='word_1_296' title='bbox 1319 3677 1456 3716; x_wconf 87' lang='lat' dir='ltr'><strong>meas</strong></span> <span class='ocrx_word' id='word_1_297' title='bbox 1479 3670 1527 3715; x_wconf 91' lang='lat' dir='ltr'><strong>et</strong></span> <span class='ocrx_word' id='word_1_298' title='bbox 1549 3662 1700 3734; x_wconf 82' lang='lat' dir='ltr'><strong>pedes</strong></span> <span class='ocrx_word' id='word_1_299' title='bbox 1726 3676 1862 3716; x_wconf 87' lang='lat' dir='ltr'><strong>meos</strong></span> <span class='ocrx_word' id='word_1_300' title='bbox 1882 3702 1897 3726; x_wconf 96' lang='lat'><strong>,</strong></span> <span class='ocrx_word' id='word_1_301' title='bbox 1925 3661 2005 3715; x_wconf 91' lang='lat' dir='ltr'><strong>di-</strong></span> 
     </span>
    </p>
   </div>
   <div class='ocr_carea' id='block_1_39' title="bbox 407 3753 2003 3824">
    <p class='ocr_par' dir='ltr' id='par_1_39' title="bbox 407 3753 2003 3824">
     <span class='ocr_line' id='line_1_39' title="bbox 407 3753 2003 3824; baseline -0.003 -13"><span class='ocrx_word' id='word_1_302' title='bbox 407 3764 801 3811; x_wconf 82' lang='lat' dir='ltr'><strong>nunieraverunt</strong></span> <span class='ocrx_word' id='word_1_303' title='bbox 831 3754 999 3808; x_wconf 89' lang='lat' dir='ltr'><strong>omnia</strong></span> <span class='ocrx_word' id='word_1_304' title='bbox 1027 3770 1142 3809; x_wconf 88' lang='lat' dir='ltr'><strong>ossa</strong></span> <span class='ocrx_word' id='word_1_305' title='bbox 1176 3769 1322 3817; x_wconf 87' lang='lat' dir='ltr'><strong>mea;</strong></span> <span class='ocrx_word' id='word_1_306' title='bbox 1360 3753 1461 3824; x_wconf 83' lang='lat' dir='ltr'><strong>ipsi</strong></span> <span class='ocrx_word' id='word_1_307' title='bbox 1496 3769 1612 3808; x_wconf 79' lang='lat' dir='ltr'><strong>vero</strong></span> <span class='ocrx_word' id='word_1_308' title='bbox 1650 3753 2003 3809; x_wconf 73' lang='lat' dir='ltr'><strong>considerare-</strong></span> 
     </span>
    </p>
   </div>
   <div class='ocr_carea' id='block_1_40' title="bbox 409 3842 2001 3917">
    <p class='ocr_par' dir='ltr' id='par_1_40' title="bbox 409 3842 2001 3917">
     <span class='ocr_line' id='line_1_40' title="bbox 409 3842 2001 3917; baseline -0.004 -14"><span class='ocrx_word' id='word_1_309' title='bbox 409 3855 533 3904; x_wconf 85' lang='lat' dir='ltr'><strong>runt</strong></span> <span class='ocrx_word' id='word_1_310' title='bbox 554 3856 600 3901; x_wconf 89' lang='lat' dir='ltr'><strong>et</strong></span> <span class='ocrx_word' id='word_1_311' title='bbox 621 3853 986 3917; x_wconf 74' lang='lat' dir='ltr'><strong>conspexerunt</strong></span> <span class='ocrx_word' id='word_1_312' title='bbox 1011 3860 1092 3898; x_wconf 90' lang='lat' dir='ltr'><strong>me</strong></span> <span class='ocrx_word' id='word_1_313' title='bbox 1114 3860 1128 3898; x_wconf 89' lang='lat'><strong>:</strong></span> <span class='ocrx_word' id='word_1_314' title='bbox 1151 3843 1423 3898; x_wconf 88' lang='lat' dir='ltr'><strong>diviserunt</strong></span> <span class='ocrx_word' id='word_1_315' title='bbox 1440 3842 1536 3897; x_wconf 84' lang='lat' dir='ltr'><strong>sibi</strong></span> <span class='ocrx_word' id='word_1_316' title='bbox 1559 3844 1849 3899; x_wconf 86' lang='lat' dir='ltr'><strong>vestimenta</strong></span> <span class='ocrx_word' id='word_1_317' title='bbox 1869 3860 2001 3910; x_wconf 92' lang='lat' dir='ltr'><strong>mea,</strong></span> 
     </span>
    </p>
   </div>
   <div class='ocr_carea' id='block_1_41' title="bbox 408 3935 2006 4009">
    <p class='ocr_par' dir='ltr' id='par_1_41' title="bbox 408 3935 2006 4009">
     <span class='ocr_line' id='line_1_41' title="bbox 408 3935 2006 4009; baseline -0.001 -14"><span class='ocrx_word' id='word_1_318' title='bbox 408 3948 462 3995; x_wconf 85' lang='lat' dir='ltr'><strong>et</strong></span> <span class='ocrx_word' id='word_1_319' title='bbox 479 3954 636 4009; x_wconf 85' lang='lat' dir='ltr'><strong>super</strong></span> <span class='ocrx_word' id='word_1_320' title='bbox 655 3946 834 3992; x_wconf 84' lang='lat' dir='ltr'><strong>vestem</strong></span> <span class='ocrx_word' id='word_1_321' title='bbox 859 3952 1020 3991; x_wconf 88' lang='lat' dir='ltr'><strong>meam</strong></span> <span class='ocrx_word' id='word_1_322' title='bbox 1045 3935 1285 3990; x_wconf 85' lang='lat' dir='ltr'><strong>miserunt</strong></span> <span class='ocrx_word' id='word_1_323' title='bbox 1309 3944 1491 3990; x_wconf 79' lang='lat' dir='ltr'><strong>sortem</strong></span> <span class='ocrx_word' id='word_1_324' title='bbox 1516 3951 1534 3990; x_wconf 91' lang='lat'><strong><em>:</em></strong></span> <span class='ocrx_word' id='word_1_325' title='bbox 1558 3944 1613 3991; x_wconf 87' lang='lat' dir='ltr'><strong>et</strong></span> <span class='ocrx_word' id='word_1_326' title='bbox 1633 3953 1739 3992; x_wconf 90' lang='lat' dir='ltr'><strong>non</strong></span> <span class='ocrx_word' id='word_1_327' title='bbox 1762 3939 2006 4008; x_wconf 85' lang='lat' dir='ltr'><strong>agnoscis</strong></span> 
     </span>
    </p>
   </div>
   <div class='ocr_carea' id='block_1_42' title="bbox 410 4026 2003 4100">
    <p class='ocr_par' dir='ltr' id='par_1_42' title="bbox 410 4026 2003 4100">
     <span class='ocr_line' id='line_1_42' title="bbox 410 4026 2003 4100; baseline -0.001 -13"><span class='ocrx_word' id='word_1_328' title='bbox 410 4028 712 4088; x_wconf 81' lang='lat' dir='ltr'><strong>Ecclesiam</strong></span> <span class='ocrx_word' id='word_1_329' title='bbox 740 4028 794 4084; x_wconf 90' lang='lat' dir='ltr'><strong>in</strong></span> <span class='ocrx_word' id='word_1_330' title='bbox 818 4043 884 4084; x_wconf 91' lang='lat' dir='ltr'><strong>eo</strong></span> <span class='ocrx_word' id='word_1_331' title='bbox 908 4026 1051 4100; x_wconf 90' lang='lat' dir='ltr'><strong>quod</strong></span> <span class='ocrx_word' id='word_1_332' title='bbox 1078 4027 1237 4098; x_wconf 91' lang='lat' dir='ltr'><strong>paulo</strong></span> <span class='ocrx_word' id='word_1_333' title='bbox 1266 4037 1387 4097; x_wconf 86' lang='lat' dir='ltr'><strong>post</strong></span> <span class='ocrx_word' id='word_1_334' title='bbox 1408 4029 1664 4098; x_wconf 83' lang='lat' dir='ltr'><strong>sequitur,</strong></span> <span class='ocrx_word' id='word_1_335' title='bbox 1689 4030 2003 4087; x_wconf 87' lang='lat' dir='ltr'><strong>Commemo-</strong></span> 
     </span>
    </p>
   </div>
   <div class='ocr_carea' id='block_1_43' title="bbox 335 4118 2006 4204">
    <p class='ocr_par' dir='ltr' id='par_1_43' title="bbox 335 4118 2006 4204">
     <span class='ocr_line' id='line_1_43' title="bbox 335 4118 2006 4204; baseline -0.001 -24"><span class='ocrx_word' id='word_1_336' title='bbox 335 4119 354 4204; x_wconf 63' lang='grc' dir='ltr'><em>ξ</em></span> <span class='ocrx_word' id='word_1_337' title='bbox 406 4124 661 4180; x_wconf 85' lang='lat' dir='ltr'><strong>rabuntur</strong></span> <span class='ocrx_word' id='word_1_338' title='bbox 703 4131 749 4178; x_wconf 87' lang='lat' dir='ltr'><strong>et</strong></span> <span class='ocrx_word' id='word_1_339' title='bbox 793 4128 1139 4177; x_wconf 79' lang='lat' dir='ltr'><strong>convertentur</strong></span> <span class='ocrx_word' id='word_1_340' title='bbox 1180 4120 1248 4173; x_wconf 85' lang='lat' dir='ltr'><strong>ad</strong></span> <span class='ocrx_word' id='word_1_341' title='bbox 1291 4118 1565 4174; x_wconf 88' lang='lat' dir='ltr'><strong>Dominum</strong></span> <span class='ocrx_word' id='word_1_342' title='bbox 1613 4123 1834 4177; x_wconf 85' lang='lat' dir='ltr'><strong>universi</strong></span> <span class='ocrx_word' id='word_1_343' title='bbox 1878 4123 2006 4193; x_wconf 81' lang='lat' dir='ltr'><strong>ﬁnes</strong></span> 
     </span>
    </p>
   </div>
   <div class='ocr_carea' id='block_1_44' title="bbox 354 4204 2008 4291">
    <p class='ocr_par' dir='ltr' id='par_1_44' title="bbox 354 4204 2008 4291">
     <span class='ocr_line' id='line_1_44' title="bbox 354 4204 2008 4291; baseline 0 -20"><span class='ocrx_word' id='word_1_344' title='bbox 408 4224 596 4278; x_wconf 68' lang='lat' dir='ltr'><strong>terrm;</strong></span> <span class='ocrx_word' id='word_1_345' title='bbox 633 4224 679 4270; x_wconf 86' lang='lat' dir='ltr'><strong>et</strong></span> <span class='ocrx_word' id='word_1_346' title='bbox 706 4212 993 4268; x_wconf 87' lang='lat' dir='ltr'><strong>adorabunt</strong></span> <span class='ocrx_word' id='word_1_347' title='bbox 1019 4212 1073 4266; x_wconf 87' lang='lat' dir='ltr'><strong>in</strong></span> <span class='ocrx_word' id='word_1_348' title='bbox 1101 4220 1368 4284; x_wconf 87' lang='lat' dir='ltr'><strong>conspectu</strong></span> <span class='ocrx_word' id='word_1_349' title='bbox 1397 4213 1507 4284; x_wconf 85' lang='lat' dir='ltr'><strong>ejus</strong></span> <span class='ocrx_word' id='word_1_350' title='bbox 1545 4214 1791 4268; x_wconf 78' lang='lat' dir='ltr'><strong>universa:</strong></span> <span class='ocrx_word' id='word_1_351' title='bbox 1826 4217 2008 4287; x_wconf 65' lang='lat' dir='ltr'><strong>patrita</strong></span> 
     </span>
    </p>
   </div>
   <div class='ocr_carea' id='block_1_45' title="bbox 358 4299 2006 4380">
    <p class='ocr_par' dir='ltr' id='par_1_45' title="bbox 358 4299 2006 4380">
     <span class='ocr_line' id='line_1_45' title="bbox 358 4299 2006 4380; baseline 0.003 -20"><span class='ocrx_word' id='word_1_352' title='bbox 358 4299 361 4303; x_wconf 77' lang='grc'><em>’</em></span> <span class='ocrx_word' id='word_1_353' title='bbox 406 4307 635 4378; x_wconf 82' lang='lat' dir='ltr'><strong>gentium</strong></span> <span class='ocrx_word' id='word_1_354' title='bbox 657 4305 673 4338; x_wconf 87' lang='grc'>¹</span> <span class='ocrx_word' id='word_1_355' title='bbox 703 4302 874 4380; x_wconf 87' lang='lat' dir='ltr'><strong>(Psal.</strong></span> <span class='ocrx_word' id='word_1_356' title='bbox 904 4320 992 4360; x_wconf 65' lang='grc' dir='ltr'><strong>χχι</strong></span> <span class='ocrx_word' id='word_1_357' title='bbox 1012 4346 1028 4371; x_wconf 89' lang='grc'><em>,</em></span> <span class='ocrx_word' id='word_1_358' title='bbox 1057 4303 1154 4365; x_wconf 84' lang='grc'><strong>17,</strong></span> <span class='ocrx_word' id='word_1_359' title='bbox 1181 4303 1267 4368; x_wconf 85' lang='grc'><strong>18,</strong></span> <span class='ocrx_word' id='word_1_360' title='bbox 1293 4303 1379 4368; x_wconf 89' lang='grc'><strong>19,</strong></span> <span class='ocrx_word' id='word_1_361' title='bbox 1402 4303 1539 4376; x_wconf 70' lang='lat'><strong>28)?</strong></span> <span class='ocrx_word' id='word_1_362' title='bbox 1567 4307 1825 4376; x_wconf 85' lang='lat' dir='ltr'><strong>Agnoscis</strong></span> <span class='ocrx_word' id='word_1_363' title='bbox 1848 4307 2006 4365; x_wconf 88' lang='lat' dir='ltr'><strong>Chri-</strong></span> 
     </span>
    </p>
   </div>
   <div class='ocr_carea' id='block_1_46' title="bbox 404 4392 2006 4469">
    <p class='ocr_par' dir='ltr' id='par_1_46' title="bbox 404 4392 2006 4469">
     <span class='ocr_line' id='line_1_46' title="bbox 404 4392 2006 4469; baseline 0.001 -14"><span class='ocrx_word' id='word_1_364' title='bbox 404 4405 550 4455; x_wconf 78' lang='lat' dir='ltr'><strong>stum</strong></span> <span class='ocrx_word' id='word_1_365' title='bbox 581 4397 635 4451; x_wconf 90' lang='lat' dir='ltr'><strong>in</strong></span> <span class='ocrx_word' id='word_1_366' title='bbox 664 4412 731 4453; x_wconf 90' lang='lat' dir='ltr'><strong>eo</strong></span> <span class='ocrx_word' id='word_1_367' title='bbox 759 4396 902 4468; x_wconf 85' lang='lat' dir='ltr'><strong>quod</strong></span> <span class='ocrx_word' id='word_1_368' title='bbox 931 4396 1187 4466; x_wconf 85' lang='lat' dir='ltr'><strong>scriptum</strong></span> <span class='ocrx_word' id='word_1_369' title='bbox 1217 4407 1301 4451; x_wconf 90' lang='lat' dir='ltr'><strong>est</strong></span> <span class='ocrx_word' id='word_1_370' title='bbox 1319 4437 1335 4462; x_wconf 94' lang='lat'><strong>,</strong></span> <span class='ocrx_word' id='word_1_371' title='bbox 1354 4392 1507 4469; x_wconf 5' lang='lat' dir='ltr'><strong>(Deus</strong></span> <span class='ocrx_word' id='word_1_372' title='bbox 1525 4437 1541 4464; x_wconf 94' lang='lat'><strong>,</strong></span> <span class='ocrx_word' id='word_1_373' title='bbox 1575 4398 1833 4468; x_wconf 81' lang='lat' dir='ltr'><strong>judicium</strong></span> <span class='ocrx_word' id='word_1_374' title='bbox 1861 4408 2006 4456; x_wconf 90' lang='lat' dir='ltr'><strong>tuum</strong></span> 
     </span>
    </p>
   </div>
   <div class='ocr_carea' id='block_1_47' title="bbox 404 4485 2007 4561">
    <p class='ocr_par' dir='ltr' id='par_1_47' title="bbox 404 4485 2007 4561">
     <span class='ocr_line' id='line_1_47' title="bbox 404 4485 2007 4561; baseline 0.004 -19"><span class='ocrx_word' id='word_1_375' title='bbox 404 4489 514 4560; x_wconf 88' lang='lat' dir='ltr'><strong>regi</strong></span> <span class='ocrx_word' id='word_1_376' title='bbox 544 4488 631 4554; x_wconf 86' lang='lat' dir='ltr'><strong>da,</strong></span> <span class='ocrx_word' id='word_1_377' title='bbox 665 4495 709 4541; x_wconf 90' lang='lat' dir='ltr'><strong>et</strong></span> <span class='ocrx_word' id='word_1_378' title='bbox 729 4486 987 4560; x_wconf 89' lang='lat' dir='ltr'><strong>justitiam</strong></span> <span class='ocrx_word' id='word_1_379' title='bbox 1018 4496 1153 4540; x_wconf 90' lang='lat' dir='ltr'><strong>tuam</strong></span> <span class='ocrx_word' id='word_1_380' title='bbox 1179 4485 1288 4555; x_wconf 80' lang='lat' dir='ltr'><strong>ﬁlio</strong></span> <span class='ocrx_word' id='word_1_381' title='bbox 1316 4486 1449 4559; x_wconf 87' lang='lat' dir='ltr'><strong>regis</strong></span> <span class='ocrx_word' id='word_1_382' title='bbox 1477 4502 1495 4541; x_wconf 90' lang='lat'><strong><em>:</em></strong></span> <span class='ocrx_word' id='word_1_383' title='bbox 1525 4496 1579 4542; x_wconf 92' lang='lat' dir='ltr'><strong>et</strong></span> <span class='ocrx_word' id='word_1_384' title='bbox 1618 4502 1722 4544; x_wconf 92' lang='lat' dir='ltr'><strong>non</strong></span> <span class='ocrx_word' id='word_1_385' title='bbox 1762 4493 2007 4561; x_wconf 82' lang='lat' dir='ltr'><strong>agnoscis</strong></span> 
     </span>
    </p>
   </div>
   <div class='ocr_carea' id='block_1_48' title="bbox 404 4576 2005 4648">
    <p class='ocr_par' dir='ltr' id='par_1_48' title="bbox 404 4576 2005 4648">
     <span class='ocr_line' id='line_1_48' title="bbox 404 4576 2005 4648; baseline 0.001 -12"><span class='ocrx_word' id='word_1_386' title='bbox 404 4578 702 4636; x_wconf 80' lang='lat' dir='ltr'><strong>Ecclesium</strong></span> <span class='ocrx_word' id='word_1_387' title='bbox 732 4579 785 4634; x_wconf 91' lang='lat' dir='ltr'><strong>in</strong></span> <span class='ocrx_word' id='word_1_388' title='bbox 812 4592 878 4633; x_wconf 91' lang='lat' dir='ltr'><strong>eo</strong></span> <span class='ocrx_word' id='word_1_389' title='bbox 905 4576 1046 4648; x_wconf 88' lang='lat' dir='ltr'><strong>quod</strong></span> <span class='ocrx_word' id='word_1_390' title='bbox 1074 4576 1318 4632; x_wconf 87' lang='lat' dir='ltr'><strong>Psalmus</strong></span> <span class='ocrx_word' id='word_1_391' title='bbox 1345 4577 1460 4648; x_wconf 89' lang='lat' dir='ltr'><strong>ipse</strong></span> <span class='ocrx_word' id='word_1_392' title='bbox 1483 4588 1726 4645; x_wconf 69' lang='lat' dir='ltr'><strong>testatur,</strong></span> <span class='ocrx_word' id='word_1_393' title='bbox 1758 4579 2005 4637; x_wconf 84' lang='lat' dir='ltr'><strong>Domina-</strong></span> 
     </span>
    </p>
   </div>
   <div class='ocr_carea' id='block_1_49' title="bbox 407 4670 2005 4743">
    <p class='ocr_par' dir='ltr' id='par_1_49' title="bbox 407 4670 2005 4743">
     <span class='ocr_line' id='line_1_49' title="bbox 407 4670 2005 4743; baseline 0.002 -17"><span class='ocrx_word' id='word_1_394' title='bbox 407 4671 543 4726; x_wconf 86' lang='lat' dir='ltr'><strong>bitur</strong></span> <span class='ocrx_word' id='word_1_395' title='bbox 566 4688 598 4725; x_wconf 91' lang='lat' dir='ltr'><strong>a</strong></span> <span class='ocrx_word' id='word_1_396' title='bbox 627 4671 758 4725; x_wconf 86' lang='lat' dir='ltr'><strong>mari</strong></span> <span class='ocrx_word' id='word_1_397' title='bbox 786 4685 943 4741; x_wconf 87' lang='lat' dir='ltr'><strong>usque</strong></span> <span class='ocrx_word' id='word_1_398' title='bbox 969 4670 1037 4722; x_wconf 89' lang='lat' dir='ltr'><strong>ad</strong></span> <span class='ocrx_word' id='word_1_399' title='bbox 1066 4684 1234 4736; x_wconf 89' lang='lat' dir='ltr'><strong>mare,</strong></span> <span class='ocrx_word' id='word_1_400' title='bbox 1261 4678 1308 4722; x_wconf 90' lang='lat' dir='ltr'><strong>et</strong></span> <span class='ocrx_word' id='word_1_401' title='bbox 1337 4684 1369 4722; x_wconf 91' lang='lat' dir='ltr'><strong>a</strong></span> <span class='ocrx_word' id='word_1_402' title='bbox 1391 4670 1601 4741; x_wconf 81' lang='lat' dir='ltr'><strong>ﬂumine</strong></span> <span class='ocrx_word' id='word_1_403' title='bbox 1623 4688 1781 4743; x_wconf 82' lang='lat' dir='ltr'><strong>usque</strong></span> <span class='ocrx_word' id='word_1_404' title='bbox 1806 4674 1873 4729; x_wconf 89' lang='lat' dir='ltr'><strong>ad</strong></span> <span class='ocrx_word' id='word_1_405' title='bbox 1902 4685 2005 4729; x_wconf 89' lang='lat' dir='ltr'><strong>ter-</strong></span> 
     </span>
    </p>
   </div>
   <div class='ocr_carea' id='block_1_50' title="bbox 405 4760 2007 4836">
    <p class='ocr_par' dir='ltr' id='par_1_50' title="bbox 405 4760 2007 4836">
     <span class='ocr_line' id='line_1_50' title="bbox 405 4760 2007 4836; baseline 0.002 -18"><span class='ocrx_word' id='word_1_406' title='bbox 405 4765 571 4818; x_wconf 86' lang='lat' dir='ltr'><strong>minos</strong></span> <span class='ocrx_word' id='word_1_407' title='bbox 612 4762 746 4817; x_wconf 84' lang='lat' dir='ltr'><strong>orbis</strong></span> <span class='ocrx_word' id='word_1_408' title='bbox 788 4772 936 4817; x_wconf 72' lang='lat' dir='ltr'><strong>terra:</strong></span> <span class='ocrx_word' id='word_1_409' title='bbox 965 4776 984 4815; x_wconf 92' lang='lat'><strong><em>:</em></strong></span> <span class='ocrx_word' id='word_1_410' title='bbox 1018 4775 1191 4814; x_wconf 89' lang='lat' dir='ltr'><strong>coram</strong></span> <span class='ocrx_word' id='word_1_411' title='bbox 1227 4760 1320 4816; x_wconf 86' lang='lat' dir='ltr'><strong>illo</strong></span> <span class='ocrx_word' id='word_1_412' title='bbox 1366 4761 1594 4816; x_wconf 77' lang='lat' dir='ltr'><strong>decidant</strong></span> <span class='ocrx_word' id='word_1_413' title='bbox 1622 4762 1929 4836; x_wconf 67' lang='lat' dir='ltr'><strong>Afthiopes,</strong></span> <span class='ocrx_word' id='word_1_414' title='bbox 1962 4777 2007 4820; x_wconf 91' lang='lat' dir='ltr'><strong>et</strong></span> 
     </span>
    </p>
   </div>
   <div class='ocr_carea' id='block_1_51' title="bbox 405 4850 2005 4924">
    <p class='ocr_par' dir='ltr' id='par_1_51' title="bbox 405 4850 2005 4924">
     <span class='ocr_line' id='line_1_51' title="bbox 405 4850 2005 4924; baseline 0.001 -14"><span class='ocrx_word' id='word_1_415' title='bbox 405 4856 601 4911; x_wconf 85' lang='lat' dir='ltr'><strong>inimici</strong></span> <span class='ocrx_word' id='word_1_416' title='bbox 624 4856 731 4924; x_wconf 87' lang='lat' dir='ltr'><strong>ejus</strong></span> <span class='ocrx_word' id='word_1_417' title='bbox 753 4863 941 4907; x_wconf 90' lang='lat' dir='ltr'><strong>terram</strong></span> <span class='ocrx_word' id='word_1_418' title='bbox 961 4852 1169 4923; x_wconf 70' lang='lat' dir='ltr'><strong>litigent.</strong></span> <span class='ocrx_word' id='word_1_419' title='bbox 1194 4850 1360 4924; x_wconf 82' lang='lat' dir='ltr'><strong>Reges</strong></span> <span class='ocrx_word' id='word_1_420' title='bbox 1379 4851 1592 4909; x_wconf 80' lang='lat' dir='ltr'><strong>Tharsis</strong></span> <span class='ocrx_word' id='word_1_421' title='bbox 1613 4865 1661 4910; x_wconf 91' lang='lat' dir='ltr'><strong>et</strong></span> <span class='ocrx_word' id='word_1_422' title='bbox 1684 4856 1868 4911; x_wconf 74' lang='lat' dir='ltr'><strong>insula:</strong></span> <span class='ocrx_word' id='word_1_423' title='bbox 1890 4875 2005 4912; x_wconf 87' lang='lat' dir='ltr'><strong>mu-</strong></span> 
     </span>
    </p>
   </div>
   <div class='ocr_carea' id='block_1_52' title="bbox 406 4942 2008 5016">
    <p class='ocr_par' dir='ltr' id='par_1_52' title="bbox 406 4942 2008 5016">
     <span class='ocr_line' id='line_1_52' title="bbox 406 4942 2008 5016; baseline 0.002 -13"><span class='ocrx_word' id='word_1_424' title='bbox 406 4962 532 5003; x_wconf 83' lang='lat' dir='ltr'><strong>nera</strong></span> <span class='ocrx_word' id='word_1_425' title='bbox 561 4944 792 5011; x_wconf 78' lang='lat' dir='ltr'><strong>o/ferent,</strong></span> <span class='ocrx_word' id='word_1_426' title='bbox 822 4961 963 5016; x_wconf 89' lang='lat' dir='ltr'><strong>reges</strong></span> <span class='ocrx_word' id='word_1_427' title='bbox 993 4942 1218 4999; x_wconf 79' lang='lat' dir='ltr'><strong>Arabum</strong></span> <span class='ocrx_word' id='word_1_428' title='bbox 1245 4956 1294 5000; x_wconf 91' lang='lat' dir='ltr'><strong>et</strong></span> <span class='ocrx_word' id='word_1_429' title='bbox 1320 4944 1460 5002; x_wconf 89' lang='lat' dir='ltr'><strong>Saba</strong></span> <span class='ocrx_word' id='word_1_430' title='bbox 1487 4947 1621 5001; x_wconf 83' lang='lat' dir='ltr'><strong>dona</strong></span> <span class='ocrx_word' id='word_1_431' title='bbox 1648 4949 1938 5014; x_wconf 87' lang='lat' dir='ltr'><strong>adducent;</strong></span> <span class='ocrx_word' id='word_1_432' title='bbox 1962 4960 2008 5006; x_wconf 87' lang='lat' dir='ltr'><strong>et</strong></span> 
     </span>
    </p>
   </div>
   <div class='ocr_carea' id='block_1_53' title="bbox 408 5036 2006 5109">
    <p class='ocr_par' dir='ltr' id='par_1_53' title="bbox 408 5036 2006 5109">
     <span class='ocr_line' id='line_1_53' title="bbox 408 5036 2006 5109; baseline 0.003 -17"><span class='ocrx_word' id='word_1_433' title='bbox 408 5036 692 5092; x_wconf 84' lang='lat' dir='ltr'><strong>adorabunt</strong></span> <span class='ocrx_word' id='word_1_434' title='bbox 717 5051 832 5089; x_wconf 89' lang='lat' dir='ltr'><strong>eum</strong></span> <span class='ocrx_word' id='word_1_435' title='bbox 856 5050 1028 5089; x_wconf 86' lang='lat' dir='ltr'><strong>omnes</strong></span> <span class='ocrx_word' id='word_1_436' title='bbox 1050 5050 1191 5107; x_wconf 86' lang='lat' dir='ltr'><strong>reges</strong></span> <span class='ocrx_word' id='word_1_437' title='bbox 1216 5046 1384 5105; x_wconf 78' lang='lat' dir='ltr'><strong>teme,</strong></span> <span class='ocrx_word' id='word_1_438' title='bbox 1411 5053 1582 5092; x_wconf 89' lang='lat' dir='ltr'><strong>omnes</strong></span> <span class='ocrx_word' id='word_1_439' title='bbox 1606 5049 1775 5109; x_wconf 81' lang='lat' dir='ltr'><strong>gentes</strong></span> <span class='ocrx_word' id='word_1_440' title='bbox 1795 5041 2006 5097; x_wconf 70' lang='lat' dir='ltr'><strong>servient</strong></span> 
     </span>
    </p>
   </div>
   <div class='ocr_carea' id='block_1_54' title="bbox 411 5124 2005 5200">
    <p class='ocr_par' dir='ltr' id='par_1_54' title="bbox 411 5124 2005 5200">
     <span class='ocr_line' id='line_1_54' title="bbox 411 5124 2005 5200; baseline 0.002 -16"><span class='ocrx_word' id='word_1_441' title='bbox 411 5129 462 5184; x_wconf 91' lang='lat' dir='ltr'><strong>ei</strong></span> <span class='ocrx_word' id='word_1_442' title='bbox 491 5127 665 5200; x_wconf 85' lang='lat' dir='ltr'><strong>(Psal.</strong></span> <span class='ocrx_word' id='word_1_443' title='bbox 694 5141 817 5182; x_wconf 75' lang='lat' dir='ltr'><strong>Lm</strong></span> <span class='ocrx_word' id='word_1_444' title='bbox 837 5168 851 5192; x_wconf 90' lang='lat'><strong>,</strong></span> <span class='ocrx_word' id='word_1_445' title='bbox 881 5124 946 5193; x_wconf 78' lang='lat'><strong>2,</strong></span> <span class='ocrx_word' id='word_1_446' title='bbox 974 5126 1028 5193; x_wconf 92' lang='lat'><strong>8,</strong></span> <span class='ocrx_word' id='word_1_447' title='bbox 1058 5126 1185 5199; x_wconf 80' lang='lat' dir='ltr'><strong>ll)?</strong></span> <span class='ocrx_word' id='word_1_448' title='bbox 1211 5128 1474 5199; x_wconf 87' lang='lat' dir='ltr'><strong>Agnoscis</strong></span> <span class='ocrx_word' id='word_1_449' title='bbox 1501 5128 1768 5185; x_wconf 76' lang='lat' dir='ltr'><strong>Christum</strong></span> <span class='ocrx_word' id='word_1_450' title='bbox 1806 5132 1891 5187; x_wconf 82' lang='lat' dir='ltr'><strong>ubi</strong></span> <span class='ocrx_word' id='word_1_451' title='bbox 1919 5133 2005 5187; x_wconf 89' lang='lat' dir='ltr'><strong>di-</strong></span> 
     </span>
    </p>
   </div>
   <div class='ocr_carea' id='block_1_55' title="bbox 411 5217 2006 5290">
    <p class='ocr_par' dir='ltr' id='par_1_55' title="bbox 411 5217 2006 5290">
     <span class='ocr_line' id='line_1_55' title="bbox 411 5217 2006 5290; baseline 0.003 -14"><span class='ocrx_word' id='word_1_452' title='bbox 411 5221 553 5276; x_wconf 84' lang='lat' dir='ltr'><strong>citur</strong></span> <span class='ocrx_word' id='word_1_453' title='bbox 579 5217 645 5273; x_wconf 88' lang='lat' dir='ltr'><strong>ad</strong></span> <span class='ocrx_word' id='word_1_454' title='bbox 668 5217 883 5273; x_wconf 70' lang='lat' dir='ltr'><strong>ludicris</strong></span> <span class='ocrx_word' id='word_1_455' title='bbox 901 5258 918 5283; x_wconf 91' lang='lat'><strong>,</strong></span> <span class='ocrx_word' id='word_1_456' title='bbox 953 5217 1076 5272; x_wconf 85' lang='lat' dir='ltr'><strong>Non</strong></span> <span class='ocrx_word' id='word_1_457' title='bbox 1104 5228 1177 5274; x_wconf 85' lang='lat' dir='ltr'><strong>est</strong></span> <span class='ocrx_word' id='word_1_458' title='bbox 1205 5219 1332 5273; x_wconf 83' lang='lat' dir='ltr'><strong>mihi</strong></span> <span class='ocrx_word' id='word_1_459' title='bbox 1355 5220 1586 5274; x_wconf 78' lang='lat' dir='ltr'><strong>uoluntas</strong></span> <span class='ocrx_word' id='word_1_460' title='bbox 1615 5220 1668 5275; x_wconf 90' lang='lat' dir='ltr'><strong>in</strong></span> <span class='ocrx_word' id='word_1_461' title='bbox 1694 5222 1857 5290; x_wconf 82' lang='lat' dir='ltr'><strong>vobis,</strong></span> <span class='ocrx_word' id='word_1_462' title='bbox 1883 5225 2006 5280; x_wconf 88' lang='lat' dir='ltr'><strong>dicit</strong></span> 
     </span>
    </p>
   </div>
   <div class='ocr_carea' id='block_1_56' title="bbox 409 5312 2001 5385">
    <p class='ocr_par' dir='ltr' id='par_1_56' title="bbox 409 5312 2001 5385">
     <span class='ocr_line' id='line_1_56' title="bbox 409 5312 2001 5385; baseline 0.001 -12"><span class='ocrx_word' id='word_1_463' title='bbox 409 5314 662 5373; x_wconf 83' lang='lat' dir='ltr'><strong>Dominus</strong></span> <span class='ocrx_word' id='word_1_464' title='bbox 690 5313 1004 5383; x_wconf 81' lang='lat' dir='ltr'><strong>omnipotens</strong></span> <span class='ocrx_word' id='word_1_465' title='bbox 1023 5355 1039 5374; x_wconf 83' lang='lat'><strong>.</strong></span> <span class='ocrx_word' id='word_1_466' title='bbox 1068 5329 1161 5368; x_wconf 90' lang='lat' dir='ltr'><strong>nec</strong></span> <span class='ocrx_word' id='word_1_467' title='bbox 1189 5312 1438 5383; x_wconf 90' lang='lat' dir='ltr'><strong>accipiam</strong></span> <span class='ocrx_word' id='word_1_468' title='bbox 1464 5314 1716 5385; x_wconf 75' lang='lat' dir='ltr'><strong>sacriﬁcia</strong></span> <span class='ocrx_word' id='word_1_469' title='bbox 1745 5317 1808 5373; x_wconf 90' lang='lat' dir='ltr'><strong>de</strong></span> <span class='ocrx_word' id='word_1_470' title='bbox 1834 5321 2001 5376; x_wconf 87' lang='lat' dir='ltr'><strong>mani-</strong></span> 
     </span>
    </p>
   </div>
   <div class='ocr_carea' id='block_1_57' title="bbox 410 5513 2003 5589">
    <p class='ocr_par' dir='ltr' id='par_1_57' title="bbox 410 5513 2003 5589">
     <span class='ocr_line' id='line_1_57' title="bbox 410 5513 2003 5589; baseline 0.004 -22"><span class='ocrx_word' id='word_1_471' title='bbox 410 5526 559 5589; x_wconf 54' lang='lat' dir='ltr'><strong>{temo</strong></span> <span class='ocrx_word' id='word_1_472' title='bbox 581 5518 876 5589; x_wconf 71' lang='lat' dir='ltr'><strong>dubitaverit</strong></span> <span class='ocrx_word' id='word_1_473' title='bbox 901 5513 1168 5579; x_wconf 83' lang='lat' dir='ltr'><strong>legendum</strong></span> <span class='ocrx_word' id='word_1_474' title='bbox 1189 5514 1285 5577; x_wconf 89' lang='lat' dir='ltr'><strong>hic,</strong></span> <span class='ocrx_word' id='word_1_475' title='bbox 1310 5515 1552 5582; x_wconf 87' lang='lat' dir='ltr'><strong>ubertati;</strong></span> <span class='ocrx_word' id='word_1_476' title='bbox 1587 5526 1639 5571; x_wconf 90' lang='lat' dir='ltr'><strong>et</strong></span> <span class='ocrx_word' id='word_1_477' title='bbox 1668 5519 1810 5582; x_wconf 82' lang='lat' dir='ltr'><strong>infra,</strong></span> <span class='ocrx_word' id='word_1_478' title='bbox 1834 5534 1914 5575; x_wconf 82' lang='lat' dir='ltr'><strong>vos</strong></span> <span class='ocrx_word' id='word_1_479' title='bbox 1931 5537 2003 5575; x_wconf 82' lang='lat' dir='ltr'><strong>so-</strong></span> 
     </span>
    </p>
   </div>
   <div class='ocr_carea' id='block_1_58' title="bbox 410 5581 2001 5713">
    <p class='ocr_par' dir='ltr' id='par_1_58' title="bbox 410 5581 2001 5713">
     <span class='ocr_line' id='line_1_58' title="bbox 410 5581 2001 5713; baseline 0.018 -40"><span class='ocrx_word' id='word_1_480' title='bbox 410 5581 845 5713; x_wconf 44' lang='lat' dir='ltr'><strong>“ﬁegfg’f‘g’fiaatn</strong></span> <span class='ocrx_word' id='word_1_481' title='bbox 864 5637 963 5713; x_wconf 9' lang='lat' dir='ltr'><strong>Virgae</strong></span> <span class='ocrx_word' id='word_1_482' title='bbox 1110 5640 1292 5713; x_wconf 55' lang='lat' dir='ltr'><strong>addunt</strong></span> <span class='ocrx_word' id='word_1_483' title='bbox 1314 5676 1331 5700; x_wconf 90' lang='lat'><strong>,</strong></span> <span class='ocrx_word' id='word_1_484' title='bbox 1370 5644 1596 5706; x_wconf 86' lang='lat' dir='ltr'><strong>quoniam</strong></span> <span class='ocrx_word' id='word_1_485' title='bbox 1619 5646 1810 5704; x_wconf 82' lang='lat' dir='ltr'><strong>Domini</strong></span> <span class='ocrx_word' id='word_1_486' title='bbox 1828 5652 1900 5700; x_wconf 87' lang='lat' dir='ltr'><strong>est</strong></span> <span class='ocrx_word' id='word_1_487' title='bbox 1922 5662 2001 5701; x_wconf 87' lang='lat' dir='ltr'><strong>re-</strong></span> 
     </span>
    </p>
   </div>
   <div class='ocr_carea' id='block_1_59' title="bbox 408 5701 1344 5777">
    <p class='ocr_par' dir='ltr' id='par_1_59' title="bbox 408 5701 1344 5777">
     <span class='ocr_line' id='line_1_59' title="bbox 408 5701 1344 5777; baseline -0.001 -22"><span class='ocrx_word' id='word_1_488' title='bbox 408 5717 575 5777; x_wconf 83' lang='lat' dir='ltr'><strong>gnum,</strong></span> <span class='ocrx_word' id='word_1_489' title='bbox 591 5711 634 5753; x_wconf 74' lang='lat' dir='ltr'><strong>et</strong></span> <span class='ocrx_word' id='word_1_490' title='bbox 659 5701 761 5769; x_wconf 82' lang='lat' dir='ltr'><strong>ipsc</strong></span> <span class='ocrx_word' id='word_1_491' title='bbox 778 5701 1102 5752; x_wconf 76' lang='lat' dir='ltr'><strong>dominabitur</strong></span> <span class='ocrx_word' id='word_1_492' title='bbox 1116 5701 1344 5777; x_wconf 75' lang='lat' dir='ltr'><strong>gentium.</strong></span> 
     </span>
    </p>
   </div>
   <div class='ocr_carea' id='block_1_60' title="bbox 1160 212 3723 284">
    <p class='ocr_par' dir='ltr' id='par_1_60' title="bbox 1160 212 3723 284">
     <span class='ocr_line' id='line_1_60' title="bbox 1160 212 3723 284; baseline -0.004 -2"><span class='ocrx_word' id='word_1_493' title='bbox 1160 223 1435 282; x_wconf 79' lang='lat' dir='ltr'><strong>CONTRA</strong></span> <span class='ocrx_word' id='word_1_494' title='bbox 1472 217 1907 279; x_wconf 79' lang='lat' dir='ltr'><strong>CRESCONIUM</strong></span> <span class='ocrx_word' id='word_1_495' title='bbox 1948 212 2406 282; x_wconf 83' lang='lat' dir='ltr'><strong>DONATISTAM,</strong></span> <span class='ocrx_word' id='word_1_496' title='bbox 2445 214 2504 271; x_wconf 89' lang='lat' dir='ltr'><strong>S.</strong></span> <span class='ocrx_word' id='word_1_497' title='bbox 2544 218 2912 279; x_wconf 80' lang='lat' dir='ltr'><strong>AUGUSTINI</strong></span> <span class='ocrx_word' id='word_1_498' title='bbox 3628 225 3723 284; x_wconf 65' lang='grc' dir='ltr'><strong>εει</strong></span> 
     </span>
    </p>
   </div>
   <div class='ocr_carea' id='block_1_61' title="bbox 3760 61 3766 161">
    <p class='ocr_par' dir='ltr' id='par_1_61' title="bbox 3760 61 3766 161">
     <span class='ocr_line' id='line_1_61' title="bbox 3760 61 3766 161; baseline 0 0"><span class='ocrx_word' id='word_1_499' title='bbox 3760 61 3766 161; x_wconf 73' lang='lat' dir='ltr'><strong>l</strong></span> 
     </span>
    </p>
   </div>
   <div class='ocr_carea' id='block_1_62' title="bbox 2115 332 3717 409">
    <p class='ocr_par' dir='ltr' id='par_1_62' title="bbox 2115 332 3717 409">
     <span class='ocr_line' id='line_1_62' title="bbox 2115 332 3717 409; baseline 0.007 -22"><span class='ocrx_word' id='word_1_500' title='bbox 2115 332 2206 388; x_wconf 89' lang='lat' dir='ltr'><strong>bus</strong></span> <span class='ocrx_word' id='word_1_501' title='bbox 2232 335 2445 400; x_wconf 83' lang='lat' dir='ltr'><strong>vestris;</strong></span> <span class='ocrx_word' id='word_1_502' title='bbox 2481 335 2604 408; x_wconf 90' lang='lat' dir='ltr'><strong>quia</strong></span> <span class='ocrx_word' id='word_1_503' title='bbox 2636 337 2817 409; x_wconf 89' lang='lat' dir='ltr'><strong>utique</strong></span> <span class='ocrx_word' id='word_1_504' title='bbox 2839 336 3034 399; x_wconf 85' lang='lat' dir='ltr'><strong>Christi</strong></span> <span class='ocrx_word' id='word_1_505' title='bbox 3074 336 3338 396; x_wconf 83' lang='lat' dir='ltr'><strong>adventus</strong></span> <span class='ocrx_word' id='word_1_506' title='bbox 3366 338 3611 396; x_wconf 80' lang='lat' dir='ltr'><strong>abstulit</strong></span> <span class='ocrx_word' id='word_1_507' title='bbox 3641 343 3717 398; x_wconf 74' lang='lat' dir='ltr'><strong>illa</strong></span> 
     </span>
    </p>
   </div>
   <div class='ocr_carea' id='block_1_63' title="bbox 2115 424 3719 502">
    <p class='ocr_par' dir='ltr' id='par_1_63' title="bbox 2115 424 3719 502">
     <span class='ocr_line' id='line_1_63' title="bbox 2115 424 3719 502; baseline 0.006 -24"><span class='ocrx_word' id='word_1_508' title='bbox 2115 424 2293 480; x_wconf 92' lang='lat' dir='ltr'><strong>omnia</strong></span> <span class='ocrx_word' id='word_1_509' title='bbox 2334 424 2924 484; x_wconf 72' lang='lat' dir='ltr'><strong>sacriﬁcialudzcorum</strong></span> <span class='ocrx_word' id='word_1_510' title='bbox 2954 446 2968 483; x_wconf 90' lang='lat'>:</span> <span class='ocrx_word' id='word_1_511' title='bbox 2997 438 3189 486; x_wconf 87' lang='lat' dir='ltr'><strong>etnon</strong></span> <span class='ocrx_word' id='word_1_512' title='bbox 3229 432 3487 502; x_wconf 84' lang='lat' dir='ltr'><strong>agnoscis</strong></span> <span class='ocrx_word' id='word_1_513' title='bbox 3531 432 3719 489; x_wconf 83' lang='lat' dir='ltr'><strong>Eccle-</strong></span> 
     </span>
    </p>
   </div>
   <div class='ocr_carea' id='block_1_64' title="bbox 2115 517 3722 597">
    <p class='ocr_par' dir='ltr' id='par_1_64' title="bbox 2115 517 3722 597">
     <span class='ocr_line' id='line_1_64' title="bbox 2115 517 3722 597; baseline 0.005 -24"><span class='ocrx_word' id='word_1_514' title='bbox 2115 517 2250 574; x_wconf 88' lang='lat' dir='ltr'><strong>siam</strong></span> <span class='ocrx_word' id='word_1_515' title='bbox 2277 520 2329 574; x_wconf 92' lang='lat' dir='ltr'><strong>in</strong></span> <span class='ocrx_word' id='word_1_516' title='bbox 2352 534 2418 576; x_wconf 92' lang='lat' dir='ltr'><strong>co</strong></span> <span class='ocrx_word' id='word_1_517' title='bbox 2443 520 2585 592; x_wconf 88' lang='lat' dir='ltr'><strong>quod</strong></span> <span class='ocrx_word' id='word_1_518' title='bbox 2611 522 2872 594; x_wconf 86' lang='lat' dir='ltr'><strong>sequitur,</strong></span> <span class='ocrx_word' id='word_1_519' title='bbox 2902 522 3157 592; x_wconf 83' lang='lat' dir='ltr'><strong>Quoniam</strong></span> <span class='ocrx_word' id='word_1_520' title='bbox 3179 523 3241 579; x_wconf 84' lang='lat' dir='ltr'><strong>ab</strong></span> <span class='ocrx_word' id='word_1_521' title='bbox 3262 535 3381 579; x_wconf 87' lang='lat' dir='ltr'><strong>ortu</strong></span> <span class='ocrx_word' id='word_1_522' title='bbox 3408 524 3548 580; x_wconf 85' lang='lat' dir='ltr'><strong>solis</strong></span> <span class='ocrx_word' id='word_1_523' title='bbox 3573 542 3722 597; x_wconf 70' lang='lat' dir='ltr'><strong>usqu:</strong></span> 
     </span>
    </p>
   </div>
   <div class='ocr_carea' id='block_1_65' title="bbox 2114 611 3719 690">
    <p class='ocr_par' dir='ltr' id='par_1_65' title="bbox 2114 611 3719 690">
     <span class='ocr_line' id='line_1_65' title="bbox 2114 611 3719 690; baseline 0.004 -24"><span class='ocrx_word' id='word_1_524' title='bbox 2114 611 2185 667; x_wconf 88' lang='lat' dir='ltr'><strong>ad</strong></span> <span class='ocrx_word' id='word_1_525' title='bbox 2202 628 2455 681; x_wconf 88' lang='lat' dir='ltr'><strong>occasum,</strong></span> <span class='ocrx_word' id='word_1_526' title='bbox 2484 613 2827 686; x_wconf 65' lang='lat' dir='ltr'><strong>glori/iculum</strong></span> <span class='ocrx_word' id='word_1_527' title='bbox 2850 625 2921 671; x_wconf 91' lang='lat' dir='ltr'><strong>est</strong></span> <span class='ocrx_word' id='word_1_528' title='bbox 2943 632 3125 671; x_wconf 84' lang='lat' dir='ltr'><strong>nomen</strong></span> <span class='ocrx_word' id='word_1_529' title='bbox 3145 633 3313 672; x_wconf 86' lang='lat' dir='ltr'><strong>meum</strong></span> <span class='ocrx_word' id='word_1_530' title='bbox 3335 617 3392 672; x_wconf 85' lang='lat' dir='ltr'><strong>in</strong></span> <span class='ocrx_word' id='word_1_531' title='bbox 3410 617 3666 690; x_wconf 75' lang='lat' dir='ltr'><strong>gentibus</strong></span> <span class='ocrx_word' id='word_1_532' title='bbox 3685 623 3719 685; x_wconf 80' lang='grc'>¹,</span> 
     </span>
    </p>
   </div>
   <div class='ocr_carea' id='block_1_66' title="bbox 2115 705 3724 785">
    <p class='ocr_par' dir='ltr' id='par_1_66' title="bbox 2115 705 3724 785">
     <span class='ocr_line' id='line_1_66' title="bbox 2115 705 3724 785; baseline 0.005 -25"><span class='ocrx_word' id='word_1_533' title='bbox 2115 705 2238 762; x_wconf 85' lang='lat' dir='ltr'><strong>dicit</strong></span> <span class='ocrx_word' id='word_1_534' title='bbox 2266 705 2519 764; x_wconf 84' lang='lat' dir='ltr'><strong>Dominus</strong></span> <span class='ocrx_word' id='word_1_535' title='bbox 2544 709 2860 781; x_wconf 84' lang='lat' dir='ltr'><strong>omnipotens</strong></span> <span class='ocrx_word' id='word_1_536' title='bbox 2887 708 3143 782; x_wconf 72' lang='lat' dir='ltr'><strong>(Halach.</strong></span> <span class='ocrx_word' id='word_1_537' title='bbox 3168 726 3217 779; x_wconf 83' lang='grc' dir='ltr'>ι,</span> <span class='ocrx_word' id='word_1_538' title='bbox 3244 711 3333 779; x_wconf 83' lang='grc'><strong>10,</strong></span> <span class='ocrx_word' id='word_1_539' title='bbox 3364 712 3461 784; x_wconf 87' lang='grc'><strong>11)</strong></span> <span class='ocrx_word' id='word_1_540' title='bbox 3490 712 3520 767; x_wconf 83' lang='lat'><strong>?</strong></span> <span class='ocrx_word' id='word_1_541' title='bbox 3551 713 3724 785; x_wconf 81' lang='lat' dir='ltr'><strong>Agno-</strong></span> 
     </span>
    </p>
   </div>
   <div class='ocr_carea' id='block_1_67' title="bbox 2114 797 3721 874">
    <p class='ocr_par' dir='ltr' id='par_1_67' title="bbox 2114 797 3721 874">
     <span class='ocr_line' id='line_1_67' title="bbox 2114 797 3721 874; baseline 0.001 -19"><span class='ocrx_word' id='word_1_542' title='bbox 2114 797 2222 855; x_wconf 85' lang='lat' dir='ltr'><strong>scis</strong></span> <span class='ocrx_word' id='word_1_543' title='bbox 2243 797 2515 856; x_wconf 90' lang='lat' dir='ltr'><strong>Christum</strong></span> <span class='ocrx_word' id='word_1_544' title='bbox 2542 799 2596 856; x_wconf 93' lang='lat' dir='ltr'><strong>in</strong></span> <span class='ocrx_word' id='word_1_545' title='bbox 2621 814 2689 857; x_wconf 90' lang='lat' dir='ltr'><strong>eo</strong></span> <span class='ocrx_word' id='word_1_546' title='bbox 2715 799 2856 871; x_wconf 91' lang='lat' dir='ltr'><strong>quod</strong></span> <span class='ocrx_word' id='word_1_547' title='bbox 2881 799 3013 858; x_wconf 84' lang='lat' dir='ltr'><strong>dicit</strong></span> <span class='ocrx_word' id='word_1_548' title='bbox 3036 800 3318 874; x_wconf 76' lang='lat' dir='ltr'><strong>propheta,</strong></span> <span class='ocrx_word' id='word_1_549' title='bbox 3340 800 3502 858; x_wconf 80' lang='lat' dir='ltr'><strong>Sicut</strong></span> <span class='ocrx_word' id='word_1_550' title='bbox 3526 804 3642 857; x_wconf 72' lang='lat' dir='ltr'><strong>ocis</strong></span> <span class='ocrx_word' id='word_1_551' title='bbox 3664 806 3721 857; x_wconf 80' lang='lat' dir='ltr'><strong>ad</strong></span> 
     </span>
    </p>
   </div>
   <div class='ocr_carea' id='block_1_68' title="bbox 2114 891 3721 969">
    <p class='ocr_par' dir='ltr' id='par_1_68' title="bbox 2114 891 3721 969">
     <span class='ocr_line' id='line_1_68' title="bbox 2114 891 3721 969; baseline 0.004 -23"><span class='ocrx_word' id='word_1_552' title='bbox 2114 891 2481 948; x_wconf 85' lang='lat' dir='ltr'><strong>immolandum</strong></span> <span class='ocrx_word' id='word_1_553' title='bbox 2505 893 2687 949; x_wconf 87' lang='lat' dir='ltr'><strong>ductus</strong></span> <span class='ocrx_word' id='word_1_554' title='bbox 2715 902 2787 950; x_wconf 90' lang='lat' dir='ltr'><strong>est</strong></span> <span class='ocrx_word' id='word_1_555' title='bbox 2819 893 2972 968; x_wconf 82' lang='lat' dir='ltr'><strong>(Isai.</strong></span> <span class='ocrx_word' id='word_1_556' title='bbox 2999 912 3122 963; x_wconf 79' lang='lat' dir='ltr'><strong>Lm,</strong></span> <span class='ocrx_word' id='word_1_557' title='bbox 3151 895 3240 969; x_wconf 86' lang='lat'><strong>7),</strong></span> <span class='ocrx_word' id='word_1_558' title='bbox 3268 905 3324 952; x_wconf 87' lang='lat' dir='ltr'><strong>et</strong></span> <span class='ocrx_word' id='word_1_559' title='bbox 3357 904 3574 953; x_wconf 65' lang='lat' dir='ltr'><strong>caetera</strong></span> <span class='ocrx_word' id='word_1_560' title='bbox 3611 912 3721 968; x_wconf 64' lang='lat' dir='ltr'><strong>qua</strong></span> 
     </span>
    </p>
   </div>
   <div class='ocr_carea' id='block_1_69' title="bbox 2114 980 3715 1059">
    <p class='ocr_par' dir='ltr' id='par_1_69' title="bbox 2114 980 3715 1059">
     <span class='ocr_line' id='line_1_69' title="bbox 2114 980 3715 1059; baseline 0.004 -21"><span class='ocrx_word' id='word_1_561' title='bbox 2114 980 2189 1039; x_wconf 89' lang='lat' dir='ltr'><strong>ibi</strong></span> <span class='ocrx_word' id='word_1_562' title='bbox 2231 983 2301 1040; x_wconf 89' lang='lat' dir='ltr'><strong>de</strong></span> <span class='ocrx_word' id='word_1_563' title='bbox 2339 983 2433 1040; x_wconf 91' lang='lat' dir='ltr'><strong>illo</strong></span> <span class='ocrx_word' id='word_1_564' title='bbox 2473 992 2726 1056; x_wconf 85' lang='lat' dir='ltr'><strong>tanquam</strong></span> <span class='ocrx_word' id='word_1_565' title='bbox 2762 985 2816 1043; x_wconf 90' lang='lat' dir='ltr'><strong>in</strong></span> <span class='ocrx_word' id='word_1_566' title='bbox 2854 985 3145 1059; x_wconf 82' lang='lat' dir='ltr'><strong>Evangelia</strong></span> <span class='ocrx_word' id='word_1_567' title='bbox 3184 987 3439 1059; x_wconf 88' lang='lat' dir='ltr'><strong>leguntur</strong></span> <span class='ocrx_word' id='word_1_568' title='bbox 3470 1007 3490 1044; x_wconf 86' lang='lat'><strong>:</strong></span> <span class='ocrx_word' id='word_1_569' title='bbox 3519 998 3581 1044; x_wconf 84' lang='lat' dir='ltr'><strong>et</strong></span> <span class='ocrx_word' id='word_1_570' title='bbox 3623 1005 3715 1045; x_wconf 76' lang='lat' dir='ltr'><strong>nos</strong></span> 
     </span>
    </p>
   </div>
   <div class='ocr_carea' id='block_1_70' title="bbox 2114 1076 3719 1151">
    <p class='ocr_par' dir='ltr' id='par_1_70' title="bbox 2114 1076 3719 1151">
     <span class='ocr_line' id='line_1_70' title="bbox 2114 1076 3719 1151; baseline 0.002 -20"><span class='ocrx_word' id='word_1_571' title='bbox 2114 1076 2362 1146; x_wconf 88' lang='lat' dir='ltr'><strong>agnoscis</strong></span> <span class='ocrx_word' id='word_1_572' title='bbox 2392 1076 2687 1133; x_wconf 88' lang='lat' dir='ltr'><strong>Ecclesiam</strong></span> <span class='ocrx_word' id='word_1_573' title='bbox 2717 1076 2770 1134; x_wconf 91' lang='lat' dir='ltr'><strong>in</strong></span> <span class='ocrx_word' id='word_1_574' title='bbox 2796 1091 2863 1134; x_wconf 90' lang='lat' dir='ltr'><strong>eo</strong></span> <span class='ocrx_word' id='word_1_575' title='bbox 2898 1078 3039 1151; x_wconf 90' lang='lat' dir='ltr'><strong>quod</strong></span> <span class='ocrx_word' id='word_1_576' title='bbox 3076 1079 3236 1150; x_wconf 89' lang='lat' dir='ltr'><strong>paulo</strong></span> <span class='ocrx_word' id='word_1_577' title='bbox 3263 1088 3386 1151; x_wconf 87' lang='lat' dir='ltr'><strong>post</strong></span> <span class='ocrx_word' id='word_1_578' title='bbox 3408 1079 3587 1143; x_wconf 84' lang='lat' dir='ltr'><strong>dicit,</strong></span> <span class='ocrx_word' id='word_1_579' title='bbox 3614 1079 3719 1136; x_wconf 75' lang='lat' dir='ltr'><strong>Lc-</strong></span> 
     </span>
    </p>
   </div>
   <div class='ocr_carea' id='block_1_71' title="bbox 2115 1168 3720 1245">
    <p class='ocr_par' dir='ltr' id='par_1_71' title="bbox 2115 1168 3720 1245">
     <span class='ocr_line' id='line_1_71' title="bbox 2115 1168 3720 1245; baseline 0.002 -24"><span class='ocrx_word' id='word_1_580' title='bbox 2115 1174 2243 1234; x_wconf 85' lang='lat' dir='ltr'><strong>tare,</strong></span> <span class='ocrx_word' id='word_1_581' title='bbox 2268 1168 2475 1238; x_wconf 85' lang='lat' dir='ltr'><strong>sterilis,</strong></span> <span class='ocrx_word' id='word_1_582' title='bbox 2498 1184 2613 1241; x_wconf 78' lang='lat' dir='ltr'><strong>qua:</strong></span> <span class='ocrx_word' id='word_1_583' title='bbox 2636 1186 2738 1225; x_wconf 88' lang='lat' dir='ltr'><strong>non</strong></span> <span class='ocrx_word' id='word_1_584' title='bbox 2763 1170 2941 1240; x_wconf 88' lang='lat' dir='ltr'><strong>paris;</strong></span> <span class='ocrx_word' id='word_1_585' title='bbox 2966 1186 3172 1245; x_wconf 81' lang='lat' dir='ltr'><strong>erumpe</strong></span> <span class='ocrx_word' id='word_1_586' title='bbox 3194 1180 3242 1226; x_wconf 90' lang='lat' dir='ltr'><strong>et</strong></span> <span class='ocrx_word' id='word_1_587' title='bbox 3266 1173 3459 1239; x_wconf 85' lang='lat' dir='ltr'><strong>clama,</strong></span> <span class='ocrx_word' id='word_1_588' title='bbox 3485 1188 3614 1243; x_wconf 70' lang='lat' dir='ltr'><strong>qui:</strong></span> <span class='ocrx_word' id='word_1_589' title='bbox 3632 1190 3720 1227; x_wconf 71' lang='lat' dir='ltr'><strong>non</strong></span> 
     </span>
    </p>
   </div>
   <div class='ocr_carea' id='block_1_72' title="bbox 2113 1259 3721 1336">
    <p class='ocr_par' dir='ltr' id='par_1_72' title="bbox 2113 1259 3721 1336">
     <span class='ocr_line' id='line_1_72' title="bbox 2113 1259 3721 1336; baseline 0.006 -24"><span class='ocrx_word' id='word_1_590' title='bbox 2113 1259 2337 1330; x_wconf 85' lang='lat' dir='ltr'><strong>parturis</strong></span> <span class='ocrx_word' id='word_1_591' title='bbox 2360 1275 2380 1314; x_wconf 91' lang='lat'><strong><em>:</em></strong></span> <span class='ocrx_word' id='word_1_592' title='bbox 2404 1260 2644 1331; x_wconf 86' lang='lat' dir='ltr'><strong>quoniam</strong></span> <span class='ocrx_word' id='word_1_593' title='bbox 2670 1262 2818 1317; x_wconf 85' lang='lat' dir='ltr'><strong>multi</strong></span> <span class='ocrx_word' id='word_1_594' title='bbox 2845 1262 2944 1333; x_wconf 76' lang='lat' dir='ltr'><strong>ﬁlii</strong></span> <span class='ocrx_word' id='word_1_595' title='bbox 2967 1261 3196 1330; x_wconf 77' lang='lat' dir='ltr'><strong>desertis,</strong></span> <span class='ocrx_word' id='word_1_596' title='bbox 3227 1264 3392 1336; x_wconf 86' lang='lat' dir='ltr'><strong>magis</strong></span> <span class='ocrx_word' id='word_1_597' title='bbox 3416 1281 3591 1336; x_wconf 73' lang='lat' dir='ltr'><strong>quam</strong></span> <span class='ocrx_word' id='word_1_598' title='bbox 3619 1266 3721 1335; x_wconf 73' lang='lat' dir='ltr'><strong>ejus</strong></span> 
     </span>
    </p>
   </div>
   <div class='ocr_carea' id='block_1_73' title="bbox 2112 1349 3721 1421">
    <p class='ocr_par' dir='ltr' id='par_1_73' title="bbox 2112 1349 3721 1421">
     <span class='ocr_line' id='line_1_73' title="bbox 2112 1349 3721 1421; baseline 0.004 -17"><span class='ocrx_word' id='word_1_599' title='bbox 2112 1364 2228 1421; x_wconf 74' lang='lat' dir='ltr'><strong>quia</strong></span> <span class='ocrx_word' id='word_1_600' title='bbox 2252 1349 2399 1405; x_wconf 85' lang='lat' dir='ltr'><strong>habet</strong></span> <span class='ocrx_word' id='word_1_601' title='bbox 2424 1351 2605 1406; x_wconf 82' lang='lat' dir='ltr'><strong>uirum.</strong></span> <span class='ocrx_word' id='word_1_602' title='bbox 2643 1351 2789 1408; x_wconf 65' lang='lat' dir='ltr'><strong>Dixit</strong></span> <span class='ocrx_word' id='word_1_603' title='bbox 2814 1354 2953 1410; x_wconf 86' lang='lat' dir='ltr'><strong>enim</strong></span> <span class='ocrx_word' id='word_1_604' title='bbox 2980 1352 3229 1409; x_wconf 79' lang='lat' dir='ltr'><strong>Dominus</strong></span> <span class='ocrx_word' id='word_1_605' title='bbox 3268 1370 3289 1409; x_wconf 91' lang='lat'><strong><em>:</em></strong></span> <span class='ocrx_word' id='word_1_606' title='bbox 3326 1353 3519 1410; x_wconf 81' lang='lat' dir='ltr'><strong>Dilata</strong></span> <span class='ocrx_word' id='word_1_607' title='bbox 3562 1356 3721 1410; x_wconf 64' lang='lat' dir='ltr'><strong>(eam</strong></span> 
     </span>
    </p>
   </div>
   <div class='ocr_carea' id='block_1_74' title="bbox 2113 1443 3717 1519">
    <p class='ocr_par' dir='ltr' id='par_1_74' title="bbox 2113 1443 3717 1519">
     <span class='ocr_line' id='line_1_74' title="bbox 2113 1443 3717 1519; baseline 0.003 -21"><span class='ocrx_word' id='word_1_608' title='bbox 2113 1443 2424 1499; x_wconf 83' lang='lat' dir='ltr'><strong>tabernaculi</strong></span> <span class='ocrx_word' id='word_1_609' title='bbox 2446 1445 2554 1511; x_wconf 91' lang='lat' dir='ltr'><strong>tui,</strong></span> <span class='ocrx_word' id='word_1_610' title='bbox 2584 1453 2632 1500; x_wconf 88' lang='lat' dir='ltr'><strong>et</strong></span> <span class='ocrx_word' id='word_1_611' title='bbox 2653 1446 2802 1500; x_wconf 88' lang='lat' dir='ltr'><strong>aulas</strong></span> <span class='ocrx_word' id='word_1_612' title='bbox 2824 1454 2937 1502; x_wconf 90' lang='lat' dir='ltr'><strong>tuas</strong></span> <span class='ocrx_word' id='word_1_613' title='bbox 2960 1446 3193 1519; x_wconf 76' lang='lat' dir='ltr'><strong>confige;</strong></span> <span class='ocrx_word' id='word_1_614' title='bbox 3215 1462 3318 1502; x_wconf 88' lang='lat' dir='ltr'><strong>non</strong></span> <span class='ocrx_word' id='word_1_615' title='bbox 3336 1456 3413 1502; x_wconf 89' lang='lat' dir='ltr'><strong>est</strong></span> <span class='ocrx_word' id='word_1_616' title='bbox 3431 1448 3587 1517; x_wconf 76' lang='lat' dir='ltr'><strong>quod</strong></span> <span class='ocrx_word' id='word_1_617' title='bbox 3610 1466 3717 1518; x_wconf 80' lang='lat' dir='ltr'><strong>par-</strong></span> 
     </span>
    </p>
   </div>
   <div class='ocr_carea' id='block_1_75' title="bbox 2111 1536 3712 1611">
    <p class='ocr_par' dir='ltr' id='par_1_75' title="bbox 2111 1536 3712 1611">
     <span class='ocr_line' id='line_1_75' title="bbox 2111 1536 3712 1611; baseline 0.004 -21"><span class='ocrx_word' id='word_1_618' title='bbox 2111 1551 2199 1593; x_wconf 88' lang='lat' dir='ltr'><strong>cas</strong></span> <span class='ocrx_word' id='word_1_619' title='bbox 2216 1576 2233 1602; x_wconf 90' lang='lat'><strong>,</strong></span> <span class='ocrx_word' id='word_1_620' title='bbox 2264 1536 2469 1609; x_wconf 88' lang='lat' dir='ltr'><strong>porrige</strong></span> <span class='ocrx_word' id='word_1_621' title='bbox 2492 1537 2696 1610; x_wconf 86' lang='lat' dir='ltr'><strong>longius</strong></span> <span class='ocrx_word' id='word_1_622' title='bbox 2724 1538 2980 1609; x_wconf 78' lang='lat' dir='ltr'><strong>funiculos</strong></span> <span class='ocrx_word' id='word_1_623' title='bbox 2997 1580 3012 1608; x_wconf 93' lang='lat'><strong>,</strong></span> <span class='ocrx_word' id='word_1_624' title='bbox 3038 1540 3189 1611; x_wconf 82' lang='lat' dir='ltr'><strong>palos</strong></span> <span class='ocrx_word' id='word_1_625' title='bbox 3216 1539 3417 1596; x_wconf 78' lang='lat' dir='ltr'><strong>validos</strong></span> <span class='ocrx_word' id='word_1_626' title='bbox 3441 1541 3712 1611; x_wconf 74' lang='lat' dir='ltr'><strong>conﬁniis,</strong></span> 
     </span>
    </p>
   </div>
   <div class='ocr_carea' id='block_1_76' title="bbox 2112 1628 3765 1702">
    <p class='ocr_par' dir='ltr' id='par_1_76' title="bbox 2112 1628 3765 1702">
     <span class='ocr_line' id='line_1_76' title="bbox 2112 1628 3765 1702; baseline 0.003 -19"><span class='ocrx_word' id='word_1_627' title='bbox 2112 1628 2266 1684; x_wconf 88' lang='lat' dir='ltr'><strong>etiam</strong></span> <span class='ocrx_word' id='word_1_628' title='bbox 2292 1637 2442 1700; x_wconf 84' lang='lat' dir='ltr'><strong>atque</strong></span> <span class='ocrx_word' id='word_1_629' title='bbox 2468 1630 2621 1685; x_wconf 87' lang='lat' dir='ltr'><strong>etiam</strong></span> <span class='ocrx_word' id='word_1_630' title='bbox 2658 1629 2713 1685; x_wconf 89' lang='lat' dir='ltr'><strong>in</strong></span> <span class='ocrx_word' id='word_1_631' title='bbox 2747 1630 3007 1686; x_wconf 73' lang='lat' dir='ltr'><strong>dexteram</strong></span> <span class='ocrx_word' id='word_1_632' title='bbox 3048 1640 3197 1702; x_wconf 86' lang='lat' dir='ltr'><strong>atque</strong></span> <span class='ocrx_word' id='word_1_633' title='bbox 3236 1632 3507 1688; x_wconf 84' lang='lat' dir='ltr'><strong>sinistram</strong></span> <span class='ocrx_word' id='word_1_634' title='bbox 3547 1642 3711 1688; x_wconf 60' lang='lat' dir='ltr'><strong>eadem</strong></span> <span class='ocrx_word' id='word_1_635' title='bbox 3764 1628 3765 1667; x_wconf 61' lang='grc'>³</span> 
     </span>
    </p>
   </div>
   <div class='ocr_carea' id='block_1_77' title="bbox 2112 1721 3714 1796">
    <p class='ocr_par' dir='ltr' id='par_1_77' title="bbox 2112 1721 3714 1796">
     <span class='ocr_line' id='line_1_77' title="bbox 2112 1721 3714 1796; baseline 0.004 -20"><span class='ocrx_word' id='word_1_636' title='bbox 2112 1721 2258 1778; x_wconf 86' lang='lat' dir='ltr'><strong>dens.</strong></span> <span class='ocrx_word' id='word_1_637' title='bbox 2286 1721 2473 1780; x_wconf 86' lang='lat' dir='ltr'><strong>Semen</strong></span> <span class='ocrx_word' id='word_1_638' title='bbox 2497 1723 2632 1778; x_wconf 88' lang='lat' dir='ltr'><strong>enim</strong></span> <span class='ocrx_word' id='word_1_639' title='bbox 2661 1732 2804 1778; x_wconf 87' lang='lat' dir='ltr'><strong>tuum</strong></span> <span class='ocrx_word' id='word_1_640' title='bbox 2829 1723 3146 1779; x_wconf 70' lang='lat' dir='ltr'><strong>luzreditabit</strong></span> <span class='ocrx_word' id='word_1_641' title='bbox 3172 1736 3382 1796; x_wconf 80' lang='lat' dir='ltr'><strong>gentes;</strong></span> <span class='ocrx_word' id='word_1_642' title='bbox 3413 1734 3463 1780; x_wconf 88' lang='lat' dir='ltr'><strong>et</strong></span> <span class='ocrx_word' id='word_1_643' title='bbox 3493 1726 3714 1782; x_wconf 76' lang='lat' dir='ltr'><strong>civitates</strong></span> 
     </span>
    </p>
   </div>
   <div class='ocr_carea' id='block_1_78' title="bbox 2110 1813 3712 1887">
    <p class='ocr_par' dir='ltr' id='par_1_78' title="bbox 2110 1813 3712 1887">
     <span class='ocr_line' id='line_1_78' title="bbox 2110 1813 3712 1887; baseline 0.003 -21"><span class='ocrx_word' id='word_1_644' title='bbox 2110 1830 2225 1887; x_wconf 74' lang='lat' dir='ltr'><strong>quae</strong></span> <span class='ocrx_word' id='word_1_645' title='bbox 2260 1814 2467 1871; x_wconf 79' lang='lat' dir='ltr'><strong>desertte</strong></span> <span class='ocrx_word' id='word_1_646' title='bbox 2503 1823 2679 1884; x_wconf 89' lang='lat' dir='ltr'><strong>erant,</strong></span> <span class='ocrx_word' id='word_1_647' title='bbox 2709 1815 3031 1871; x_wconf 82' lang='lat' dir='ltr'><strong>iuliabitabis.</strong></span> <span class='ocrx_word' id='word_1_648' title='bbox 3065 1813 3189 1870; x_wconf 87' lang='lat' dir='ltr'><strong>Non</strong></span> <span class='ocrx_word' id='word_1_649' title='bbox 3217 1825 3289 1872; x_wconf 87' lang='lat' dir='ltr'><strong>est</strong></span> <span class='ocrx_word' id='word_1_650' title='bbox 3317 1817 3458 1887; x_wconf 83' lang='lat' dir='ltr'><strong>quod</strong></span> <span class='ocrx_word' id='word_1_651' title='bbox 3484 1826 3712 1882; x_wconf 85' lang='lat' dir='ltr'><strong>metuas;</strong></span> 
     </span>
    </p>
   </div>
   <div class='ocr_carea' id='block_1_79' title="bbox 2111 1906 3711 1979">
    <p class='ocr_par' dir='ltr' id='par_1_79' title="bbox 2111 1906 3711 1979">
     <span class='ocr_line' id='line_1_79' title="bbox 2111 1906 3711 1979; baseline 0.001 -18"><span class='ocrx_word' id='word_1_652' title='bbox 2111 1906 2403 1976; x_wconf 73' lang='lat' dir='ltr'><strong>prwualebis</strong></span> <span class='ocrx_word' id='word_1_653' title='bbox 2424 1907 2557 1961; x_wconf 87' lang='lat' dir='ltr'><strong>enim</strong></span> <span class='ocrx_word' id='word_1_654' title='bbox 2580 1922 2707 1962; x_wconf 88' lang='lat' dir='ltr'><strong>:nec</strong></span> <span class='ocrx_word' id='word_1_655' title='bbox 2730 1907 2992 1963; x_wconf 85' lang='lat' dir='ltr'><strong>erubescas</strong></span> <span class='ocrx_word' id='word_1_656' title='bbox 3020 1906 3155 1978; x_wconf 81' lang='lat' dir='ltr'><strong>quod</strong></span> <span class='ocrx_word' id='word_1_657' title='bbox 3179 1907 3492 1964; x_wconf 80' lang='lat' dir='ltr'><strong>detestabilis</strong></span> <span class='ocrx_word' id='word_1_658' title='bbox 3520 1910 3711 1979; x_wconf 68' lang='lat' dir='ltr'><strong>fueris;</strong></span> 
     </span>
    </p>
   </div>
   <div class='ocr_carea' id='block_1_80' title="bbox 2110 1999 3713 2072">
    <p class='ocr_par' dir='ltr' id='par_1_80' title="bbox 2110 1999 3713 2072">
     <span class='ocr_line' id='line_1_80' title="bbox 2110 1999 3713 2072; baseline 0.002 -21"><span class='ocrx_word' id='word_1_659' title='bbox 2110 1999 2461 2069; x_wconf 77' lang='lat' dir='ltr'><strong>confusionem</strong></span> <span class='ocrx_word' id='word_1_660' title='bbox 2486 1999 2620 2054; x_wconf 87' lang='lat' dir='ltr'><strong>enim</strong></span> <span class='ocrx_word' id='word_1_661' title='bbox 2646 2000 2701 2054; x_wconf 89' lang='lat' dir='ltr'><strong>in</strong></span> <span class='ocrx_word' id='word_1_662' title='bbox 2731 2007 3024 2072; x_wconf 84' lang='lat' dir='ltr'><strong>perpetuum</strong></span> <span class='ocrx_word' id='word_1_663' title='bbox 3052 1999 3390 2065; x_wconf 82' lang='lat' dir='ltr'><strong>oblivisceris,</strong></span> <span class='ocrx_word' id='word_1_664' title='bbox 3417 2000 3713 2072; x_wconf 71' lang='lat' dir='ltr'><strong>ignominia:</strong></span> 
     </span>
    </p>
   </div>
   <div class='ocr_carea' id='block_1_81' title="bbox 2110 2089 3709 2165">
    <p class='ocr_par' dir='ltr' id='par_1_81' title="bbox 2110 2089 3709 2165">
     <span class='ocr_line' id='line_1_81' title="bbox 2110 2089 3709 2165; baseline 0.001 -19"><span class='ocrx_word' id='word_1_665' title='bbox 2110 2089 2373 2146; x_wconf 77' lang='lat' dir='ltr'><strong>uiduitatis</strong></span> <span class='ocrx_word' id='word_1_666' title='bbox 2400 2100 2501 2147; x_wconf 82' lang='lat' dir='ltr'><strong>tute</strong></span> <span class='ocrx_word' id='word_1_667' title='bbox 2527 2107 2629 2147; x_wconf 88' lang='lat' dir='ltr'><strong>non</strong></span> <span class='ocrx_word' id='word_1_668' title='bbox 2664 2090 2765 2146; x_wconf 89' lang='lat' dir='ltr'><strong>eris</strong></span> <span class='ocrx_word' id='word_1_669' title='bbox 2791 2106 2982 2147; x_wconf 85' lang='lat' dir='ltr'><strong>memor</strong></span> <span class='ocrx_word' id='word_1_670' title='bbox 3003 2106 3022 2145; x_wconf 92' lang='lat'><em>:</em></span> <span class='ocrx_word' id='word_1_671' title='bbox 3047 2091 3285 2163; x_wconf 86' lang='lat' dir='ltr'><strong>quoniam</strong></span> <span class='ocrx_word' id='word_1_672' title='bbox 3322 2107 3417 2165; x_wconf 86' lang='lat' dir='ltr'><strong>ego</strong></span> <span class='ocrx_word' id='word_1_673' title='bbox 3454 2109 3580 2146; x_wconf 71' lang='lat' dir='ltr'><strong>sum</strong></span> <span class='ocrx_word' id='word_1_674' title='bbox 3609 2091 3709 2147; x_wconf 82' lang='lat' dir='ltr'><strong>Do-</strong></span> 
     </span>
    </p>
   </div>
   <div class='ocr_carea' id='block_1_82' title="bbox 2110 2178 3709 2253">
    <p class='ocr_par' dir='ltr' id='par_1_82' title="bbox 2110 2178 3709 2253">
     <span class='ocr_line' id='line_1_82' title="bbox 2110 2178 3709 2253; baseline 0 -17"><span class='ocrx_word' id='word_1_675' title='bbox 2110 2181 2278 2237; x_wconf 86' lang='lat' dir='ltr'><strong>minus</strong></span> <span class='ocrx_word' id='word_1_676' title='bbox 2306 2182 2393 2252; x_wconf 88' lang='lat' dir='ltr'><strong>qui</strong></span> <span class='ocrx_word' id='word_1_677' title='bbox 2418 2181 2552 2253; x_wconf 82' lang='lat' dir='ltr'><strong>facio</strong></span> <span class='ocrx_word' id='word_1_678' title='bbox 2580 2189 2628 2235; x_wconf 91' lang='lat' dir='ltr'><strong>te</strong></span> <span class='ocrx_word' id='word_1_679' title='bbox 2646 2222 2661 2246; x_wconf 91' lang='lat'><strong>,</strong></span> <span class='ocrx_word' id='word_1_680' title='bbox 2694 2178 2945 2237; x_wconf 89' lang='lat' dir='ltr'><strong>Dominus</strong></span> <span class='ocrx_word' id='word_1_681' title='bbox 2972 2198 3154 2236; x_wconf 88' lang='lat' dir='ltr'><strong>nomen</strong></span> <span class='ocrx_word' id='word_1_682' title='bbox 3178 2182 3225 2236; x_wconf 86' lang='lat' dir='ltr'><strong>ei</strong></span> <span class='ocrx_word' id='word_1_683' title='bbox 3239 2198 3259 2247; x_wconf 86' lang='lat'><strong>;</strong></span> <span class='ocrx_word' id='word_1_684' title='bbox 3292 2193 3338 2236; x_wconf 87' lang='lat' dir='ltr'><strong>et</strong></span> <span class='ocrx_word' id='word_1_685' title='bbox 3364 2182 3455 2253; x_wconf 88' lang='lat' dir='ltr'><strong>qui</strong></span> <span class='ocrx_word' id='word_1_686' title='bbox 3483 2183 3622 2237; x_wconf 88' lang='lat' dir='ltr'><strong>eruit</strong></span> <span class='ocrx_word' id='word_1_687' title='bbox 3649 2194 3709 2247; x_wconf 82' lang='lat' dir='ltr'><strong>te,</strong></span> 
     </span>
    </p>
   </div>
   <div class='ocr_carea' id='block_1_83' title="bbox 2110 2270 3765 2347">
    <p class='ocr_par' dir='ltr' id='par_1_83' title="bbox 2110 2270 3765 2347">
     <span class='ocr_line' id='line_1_83' title="bbox 2110 2270 3765 2347; baseline 0.003 -20"><span class='ocrx_word' id='word_1_688' title='bbox 2110 2273 2220 2346; x_wconf 89' lang='lat' dir='ltr'><strong>ipse</strong></span> <span class='ocrx_word' id='word_1_689' title='bbox 2242 2273 2380 2329; x_wconf 89' lang='lat' dir='ltr'><strong>Deus</strong></span> <span class='ocrx_word' id='word_1_690' title='bbox 2402 2273 2569 2329; x_wconf 85' lang='lat' dir='ltr'><strong>Israel</strong></span> <span class='ocrx_word' id='word_1_691' title='bbox 2590 2274 2835 2329; x_wconf 73' lang='lat' dir='ltr'><strong>universa:</strong></span> <span class='ocrx_word' id='word_1_692' title='bbox 2853 2282 2999 2329; x_wconf 63' lang='lat' dir='ltr'><strong>terra:</strong></span> <span class='ocrx_word' id='word_1_693' title='bbox 3019 2274 3277 2329; x_wconf 82' lang='lat' dir='ltr'><strong>vocabitur</strong></span> <span class='ocrx_word' id='word_1_694' title='bbox 3297 2270 3410 2345; x_wconf 85' lang='lat' dir='ltr'><strong>(Id.</strong></span> <span class='ocrx_word' id='word_1_695' title='bbox 3431 2289 3548 2342; x_wconf 75' lang='lat' dir='ltr'><strong>Liv,</strong></span> <span class='ocrx_word' id='word_1_696' title='bbox 3573 2274 3708 2347; x_wconf 82' lang='grc'><strong>1-5).</strong></span> <span class='ocrx_word' id='word_1_697' title='bbox 3764 2270 3765 2347; x_wconf 49' lang='grc' dir='ltr'>ᾗ</span> 
     </span>
    </p>
   </div>
   <div class='ocr_carea' id='block_1_84' title="bbox 2183 2364 3709 2424">
    <p class='ocr_par' dir='ltr' id='par_1_84' title="bbox 2183 2364 3709 2424">
     <span class='ocr_line' id='line_1_84' title="bbox 2183 2364 3709 2424; baseline 0 -1"><span class='ocrx_word' id='word_1_698' title='bbox 2183 2365 2411 2424; x_wconf 83' lang='lat' dir='ltr'><strong>CAPUT</strong></span> <span class='ocrx_word' id='word_1_699' title='bbox 2450 2364 2612 2422; x_wconf 73' lang='lat' dir='ltr'><strong>LXV.</strong></span> <span class='ocrx_word' id='word_1_700' title='bbox 2648 2395 2719 2407; x_wconf 91' lang='lat'><strong>—-</strong></span> <span class='ocrx_word' id='word_1_701' title='bbox 2748 2366 2838 2422; x_wconf 80' lang='lat'><strong>73.</strong></span> <span class='ocrx_word' id='word_1_702' title='bbox 2868 2365 2924 2421; x_wconf 83' lang='lat' dir='ltr'><strong>In</strong></span> <span class='ocrx_word' id='word_1_703' title='bbox 2952 2365 3036 2422; x_wconf 83' lang='lat' dir='ltr'><strong>his</strong></span> <span class='ocrx_word' id='word_1_704' title='bbox 3070 2375 3220 2422; x_wconf 87' lang='lat' dir='ltr'><strong>certe</strong></span> <span class='ocrx_word' id='word_1_705' title='bbox 3251 2364 3475 2423; x_wconf 80' lang='lat' dir='ltr'><strong>Litteris</strong></span> <span class='ocrx_word' id='word_1_706' title='bbox 3514 2369 3709 2423; x_wconf 81' lang='lat' dir='ltr'><strong>sanctis</strong></span> 
     </span>
    </p>
   </div>
   <div class='ocr_carea' id='block_1_85' title="bbox 2114 2458 3710 2534">
    <p class='ocr_par' dir='ltr' id='par_1_85' title="bbox 2114 2458 3710 2534">
     <span class='ocr_line' id='line_1_85' title="bbox 2114 2458 3710 2534; baseline 0.002 -18"><span class='ocrx_word' id='word_1_707' title='bbox 2114 2458 2409 2517; x_wconf 85' lang='lat' dir='ltr'><strong>Ecclesiam</strong></span> <span class='ocrx_word' id='word_1_708' title='bbox 2440 2460 2567 2518; x_wconf 90' lang='lat' dir='ltr'><strong>dicit</strong></span> <span class='ocrx_word' id='word_1_709' title='bbox 2594 2460 2928 2534; x_wconf 85' lang='lat' dir='ltr'><strong>Cyprianus,</strong></span> <span class='ocrx_word' id='word_1_710' title='bbox 2958 2469 3019 2518; x_wconf 93' lang='lat' dir='ltr'><strong>ut</strong></span> <span class='ocrx_word' id='word_1_711' title='bbox 3053 2461 3259 2520; x_wconf 88' lang='lat' dir='ltr'><strong>diceret</strong></span> <span class='ocrx_word' id='word_1_712' title='bbox 3290 2479 3305 2517; x_wconf 90' lang='lat'><strong>:</strong></span> <span class='ocrx_word' id='word_1_713' title='bbox 3345 2461 3443 2520; x_wconf 86' lang='lat' dir='ltr'><strong>Sic</strong></span> <span class='ocrx_word' id='word_1_714' title='bbox 3479 2461 3710 2519; x_wconf 79' lang='lat' dir='ltr'><strong>Ecclesia</strong></span> 
     </span>
    </p>
   </div>
   <div class='ocr_carea' id='block_1_86' title="bbox 2112 2550 3709 2627">
    <p class='ocr_par' dir='ltr' id='par_1_86' title="bbox 2112 2550 3709 2627">
     <span class='ocr_line' id='line_1_86' title="bbox 2112 2550 3709 2627; baseline 0.003 -20"><span class='ocrx_word' id='word_1_715' title='bbox 2112 2550 2320 2608; x_wconf 86' lang='lat' dir='ltr'><strong>Domini</strong></span> <span class='ocrx_word' id='word_1_716' title='bbox 2343 2553 2455 2609; x_wconf 82' lang='lat' dir='ltr'><strong>luce</strong></span> <span class='ocrx_word' id='word_1_717' title='bbox 2479 2556 2718 2625; x_wconf 81' lang='lat' dir='ltr'><strong>perfusa,</strong></span> <span class='ocrx_word' id='word_1_718' title='bbox 2746 2570 2837 2623; x_wconf 87' lang='lat' dir='ltr'><strong>per</strong></span> <span class='ocrx_word' id='word_1_719' title='bbox 2861 2554 3032 2609; x_wconf 86' lang='lat' dir='ltr'><strong>orbem</strong></span> <span class='ocrx_word' id='word_1_720' title='bbox 3054 2561 3217 2609; x_wconf 79' lang='lat' dir='ltr'><strong>totum</strong></span> <span class='ocrx_word' id='word_1_721' title='bbox 3246 2553 3422 2611; x_wconf 83' lang='lat' dir='ltr'><strong>radios</strong></span> <span class='ocrx_word' id='word_1_722' title='bbox 3444 2570 3572 2610; x_wconf 72' lang='lat' dir='ltr'><strong>suos</strong></span> <span class='ocrx_word' id='word_1_723' title='bbox 3594 2571 3709 2627; x_wconf 77' lang='lat' dir='ltr'><strong>por-</strong></span> 
     </span>
    </p>
   </div>
   <div class='ocr_carea' id='block_1_87' title="bbox 2110 2644 3708 2718">
    <p class='ocr_par' dir='ltr' id='par_1_87' title="bbox 2110 2644 3708 2718">
     <span class='ocr_line' id='line_1_87' title="bbox 2110 2644 3708 2718; baseline 0.003 -20"><span class='ocrx_word' id='word_1_724' title='bbox 2110 2644 2241 2700; x_wconf 72' lang='lat' dir='ltr'><strong>rexit</strong></span> <span class='ocrx_word' id='word_1_725' title='bbox 2262 2684 2277 2708; x_wconf 90' lang='lat'><strong>,</strong></span> <span class='ocrx_word' id='word_1_726' title='bbox 2307 2659 2477 2699; x_wconf 88' lang='lat' dir='ltr'><strong>ramos</strong></span> <span class='ocrx_word' id='word_1_727' title='bbox 2504 2660 2623 2700; x_wconf 89' lang='lat' dir='ltr'><strong>suos</strong></span> <span class='ocrx_word' id='word_1_728' title='bbox 2662 2660 2754 2715; x_wconf 89' lang='lat' dir='ltr'><strong>per</strong></span> <span class='ocrx_word' id='word_1_729' title='bbox 2776 2644 3058 2701; x_wconf 80' lang='lat' dir='ltr'><strong>uniuersam</strong></span> <span class='ocrx_word' id='word_1_730' title='bbox 3083 2653 3268 2700; x_wconf 84' lang='lat' dir='ltr'><strong>terram</strong></span> <span class='ocrx_word' id='word_1_731' title='bbox 3294 2645 3447 2718; x_wconf 83' lang='lat' dir='ltr'><strong>copia</strong></span> <span class='ocrx_word' id='word_1_732' title='bbox 3469 2647 3708 2702; x_wconf 73' lang='lat' dir='ltr'><strong>ubertatis</strong></span> 
     </span>
    </p>
   </div>
   <div class='ocr_carea' id='block_1_88' title="bbox 2109 2736 3708 2810">
    <p class='ocr_par' dir='ltr' id='par_1_88' title="bbox 2109 2736 3708 2810">
     <span class='ocr_line' id='line_1_88' title="bbox 2109 2736 3708 2810; baseline 0.002 -17"><span class='ocrx_word' id='word_1_733' title='bbox 2109 2737 2333 2793; x_wconf 81' lang='lat' dir='ltr'><strong>ea&#39;tendit</strong></span> <span class='ocrx_word' id='word_1_734' title='bbox 2364 2736 2501 2810; x_wconf 86' lang='lat' dir='ltr'><strong>(Lib.</strong></span> <span class='ocrx_word' id='word_1_735' title='bbox 2532 2737 2596 2794; x_wconf 87' lang='lat' dir='ltr'><strong>de</strong></span> <span class='ocrx_word' id='word_1_736' title='bbox 2621 2736 2962 2807; x_wconf 80' lang='lat' dir='ltr'><strong>Simplicitate</strong></span> <span class='ocrx_word' id='word_1_737' title='bbox 2988 2737 3352 2807; x_wconf 74' lang='lat' dir='ltr'><strong>Priclatorum,</strong></span> <span class='ocrx_word' id='word_1_738' title='bbox 3377 2756 3470 2796; x_wconf 74' lang='lat' dir='ltr'><strong>seu</strong></span> <span class='ocrx_word' id='word_1_739' title='bbox 3496 2740 3565 2796; x_wconf 85' lang='lat' dir='ltr'><strong>de</strong></span> <span class='ocrx_word' id='word_1_740' title='bbox 3586 2740 3708 2796; x_wconf 86' lang='lat' dir='ltr'><strong>Uni-</strong></span> 
     </span>
    </p>
   </div>
   <div class='ocr_carea' id='block_1_89' title="bbox 2111 2829 3705 2904">
    <p class='ocr_par' dir='ltr' id='par_1_89' title="bbox 2111 2829 3705 2904">
     <span class='ocr_line' id='line_1_89' title="bbox 2111 2829 3705 2904; baseline 0.004 -20"><span class='ocrx_word' id='word_1_741' title='bbox 2111 2840 2214 2886; x_wconf 88' lang='lat' dir='ltr'><strong>tate</strong></span> <span class='ocrx_word' id='word_1_742' title='bbox 2243 2829 2530 2904; x_wconf 81' lang='lat' dir='ltr'><strong>Ecclesite).</strong></span> <span class='ocrx_word' id='word_1_743' title='bbox 2565 2830 2736 2900; x_wconf 86' lang='lat' dir='ltr'><strong>Huic,</strong></span> <span class='ocrx_word' id='word_1_744' title='bbox 2775 2830 3063 2897; x_wconf 83' lang='lat' dir='ltr'><strong>Cresconi,</strong></span> <span class='ocrx_word' id='word_1_745' title='bbox 3091 2840 3253 2888; x_wconf 64' lang='lat' dir='ltr'><strong>tanta</strong></span> <span class='ocrx_word' id='word_1_746' title='bbox 3291 2832 3705 2890; x_wconf 61' lang='lat' dir='ltr'><strong>manikstationi</strong></span> 
     </span>
    </p>
   </div>
   <div class='ocr_carea' id='block_1_90' title="bbox 2110 2921 3705 2994">
    <p class='ocr_par' dir='ltr' id='par_1_90' title="bbox 2110 2921 3705 2994">
     <span class='ocr_line' id='line_1_90' title="bbox 2110 2921 3705 2994; baseline 0.003 -17"><span class='ocrx_word' id='word_1_747' title='bbox 2110 2921 2414 2979; x_wconf 88' lang='lat' dir='ltr'><strong>divinorum</strong></span> <span class='ocrx_word' id='word_1_748' title='bbox 2440 2922 2776 2994; x_wconf 87' lang='lat' dir='ltr'><strong>eloquiorum</strong></span> <span class='ocrx_word' id='word_1_749' title='bbox 2801 2923 3145 2981; x_wconf 86' lang='lat' dir='ltr'><strong>calumniaris</strong></span> <span class='ocrx_word' id='word_1_750' title='bbox 3163 2966 3178 2991; x_wconf 93' lang='lat'><strong>,</strong></span> <span class='ocrx_word' id='word_1_751' title='bbox 3206 2924 3468 2982; x_wconf 85' lang='lat' dir='ltr'><strong>intuendo</strong></span> <span class='ocrx_word' id='word_1_752' title='bbox 3495 2926 3705 2982; x_wconf 80' lang='lat' dir='ltr'><strong>residua</strong></span> 
     </span>
    </p>
   </div>
   <div class='ocr_carea' id='block_1_91' title="bbox 2108 3014 3704 3090">
    <p class='ocr_par' dir='ltr' id='par_1_91' title="bbox 2108 3014 3704 3090">
     <span class='ocr_line' id='line_1_91' title="bbox 2108 3014 3704 3090; baseline 0.004 -22"><span class='ocrx_word' id='word_1_753' title='bbox 2108 3014 2351 3086; x_wconf 89' lang='lat' dir='ltr'><strong>gentium</strong></span> <span class='ocrx_word' id='word_1_754' title='bbox 2369 3056 2384 3080; x_wconf 92' lang='lat'><strong>,</strong></span> <span class='ocrx_word' id='word_1_755' title='bbox 2419 3030 2540 3086; x_wconf 68' lang='lat' dir='ltr'><strong>qua:</strong></span> <span class='ocrx_word' id='word_1_756' title='bbox 2565 3014 2801 3072; x_wconf 91' lang='lat' dir='ltr'><strong>nondum</strong></span> <span class='ocrx_word' id='word_1_757' title='bbox 2828 3017 3109 3088; x_wconf 85' lang='lat' dir='ltr'><strong>occupavit</strong></span> <span class='ocrx_word' id='word_1_758' title='bbox 3126 3016 3400 3085; x_wconf 79' lang='lat' dir='ltr'><strong>Ecclesia;</strong></span> <span class='ocrx_word' id='word_1_759' title='bbox 3426 3026 3487 3074; x_wconf 90' lang='lat' dir='ltr'><strong>et</strong></span> <span class='ocrx_word' id='word_1_760' title='bbox 3513 3027 3704 3090; x_wconf 85' lang='lat' dir='ltr'><strong>quanta</strong></span> 
     </span>
    </p>
   </div>
   <div class='ocr_carea' id='block_1_92' title="bbox 2110 3107 3704 3183">
    <p class='ocr_par' dir='ltr' id='par_1_92' title="bbox 2110 3107 3704 3183">
     <span class='ocr_line' id='line_1_92' title="bbox 2110 3107 3704 3183; baseline 0.006 -23"><span class='ocrx_word' id='word_1_761' title='bbox 2110 3108 2482 3176; x_wconf 86' lang='lat' dir='ltr'><strong>occupaverit,</strong></span> <span class='ocrx_word' id='word_1_762' title='bbox 2511 3107 2654 3164; x_wconf 90' lang='lat' dir='ltr'><strong>unde</strong></span> <span class='ocrx_word' id='word_1_763' title='bbox 2693 3107 2762 3164; x_wconf 89' lang='lat' dir='ltr'><strong>ad</strong></span> <span class='ocrx_word' id='word_1_764' title='bbox 2805 3109 3020 3167; x_wconf 84' lang='lat' dir='ltr'><strong>residua</strong></span> <span class='ocrx_word' id='word_1_765' title='bbox 3061 3110 3289 3168; x_wconf 86' lang='lat' dir='ltr'><strong>tenenda</strong></span> <span class='ocrx_word' id='word_1_766' title='bbox 3327 3112 3576 3183; x_wconf 78' lang='lat' dir='ltr'><strong>quotidie</strong></span> <span class='ocrx_word' id='word_1_767' title='bbox 3604 3113 3704 3170; x_wconf 77' lang='lat' dir='ltr'><strong>dil-</strong></span> 
     </span>
    </p>
   </div>
   <div class='ocr_carea' id='block_1_93' title="bbox 2111 3199 3705 3277">
    <p class='ocr_par' dir='ltr' id='par_1_93' title="bbox 2111 3199 3705 3277">
     <span class='ocr_line' id='line_1_93' title="bbox 2111 3199 3705 3277; baseline 0.007 -24"><span class='ocrx_word' id='word_1_768' title='bbox 2111 3199 2366 3269; x_wconf 82' lang='lat' dir='ltr'><strong>lunditnr,</strong></span> <span class='ocrx_word' id='word_1_769' title='bbox 2398 3214 2505 3255; x_wconf 89' lang='lat' dir='ltr'><strong>non</strong></span> <span class='ocrx_word' id='word_1_770' title='bbox 2534 3199 2785 3257; x_wconf 88' lang='lat' dir='ltr'><strong>attendis.</strong></span> <span class='ocrx_word' id='word_1_771' title='bbox 2816 3200 3098 3272; x_wconf 85' lang='lat' dir='ltr'><strong>Quomodo</strong></span> <span class='ocrx_word' id='word_1_772' title='bbox 3125 3203 3271 3260; x_wconf 89' lang='lat' dir='ltr'><strong>enim</strong></span> <span class='ocrx_word' id='word_1_773' title='bbox 3302 3205 3705 3277; x_wconf 72' lang='lat' dir='ltr'><strong>prophetiam</strong></span> 
     </span>
    </p>
   </div>
   <div class='ocr_carea' id='block_1_94' title="bbox 2110 3290 3704 3369">
    <p class='ocr_par' dir='ltr' id='par_1_94' title="bbox 2110 3290 3704 3369">
     <span class='ocr_line' id='line_1_94' title="bbox 2110 3290 3704 3369; baseline 0.006 -24"><span class='ocrx_word' id='word_1_774' title='bbox 2110 3290 2330 3347; x_wconf 83' lang='lat' dir='ltr'><strong>istarum</strong></span> <span class='ocrx_word' id='word_1_775' title='bbox 2362 3290 2591 3348; x_wconf 79' lang='lat' dir='ltr'><strong>futuram</strong></span> <span class='ocrx_word' id='word_1_776' title='bbox 2619 3293 3002 3362; x_wconf 74' lang='lat' dir='ltr'><strong>perfectionem</strong></span> <span class='ocrx_word' id='word_1_777' title='bbox 3029 3308 3137 3350; x_wconf 88' lang='lat' dir='ltr'><strong>non</strong></span> <span class='ocrx_word' id='word_1_778' title='bbox 3163 3309 3325 3367; x_wconf 84' lang='lat' dir='ltr'><strong>negas</strong></span> <span class='ocrx_word' id='word_1_779' title='bbox 3343 3297 3475 3369; x_wconf 67' lang='grc' dir='ltr'>,ιιιιί</span> <span class='ocrx_word' id='word_1_780' title='bbox 3503 3307 3704 3354; x_wconf 85' lang='lat' dir='ltr'><strong>tantum</strong></span> 
     </span>
    </p>
   </div>
   <div class='ocr_carea' id='block_1_95' title="bbox 2113 3383 3705 3460">
    <p class='ocr_par' dir='ltr' id='par_1_95' title="bbox 2113 3383 3705 3460">
     <span class='ocr_line' id='line_1_95' title="bbox 2113 3383 3705 3460; baseline 0.006 -22"><span class='ocrx_word' id='word_1_781' title='bbox 2113 3393 2423 3452; x_wconf 86' lang='lat' dir='ltr'><strong>provectum</strong></span> <span class='ocrx_word' id='word_1_782' title='bbox 2447 3424 2463 3449; x_wconf 91' lang='lat'><strong>,</strong></span> <span class='ocrx_word' id='word_1_783' title='bbox 2504 3384 2589 3439; x_wconf 91' lang='lat' dir='ltr'><strong>cui</strong></span> <span class='ocrx_word' id='word_1_784' title='bbox 2631 3383 2860 3441; x_wconf 86' lang='lat' dir='ltr'><strong>debetur</strong></span> <span class='ocrx_word' id='word_1_785' title='bbox 2896 3385 3011 3457; x_wconf 84' lang='lat' dir='ltr'><strong>ipsa</strong></span> <span class='ocrx_word' id='word_1_786' title='bbox 3051 3386 3344 3459; x_wconf 73' lang='lat' dir='ltr'><strong>perfectio,</strong></span> <span class='ocrx_word' id='word_1_787' title='bbox 3369 3402 3577 3460; x_wconf 81' lang='lat' dir='ltr'><strong>negare</strong></span> <span class='ocrx_word' id='word_1_788' title='bbox 3602 3405 3705 3447; x_wconf 75' lang='lat' dir='ltr'><strong>non</strong></span> 
     </span>
    </p>
   </div>
   <div class='ocr_carea' id='block_1_96' title="bbox 2109 3474 3703 3553">
    <p class='ocr_par' dir='ltr' id='par_1_96' title="bbox 2109 3474 3703 3553">
     <span class='ocr_line' id='line_1_96' title="bbox 2109 3474 3703 3553; baseline 0.007 -25"><span class='ocrx_word' id='word_1_789' title='bbox 2109 3474 2321 3530; x_wconf 87' lang='lat' dir='ltr'><strong>dubitas</strong></span> <span class='ocrx_word' id='word_1_790' title='bbox 2337 3517 2352 3543; x_wconf 94' lang='lat'><strong>,</strong></span> <span class='ocrx_word' id='word_1_791' title='bbox 2383 3490 2488 3530; x_wconf 91' lang='lat' dir='ltr'><strong>non</strong></span> <span class='ocrx_word' id='word_1_792' title='bbox 2513 3474 2635 3531; x_wconf 91' lang='lat' dir='ltr'><strong>dico</strong></span> <span class='ocrx_word' id='word_1_793' title='bbox 2661 3474 2922 3533; x_wconf 88' lang='lat' dir='ltr'><strong>adversus</strong></span> <span class='ocrx_word' id='word_1_794' title='bbox 2949 3492 3109 3535; x_wconf 83' lang='lat' dir='ltr'><strong>voces</strong></span> <span class='ocrx_word' id='word_1_795' title='bbox 3130 3477 3343 3536; x_wconf 89' lang='lat' dir='ltr'><strong>divinas</strong></span> <span class='ocrx_word' id='word_1_796' title='bbox 3358 3518 3376 3548; x_wconf 88' lang='lat'><strong>,</strong></span> <span class='ocrx_word' id='word_1_797' title='bbox 3400 3479 3499 3537; x_wconf 86' lang='lat' dir='ltr'><strong>sed</strong></span> <span class='ocrx_word' id='word_1_798' title='bbox 3520 3482 3632 3553; x_wconf 83' lang='lat' dir='ltr'><strong>jam</strong></span> <span class='ocrx_word' id='word_1_799' title='bbox 3653 3491 3703 3539; x_wconf 84' lang='lat' dir='ltr'><strong>et</strong></span> 
     </span>
    </p>
   </div>
   <div class='ocr_carea' id='block_1_97' title="bbox 2110 3565 3700 3642">
    <p class='ocr_par' dir='ltr' id='par_1_97' title="bbox 2110 3565 3700 3642">
     <span class='ocr_line' id='line_1_97' title="bbox 2110 3565 3700 3642; baseline 0.006 -22"><span class='ocrx_word' id='word_1_800' title='bbox 2110 3565 2368 3622; x_wconf 87' lang='lat' dir='ltr'><strong>adversus</strong></span> <span class='ocrx_word' id='word_1_801' title='bbox 2398 3566 2555 3621; x_wconf 84' lang='lat' dir='ltr'><strong>tuas?</strong></span> <span class='ocrx_word' id='word_1_802' title='bbox 2579 3565 2712 3623; x_wconf 87' lang='lat' dir='ltr'><strong>Nam</strong></span> <span class='ocrx_word' id='word_1_803' title='bbox 2736 3575 2792 3623; x_wconf 91' lang='lat' dir='ltr'><strong>et</strong></span> <span class='ocrx_word' id='word_1_804' title='bbox 2811 3567 2880 3624; x_wconf 89' lang='lat' dir='ltr'><strong>de</strong></span> <span class='ocrx_word' id='word_1_805' title='bbox 2906 3576 2958 3625; x_wconf 87' lang='lat' dir='ltr'><strong>te</strong></span> <span class='ocrx_word' id='word_1_806' title='bbox 2983 3569 3037 3625; x_wconf 87' lang='lat' dir='ltr'><strong>vi</strong></span> <span class='ocrx_word' id='word_1_807' title='bbox 3062 3583 3255 3642; x_wconf 82' lang='lat' dir='ltr'><strong>magna</strong></span> <span class='ocrx_word' id='word_1_808' title='bbox 3279 3569 3450 3642; x_wconf 84' lang='lat' dir='ltr'><strong>ipsius</strong></span> <span class='ocrx_word' id='word_1_809' title='bbox 3469 3572 3700 3629; x_wconf 82' lang='lat' dir='ltr'><strong>veritatis</strong></span> 
     </span>
    </p>
   </div>
   <div class='ocr_carea' id='block_1_98' title="bbox 2110 3658 3699 3735">
    <p class='ocr_par' dir='ltr' id='par_1_98' title="bbox 2110 3658 3699 3735">
     <span class='ocr_line' id='line_1_98' title="bbox 2110 3658 3699 3735; baseline 0.006 -21"><span class='ocrx_word' id='word_1_810' title='bbox 2110 3672 2427 3728; x_wconf 80' lang='lat' dir='ltr'><strong>expressum</strong></span> <span class='ocrx_word' id='word_1_811' title='bbox 2452 3667 2555 3725; x_wconf 85' lang='lat' dir='ltr'><strong>est,</strong></span> <span class='ocrx_word' id='word_1_812' title='bbox 2584 3658 2870 3735; x_wconf 83' lang='lat' dir='ltr'><strong>utdiceres</strong></span> <span class='ocrx_word' id='word_1_813' title='bbox 2896 3661 3165 3727; x_wconf 87' lang='lat' dir='ltr'><strong>nesciens,</strong></span> <span class='ocrx_word' id='word_1_814' title='bbox 3189 3662 3268 3719; x_wconf 91' lang='lat' dir='ltr'><strong>vel</strong></span> <span class='ocrx_word' id='word_1_815' title='bbox 3297 3677 3404 3721; x_wconf 86' lang='lat' dir='ltr'><strong>non</strong></span> <span class='ocrx_word' id='word_1_816' title='bbox 3424 3665 3699 3729; x_wconf 73' lang='lat' dir='ltr'><strong>attendens</strong></span> 
     </span>
    </p>
   </div>
   <div class='ocr_carea' id='block_1_99' title="bbox 2111 3749 3699 3831">
    <p class='ocr_par' dir='ltr' id='par_1_99' title="bbox 2111 3749 3699 3831">
     <span class='ocr_line' id='line_1_99' title="bbox 2111 3749 3699 3831; baseline 0.005 -27"><span class='ocrx_word' id='word_1_817' title='bbox 2111 3749 2240 3820; x_wconf 86' lang='lat' dir='ltr'><strong>quid</strong></span> <span class='ocrx_word' id='word_1_818' title='bbox 2278 3749 2512 3818; x_wconf 80' lang='lat' dir='ltr'><strong>dixeris,</strong></span> <span class='ocrx_word' id='word_1_819' title='bbox 2541 3750 2685 3823; x_wconf 88' lang='lat' dir='ltr'><strong>quod</strong></span> <span class='ocrx_word' id='word_1_820' title='bbox 2726 3752 2782 3807; x_wconf 86' lang='lat' dir='ltr'><strong>in</strong></span> <span class='ocrx_word' id='word_1_821' title='bbox 2816 3750 3161 3809; x_wconf 80' lang='lat' dir='ltr'><strong>Christianum</strong></span> <span class='ocrx_word' id='word_1_822' title='bbox 3198 3771 3385 3810; x_wconf 86' lang='lat' dir='ltr'><strong>nomen</strong></span> <span class='ocrx_word' id='word_1_823' title='bbox 3412 3765 3547 3812; x_wconf 82' lang='lat' dir='ltr'><strong>tatus</strong></span> <span class='ocrx_word' id='word_1_824' title='bbox 3580 3774 3699 3831; x_wconf 68' lang='lat' dir='ltr'><strong>quo-</strong></span> 
     </span>
    </p>
   </div>
   <div class='ocr_carea' id='block_1_100' title="bbox 2112 3843 3698 3925">
    <p class='ocr_par' dir='ltr' id='par_1_100' title="bbox 2112 3843 3698 3925">
     <span class='ocr_line' id='line_1_100' title="bbox 2112 3843 3698 3925; baseline 0.008 -28"><span class='ocrx_word' id='word_1_825' title='bbox 2112 3843 2235 3898; x_wconf 88' lang='lat' dir='ltr'><strong>tidie</strong></span> <span class='ocrx_word' id='word_1_826' title='bbox 2270 3845 2480 3899; x_wconf 80' lang='lat' dir='ltr'><strong>uertitur</strong></span> <span class='ocrx_word' id='word_1_827' title='bbox 2507 3844 2743 3901; x_wconf 87' lang='lat' dir='ltr'><strong>mundus.</strong></span> <span class='ocrx_word' id='word_1_828' title='bbox 2783 3846 2892 3902; x_wconf 91' lang='lat' dir='ltr'><strong>Cur</strong></span> <span class='ocrx_word' id='word_1_829' title='bbox 2917 3861 3048 3919; x_wconf 89' lang='lat' dir='ltr'><strong>ergo</strong></span> <span class='ocrx_word' id='word_1_830' title='bbox 3089 3846 3216 3905; x_wconf 84' lang='lat' dir='ltr'><strong>huic</strong></span> <span class='ocrx_word' id='word_1_831' title='bbox 3252 3848 3550 3921; x_wconf 72' lang='lat' dir='ltr'><strong>Ecclesiae,</strong></span> <span class='ocrx_word' id='word_1_832' title='bbox 3588 3867 3698 3925; x_wconf 70' lang='lat' dir='ltr'><strong>qua</strong></span> 
     </span>
    </p>
   </div>
   <div class='ocr_carea' id='block_1_101' title="bbox 2111 3937 3697 4009">
    <p class='ocr_par' dir='ltr' id='par_1_101' title="bbox 2111 3937 3697 4009">
     <span class='ocr_line' id='line_1_101' title="bbox 2111 3937 3697 4009; baseline 0.006 -18"><span class='ocrx_word' id='word_1_833' title='bbox 2111 3945 2226 3992; x_wconf 91' lang='lat' dir='ltr'><strong>toto</strong></span> <span class='ocrx_word' id='word_1_834' title='bbox 2273 3937 2474 3994; x_wconf 89' lang='lat' dir='ltr'><strong>mundo</strong></span> <span class='ocrx_word' id='word_1_835' title='bbox 2519 3938 2812 3996; x_wconf 88' lang='lat' dir='ltr'><strong>crescendo</strong></span> <span class='ocrx_word' id='word_1_836' title='bbox 2858 3939 3143 4009; x_wconf 90' lang='lat' dir='ltr'><strong>dilatatur,</strong></span> <span class='ocrx_word' id='word_1_837' title='bbox 3192 3958 3301 3998; x_wconf 84' lang='lat' dir='ltr'><strong>non</strong></span> <span class='ocrx_word' id='word_1_838' title='bbox 3348 3946 3697 4003; x_wconf 73' lang='lat' dir='ltr'><strong>communiat</strong></span> 
     </span>
    </p>
   </div>
   <div class='ocr_carea' id='block_1_102' title="bbox 2111 4033 3692 4108">
    <p class='ocr_par' dir='ltr' id='par_1_102' title="bbox 2111 4033 3692 4108">
     <span class='ocr_line' id='line_1_102' title="bbox 2111 4033 3692 4108; baseline 0.006 -21"><span class='ocrx_word' id='word_1_839' title='bbox 2111 4047 2238 4104; x_wconf 90' lang='lat' dir='ltr'><strong>pars</strong></span> <span class='ocrx_word' id='word_1_840' title='bbox 2265 4033 2494 4089; x_wconf 80' lang='lat' dir='ltr'><strong>Donati?</strong></span> <span class='ocrx_word' id='word_1_841' title='bbox 2530 4033 2791 4091; x_wconf 81' lang='lat' dir='ltr'><strong>Videlicet</strong></span> <span class='ocrx_word' id='word_1_842' title='bbox 2833 4049 2904 4091; x_wconf 90' lang='lat' dir='ltr'><strong>ne</strong></span> <span class='ocrx_word' id='word_1_843' title='bbox 2940 4050 2972 4091; x_wconf 85' lang='lat' dir='ltr'><strong>a</strong></span> <span class='ocrx_word' id='word_1_844' title='bbox 3009 4037 3381 4107; x_wconf 86' lang='lat' dir='ltr'><strong>peccatoribus</strong></span> <span class='ocrx_word' id='word_1_845' title='bbox 3417 4039 3692 4108; x_wconf 84' lang='lat' dir='ltr'><strong>polluatur.</strong></span> 
     </span>
    </p>
   </div>
   <div class='ocr_carea' id='block_1_103' title="bbox 2113 4125 3692 4200">
    <p class='ocr_par' dir='ltr' id='par_1_103' title="bbox 2113 4125 3692 4200">
     <span class='ocr_line' id='line_1_103' title="bbox 2113 4125 3692 4200; baseline 0.004 -18"><span class='ocrx_word' id='word_1_846' title='bbox 2113 4125 2182 4182; x_wconf 87' lang='lat' dir='ltr'><strong>Et</strong></span> <span class='ocrx_word' id='word_1_847' title='bbox 2206 4126 2292 4181; x_wconf 89' lang='lat' dir='ltr'><strong>ubi</strong></span> <span class='ocrx_word' id='word_1_848' title='bbox 2321 4136 2404 4183; x_wconf 89' lang='lat' dir='ltr'><strong>est</strong></span> <span class='ocrx_word' id='word_1_849' title='bbox 2427 4127 2572 4198; x_wconf 90' lang='lat' dir='ltr'><strong>quod</strong></span> <span class='ocrx_word' id='word_1_850' title='bbox 2600 4142 2704 4182; x_wconf 91' lang='lat' dir='ltr'><strong>non</strong></span> <span class='ocrx_word' id='word_1_851' title='bbox 2734 4127 2888 4184; x_wconf 89' lang='lat' dir='ltr'><strong>istam</strong></span> <span class='ocrx_word' id='word_1_852' title='bbox 2915 4137 3169 4196; x_wconf 84' lang='lat' dir='ltr'><strong>vestram,</strong></span> <span class='ocrx_word' id='word_1_853' title='bbox 3191 4144 3311 4200; x_wconf 67' lang='lat' dir='ltr'><strong>qua:</strong></span> <span class='ocrx_word' id='word_1_854' title='bbox 3340 4130 3392 4186; x_wconf 89' lang='lat' dir='ltr'><strong>in</strong></span> <span class='ocrx_word' id='word_1_855' title='bbox 3414 4129 3593 4187; x_wconf 77' lang='lat' dir='ltr'><strong>Africa</strong></span> <span class='ocrx_word' id='word_1_856' title='bbox 3618 4147 3692 4189; x_wconf 86' lang='lat' dir='ltr'><strong>rc-</strong></span> 
     </span>
    </p>
   </div>
   <div class='ocr_carea' id='block_1_104' title="bbox 2112 4217 3690 4286">
    <p class='ocr_par' dir='ltr' id='par_1_104' title="bbox 2112 4217 3690 4286">
     <span class='ocr_line' id='line_1_104' title="bbox 2112 4217 3690 4286; baseline 0.003 -12"><span class='ocrx_word' id='word_1_857' title='bbox 2112 4232 2340 4274; x_wconf 86' lang='lat' dir='ltr'><strong>manens</strong></span> <span class='ocrx_word' id='word_1_858' title='bbox 2376 4217 2495 4274; x_wconf 90' lang='lat' dir='ltr'><strong>orbi</strong></span> <span class='ocrx_word' id='word_1_859' title='bbox 2536 4226 2800 4276; x_wconf 89' lang='lat' dir='ltr'><strong>terrarum</strong></span> <span class='ocrx_word' id='word_1_860' title='bbox 2833 4219 3217 4286; x_wconf 86' lang='lat' dir='ltr'><strong>calumniatur,</strong></span> <span class='ocrx_word' id='word_1_861' title='bbox 3244 4230 3337 4276; x_wconf 91' lang='lat' dir='ltr'><strong>aut</strong></span> <span class='ocrx_word' id='word_1_862' title='bbox 3359 4238 3429 4278; x_wconf 79' lang='lat' dir='ltr'><strong>ex</strong></span> <span class='ocrx_word' id='word_1_863' title='bbox 3450 4223 3625 4279; x_wconf 80' lang='lat' dir='ltr'><strong>Africa</strong></span> <span class='ocrx_word' id='word_1_864' title='bbox 3647 4225 3690 4279; x_wconf 84' lang='lat' dir='ltr'><strong>in</strong></span> 
     </span>
    </p>
   </div>
   <div class='ocr_carea' id='block_1_105' title="bbox 2111 4309 3692 4384">
    <p class='ocr_par' dir='ltr' id='par_1_105' title="bbox 2111 4309 3692 4384">
     <span class='ocr_line' id='line_1_105' title="bbox 2111 4309 3692 4384; baseline 0.006 -22"><span class='ocrx_word' id='word_1_865' title='bbox 2111 4309 2298 4379; x_wconf 82' lang='lat' dir='ltr'><strong>paucis</strong></span> <span class='ocrx_word' id='word_1_866' title='bbox 2328 4309 2615 4366; x_wconf 87' lang='lat' dir='ltr'><strong>latentibus</strong></span> <span class='ocrx_word' id='word_1_867' title='bbox 2644 4310 3018 4382; x_wconf 88' lang='lat' dir='ltr'><strong>peregrinatur</strong></span> <span class='ocrx_word' id='word_1_868' title='bbox 3035 4353 3051 4375; x_wconf 93' lang='lat'><strong>,</strong></span> <span class='ocrx_word' id='word_1_869' title='bbox 3081 4311 3178 4369; x_wconf 85' lang='lat' dir='ltr'><strong>sed</strong></span> <span class='ocrx_word' id='word_1_870' title='bbox 3207 4312 3352 4368; x_wconf 87' lang='lat' dir='ltr'><strong>illam</strong></span> <span class='ocrx_word' id='word_1_871' title='bbox 3379 4329 3503 4384; x_wconf 64' lang='lat' dir='ltr'><strong>quae</strong></span> <span class='ocrx_word' id='word_1_872' title='bbox 3528 4330 3692 4371; x_wconf 83' lang='lat' dir='ltr'><strong>ramos</strong></span> 
     </span>
    </p>
   </div>
   <div class='ocr_carea' id='block_1_106' title="bbox 2111 4401 3687 4475">
    <p class='ocr_par' dir='ltr' id='par_1_106' title="bbox 2111 4401 3687 4475">
     <span class='ocr_line' id='line_1_106' title="bbox 2111 4401 3687 4475; baseline 0.005 -19"><span class='ocrx_word' id='word_1_873' title='bbox 2111 4414 2240 4456; x_wconf 87' lang='lat' dir='ltr'><strong>suos</strong></span> <span class='ocrx_word' id='word_1_874' title='bbox 2274 4416 2371 4472; x_wconf 90' lang='lat' dir='ltr'><strong>per</strong></span> <span class='ocrx_word' id='word_1_875' title='bbox 2407 4401 2710 4457; x_wconf 89' lang='lat' dir='ltr'><strong>universam</strong></span> <span class='ocrx_word' id='word_1_876' title='bbox 2751 4410 2949 4459; x_wconf 87' lang='lat' dir='ltr'><strong>terram</strong></span> <span class='ocrx_word' id='word_1_877' title='bbox 2977 4404 3131 4475; x_wconf 90' lang='lat' dir='ltr'><strong>copia</strong></span> <span class='ocrx_word' id='word_1_878' title='bbox 3160 4404 3418 4461; x_wconf 86' lang='lat' dir='ltr'><strong>ubertatis</strong></span> <span class='ocrx_word' id='word_1_879' title='bbox 3445 4407 3687 4475; x_wconf 80' lang='lat' dir='ltr'><strong>extendit.</strong></span> 
     </span>
    </p>
   </div>
   <div class='ocr_carea' id='block_1_107' title="bbox 2111 4493 3683 4568">
    <p class='ocr_par' dir='ltr' id='par_1_107' title="bbox 2111 4493 3683 4568">
     <span class='ocr_line' id='line_1_107' title="bbox 2111 4493 3683 4568; baseline 0.003 -19"><span class='ocrx_word' id='word_1_880' title='bbox 2111 4493 2283 4550; x_wconf 88' lang='lat' dir='ltr'><strong>noluit</strong></span> <span class='ocrx_word' id='word_1_881' title='bbox 2304 4493 2481 4551; x_wconf 90' lang='lat' dir='ltr'><strong>deseri</strong></span> <span class='ocrx_word' id='word_1_882' title='bbox 2507 4493 2838 4567; x_wconf 87' lang='lat' dir='ltr'><strong>Cyprianus,</strong></span> <span class='ocrx_word' id='word_1_883' title='bbox 2866 4494 3074 4552; x_wconf 87' lang='lat' dir='ltr'><strong>etiamsi</strong></span> <span class='ocrx_word' id='word_1_884' title='bbox 3103 4496 3156 4551; x_wconf 89' lang='lat' dir='ltr'><strong>in</strong></span> <span class='ocrx_word' id='word_1_885' title='bbox 3180 4495 3299 4568; x_wconf 86' lang='lat' dir='ltr'><strong>ejus</strong></span> <span class='ocrx_word' id='word_1_886' title='bbox 3319 4498 3683 4554; x_wconf 82' lang='lat' dir='ltr'><strong>communione</strong></span> 
     </span>
    </p>
   </div>
   <div class='ocr_carea' id='block_1_108' title="bbox 2113 4586 3685 4659">
    <p class='ocr_par' dir='ltr' id='par_1_108' title="bbox 2113 4586 3685 4659">
     <span class='ocr_line' id='line_1_108' title="bbox 2113 4586 3685 4659; baseline 0.003 -18"><span class='ocrx_word' id='word_1_887' title='bbox 2113 4599 2221 4641; x_wconf 90' lang='lat' dir='ltr'><strong>non</strong></span> <span class='ocrx_word' id='word_1_888' title='bbox 2245 4594 2448 4640; x_wconf 89' lang='lat' dir='ltr'><strong>tantum</strong></span> <span class='ocrx_word' id='word_1_889' title='bbox 2472 4586 2598 4652; x_wconf 91' lang='lat' dir='ltr'><strong>sint,</strong></span> <span class='ocrx_word' id='word_1_890' title='bbox 2626 4602 2807 4642; x_wconf 88' lang='lat' dir='ltr'><strong>verum</strong></span> <span class='ocrx_word' id='word_1_891' title='bbox 2829 4595 3124 4659; x_wconf 87' lang='lat' dir='ltr'><strong>appareant</strong></span> <span class='ocrx_word' id='word_1_892' title='bbox 3142 4596 3475 4658; x_wconf 86' lang='lat' dir='ltr'><strong>peccatores,</strong></span> <span class='ocrx_word' id='word_1_893' title='bbox 3497 4589 3685 4658; x_wconf 81' lang='lat' dir='ltr'><strong>dicens,</strong></span> 
     </span>
    </p>
   </div>
   <div class='ocr_carea' id='block_1_109' title="bbox 2114 4676 3686 4749">
    <p class='ocr_par' dir='ltr' id='par_1_109' title="bbox 2114 4676 3686 4749">
     <span class='ocr_line' id='line_1_109' title="bbox 2114 4676 3686 4749; baseline 0.004 -16"><span class='ocrx_word' id='word_1_894' title='bbox 2114 4676 2254 4733; x_wconf 85' lang='lat' dir='ltr'><strong>Nam</strong></span> <span class='ocrx_word' id='word_1_895' title='bbox 2292 4679 2386 4734; x_wconf 86' lang='lat' dir='ltr'><strong>etsi</strong></span> <span class='ocrx_word' id='word_1_896' title='bbox 2423 4679 2654 4734; x_wconf 81' lang='lat' dir='ltr'><strong>videntur</strong></span> <span class='ocrx_word' id='word_1_897' title='bbox 2680 4680 2735 4734; x_wconf 86' lang='lat' dir='ltr'><strong>in</strong></span> <span class='ocrx_word' id='word_1_898' title='bbox 2762 4679 2989 4736; x_wconf 85' lang='lat' dir='ltr'><strong>Ecclesia</strong></span> <span class='ocrx_word' id='word_1_899' title='bbox 3016 4696 3123 4737; x_wconf 90' lang='lat' dir='ltr'><strong>esse</strong></span> <span class='ocrx_word' id='word_1_900' title='bbox 3149 4680 3379 4749; x_wconf 75' lang='lat' dir='ltr'><strong>simia,</strong></span> <span class='ocrx_word' id='word_1_901' title='bbox 3407 4697 3511 4738; x_wconf 84' lang='lat' dir='ltr'><strong>non</strong></span> <span class='ocrx_word' id='word_1_902' title='bbox 3536 4692 3686 4738; x_wconf 72' lang='lat' dir='ltr'><strong>MM</strong></span> 
     </span>
    </p>
   </div>
   <div class='ocr_carea' id='block_1_110' title="bbox 2111 4770 3685 4846">
    <p class='ocr_par' dir='ltr' id='par_1_110' title="bbox 2111 4770 3685 4846">
     <span class='ocr_line' id='line_1_110' title="bbox 2111 4770 3685 4846; baseline 0.004 -22"><span class='ocrx_word' id='word_1_903' title='bbox 2111 4770 2347 4837; x_wconf 84' lang='lat' dir='ltr'><strong>impediri</strong></span> <span class='ocrx_word' id='word_1_904' title='bbox 2370 4770 2511 4826; x_wconf 86' lang='lat' dir='ltr'><strong>debet</strong></span> <span class='ocrx_word' id='word_1_905' title='bbox 2538 4771 2614 4826; x_wconf 83' lang='lat' dir='ltr'><strong>vel</strong></span> <span class='ocrx_word' id='word_1_906' title='bbox 2638 4771 2786 4840; x_wconf 78' lang='lat' dir='ltr'><strong>ﬁdes,</strong></span> <span class='ocrx_word' id='word_1_907' title='bbox 2812 4771 2890 4826; x_wconf 78' lang='lat' dir='ltr'><strong>vel</strong></span> <span class='ocrx_word' id='word_1_908' title='bbox 2909 4772 3132 4828; x_wconf 80' lang='lat' dir='ltr'><strong>charitas</strong></span> <span class='ocrx_word' id='word_1_909' title='bbox 3154 4780 3367 4839; x_wconf 85' lang='lat' dir='ltr'><strong>nostra;</strong></span> <span class='ocrx_word' id='word_1_910' title='bbox 3389 4782 3445 4828; x_wconf 80' lang='lat' dir='ltr'><strong>ut</strong></span> <span class='ocrx_word' id='word_1_911' title='bbox 3466 4776 3685 4846; x_wconf 75' lang='lat' dir='ltr'><strong>quonian</strong></span> 
     </span>
    </p>
   </div>
   <div class='ocr_carea' id='block_1_111' title="bbox 2111 4863 3683 4937">
    <p class='ocr_par' dir='ltr' id='par_1_111' title="bbox 2111 4863 3683 4937">
     <span class='ocr_line' id='line_1_111' title="bbox 2111 4863 3683 4937; baseline 0.004 -21"><span class='ocrx_word' id='word_1_912' title='bbox 2111 4864 2310 4918; x_wconf 77' lang='lat' dir='ltr'><strong>zizauia</strong></span> <span class='ocrx_word' id='word_1_913' title='bbox 2336 4880 2444 4919; x_wconf 84' lang='lat' dir='ltr'><strong>esse</strong></span> <span class='ocrx_word' id='word_1_914' title='bbox 2471 4865 2525 4918; x_wconf 87' lang='lat' dir='ltr'><strong>in</strong></span> <span class='ocrx_word' id='word_1_915' title='bbox 2555 4863 2786 4919; x_wconf 85' lang='lat' dir='ltr'><strong>Ecclesia</strong></span> <span class='ocrx_word' id='word_1_916' title='bbox 2813 4866 3064 4920; x_wconf 86' lang='lat' dir='ltr'><strong>cernimus</strong></span> <span class='ocrx_word' id='word_1_917' title='bbox 3083 4905 3099 4931; x_wconf 92' lang='lat'><strong>,</strong></span> <span class='ocrx_word' id='word_1_918' title='bbox 3141 4865 3244 4937; x_wconf 85' lang='lat' dir='ltr'><strong>ipsi</strong></span> <span class='ocrx_word' id='word_1_919' title='bbox 3276 4866 3341 4921; x_wconf 86' lang='lat' dir='ltr'><strong>de</strong></span> <span class='ocrx_word' id='word_1_920' title='bbox 3364 4864 3589 4923; x_wconf 80' lang='lat' dir='ltr'><strong>Ecclesia</strong></span> <span class='ocrx_word' id='word_1_921' title='bbox 3613 4887 3683 4923; x_wconf 89' lang='lat' dir='ltr'><strong>re-</strong></span> 
     </span>
    </p>
   </div>
   <div class='ocr_carea' id='block_1_112' title="bbox 2112 4954 3126 5030">
    <p class='ocr_par' dir='ltr' id='par_1_112' title="bbox 2112 4954 3126 5030">
     <span class='ocr_line' id='line_1_112' title="bbox 2112 4954 3126 5030; baseline 0.002 -21"><span class='ocrx_word' id='word_1_922' title='bbox 2112 4956 2349 5010; x_wconf 87' lang='lat' dir='ltr'><strong>cedamus</strong></span> <span class='ocrx_word' id='word_1_923' title='bbox 2380 4954 2470 5028; x_wconf 87' lang='lat' dir='ltr'><strong>(In</strong></span> <span class='ocrx_word' id='word_1_924' title='bbox 2501 4954 2668 5024; x_wconf 86' lang='lat' dir='ltr'><strong>Epist.</strong></span> <span class='ocrx_word' id='word_1_925' title='bbox 2701 4957 2768 5011; x_wconf 90' lang='lat' dir='ltr'><strong>ad</strong></span> <span class='ocrx_word' id='word_1_926' title='bbox 2795 4955 3126 5030; x_wconf 73' lang='lat' dir='ltr'><strong>Maximum).</strong></span> 
     </span>
    </p>
   </div>
   <div class='ocr_carea' id='block_1_113' title="bbox 2181 5046 3680 5120">
    <p class='ocr_par' dir='ltr' id='par_1_113' title="bbox 2181 5046 3680 5120">
     <span class='ocr_line' id='line_1_113' title="bbox 2181 5046 3680 5120; baseline 0.001 -17"><span class='ocrx_word' id='word_1_927' title='bbox 2181 5047 2411 5104; x_wconf 77' lang='lat' dir='ltr'><strong>CAPUT</strong></span> <span class='ocrx_word' id='word_1_928' title='bbox 2440 5046 2625 5103; x_wconf 76' lang='lat' dir='ltr'><strong>LXVI.</strong></span> <span class='ocrx_word' id='word_1_929' title='bbox 2652 5077 2724 5089; x_wconf 89' lang='lat'><strong>--</strong></span> <span class='ocrx_word' id='word_1_930' title='bbox 2747 5049 2835 5104; x_wconf 73' lang='grc'><strong>74.</strong></span> <span class='ocrx_word' id='word_1_931' title='bbox 2866 5048 2963 5103; x_wconf 85' lang='lat' dir='ltr'><strong>llic</strong></span> <span class='ocrx_word' id='word_1_932' title='bbox 3004 5057 3060 5104; x_wconf 86' lang='lat' dir='ltr'><strong>et</strong></span> <span class='ocrx_word' id='word_1_933' title='bbox 3098 5057 3153 5104; x_wconf 89' lang='lat' dir='ltr'><strong>lu</strong></span> <span class='ocrx_word' id='word_1_934' title='bbox 3194 5048 3497 5120; x_wconf 87' lang='lat' dir='ltr'><strong>responde,</strong></span> <span class='ocrx_word' id='word_1_935' title='bbox 3520 5052 3568 5107; x_wconf 86' lang='lat' dir='ltr'><strong>si</strong></span> <span class='ocrx_word' id='word_1_936' title='bbox 3601 5051 3680 5106; x_wconf 85' lang='lat' dir='ltr'><strong>tibi</strong></span> 
     </span>
    </p>
   </div>
   <div class='ocr_carea' id='block_1_114' title="bbox 2111 5138 3680 5217">
    <p class='ocr_par' dir='ltr' id='par_1_114' title="bbox 2111 5138 3680 5217">
     <span class='ocr_line' id='line_1_114' title="bbox 2111 5138 3680 5217; baseline 0.004 -25"><span class='ocrx_word' id='word_1_937' title='bbox 2111 5139 2286 5211; x_wconf 87' lang='lat' dir='ltr'><strong>placet</strong></span> <span class='ocrx_word' id='word_1_938' title='bbox 2312 5140 2422 5195; x_wconf 89' lang='lat' dir='ltr'><strong>veri</strong></span> <span class='ocrx_word' id='word_1_939' title='bbox 2444 5138 2641 5210; x_wconf 90' lang='lat' dir='ltr'><strong>aliquid</strong></span> <span class='ocrx_word' id='word_1_940' title='bbox 2664 5139 3009 5210; x_wconf 71' lang='lat' dir='ltr'><strong>rcSpondt-re,</strong></span> <span class='ocrx_word' id='word_1_941' title='bbox 3031 5151 3086 5197; x_wconf 88' lang='lat' dir='ltr'><strong>et</strong></span> <span class='ocrx_word' id='word_1_942' title='bbox 3107 5142 3378 5214; x_wconf 88' lang='lat' dir='ltr'><strong>quomodo</strong></span> <span class='ocrx_word' id='word_1_943' title='bbox 3397 5143 3680 5217; x_wconf 86' lang='lat' dir='ltr'><strong>implebitnr</strong></span> 
     </span>
    </p>
   </div>
   <div class='ocr_carea' id='block_1_115' title="bbox 2110 5230 3675 5305">
    <p class='ocr_par' dir='ltr' id='par_1_115' title="bbox 2110 5230 3675 5305">
     <span class='ocr_line' id='line_1_115' title="bbox 2110 5230 3675 5305; baseline 0.004 -23"><span class='ocrx_word' id='word_1_944' title='bbox 2110 5230 2249 5300; x_wconf 88' lang='lat' dir='ltr'><strong>quod</strong></span> <span class='ocrx_word' id='word_1_945' title='bbox 2281 5232 2534 5302; x_wconf 83' lang='lat' dir='ltr'><strong>scriptum</strong></span> <span class='ocrx_word' id='word_1_946' title='bbox 2561 5240 2678 5295; x_wconf 89' lang='lat' dir='ltr'><strong>est,</strong></span> <span class='ocrx_word' id='word_1_947' title='bbox 2715 5230 2879 5287; x_wconf 82' lang='lat' dir='ltr'><strong>Filius</strong></span> <span class='ocrx_word' id='word_1_948' title='bbox 2907 5234 3071 5288; x_wconf 88' lang='lat' dir='ltr'><strong>malus</strong></span> <span class='ocrx_word' id='word_1_949' title='bbox 3098 5234 3211 5305; x_wconf 84' lang='lat' dir='ltr'><strong>ipse</strong></span> <span class='ocrx_word' id='word_1_950' title='bbox 3236 5250 3291 5288; x_wconf 91' lang='lat' dir='ltr'><strong>se</strong></span> <span class='ocrx_word' id='word_1_951' title='bbox 3320 5235 3519 5305; x_wconf 81' lang='lat' dir='ltr'><strong>justum</strong></span> <span class='ocrx_word' id='word_1_952' title='bbox 3553 5237 3675 5303; x_wconf 69' lang='lat' dir='ltr'><strong>dicit,</strong></span> 
     </span>
    </p>
   </div>
   <div class='ocr_carea' id='block_1_116' title="bbox 2110 5325 3675 5401">
    <p class='ocr_par' dir='ltr' id='par_1_116' title="bbox 2110 5325 3675 5401">
     <span class='ocr_line' id='line_1_116' title="bbox 2110 5325 3675 5401; baseline 0 -22"><span class='ocrx_word' id='word_1_953' title='bbox 2110 5325 2298 5381; x_wconf 72' lang='lat' dir='ltr'><strong>exitum</strong></span> <span class='ocrx_word' id='word_1_954' title='bbox 2317 5334 2485 5379; x_wconf 88' lang='lat' dir='ltr'><strong>autem</strong></span> <span class='ocrx_word' id='word_1_955' title='bbox 2506 5341 2657 5380; x_wconf 90' lang='lat' dir='ltr'><strong>suum</strong></span> <span class='ocrx_word' id='word_1_956' title='bbox 2679 5342 2779 5380; x_wconf 86' lang='lat' dir='ltr'><strong>non</strong></span> <span class='ocrx_word' id='word_1_957' title='bbox 2800 5325 2958 5381; x_wconf 85' lang='lat' dir='ltr'><strong>abluit</strong></span> <span class='ocrx_word' id='word_1_958' title='bbox 2980 5325 3161 5397; x_wconf 80' lang='lat' dir='ltr'><strong>(Prov.</strong></span> <span class='ocrx_word' id='word_1_959' title='bbox 3180 5343 3325 5393; x_wconf 72' lang='lat' dir='ltr'><strong>xxiv,</strong></span> <span class='ocrx_word' id='word_1_960' title='bbox 3343 5328 3485 5399; x_wconf 81' lang='lat' dir='ltr'><strong>apud</strong></span> <span class='ocrx_word' id='word_1_961' title='bbox 3497 5328 3675 5401; x_wconf 73' lang='lat' dir='ltr'><strong>LXX}?</strong></span> 
     </span>
    </p>
   </div>
   <div class='ocr_carea' id='block_1_117' title="bbox 2109 5414 3670 5486">
    <p class='ocr_par' dir='ltr' id='par_1_117' title="bbox 2109 5414 3670 5486">
     <span class='ocr_line' id='line_1_117' title="bbox 2109 5414 3670 5486; baseline 0.001 -16"><span class='ocrx_word' id='word_1_962' title='bbox 2109 5414 2187 5470; x_wconf 86' lang='lat' dir='ltr'><strong>Da</strong></span> <span class='ocrx_word' id='word_1_963' title='bbox 2228 5431 2355 5486; x_wconf 87' lang='lat' dir='ltr'><strong>ergo</strong></span> <span class='ocrx_word' id='word_1_964' title='bbox 2396 5416 2579 5470; x_wconf 85' lang='lat' dir='ltr'><strong>lilium</strong></span> <span class='ocrx_word' id='word_1_965' title='bbox 2604 5417 2875 5483; x_wconf 69' lang='lat' dir='ltr'><strong>malum’,</strong></span> <span class='ocrx_word' id='word_1_966' title='bbox 2920 5419 3364 5475; x_wconf 54' lang='lat' dir='ltr'><strong>Maximiauenses</strong></span> <span class='ocrx_word' id='word_1_967' title='bbox 3403 5419 3606 5477; x_wconf 87' lang='lat' dir='ltr'><strong>damnet</strong></span> <span class='ocrx_word' id='word_1_968' title='bbox 3630 5432 3670 5472; x_wconf 75' lang='lat' dir='ltr'><strong>cl</strong></span> 
     </span>
    </p>
   </div>
   <div class='ocr_carea' id='block_1_118' title="bbox 2173 5526 3669 5588">
    <p class='ocr_par' dir='ltr' id='par_1_118' title="bbox 2173 5526 3669 5588">
     <span class='ocr_line' id='line_1_118' title="bbox 2173 5526 3669 5588; baseline 0.003 -13"><span class='ocrx_word' id='word_1_969' title='bbox 2173 5529 2191 5559; x_wconf 73' lang='grc' dir='ltr'><strong>ι</strong></span> <span class='ocrx_word' id='word_1_970' title='bbox 2219 5526 2404 5576; x_wconf 79' lang='lat' dir='ltr'><strong>Addunt.</strong></span> <span class='ocrx_word' id='word_1_971' title='bbox 2422 5527 2500 5577; x_wconf 85' lang='lat' dir='ltr'><strong>hic</strong></span> <span class='ocrx_word' id='word_1_972' title='bbox 2534 5528 2678 5577; x_wconf 83' lang='lat' dir='ltr'><strong>iidem</strong></span> <span class='ocrx_word' id='word_1_973' title='bbox 2702 5535 2831 5588; x_wconf 70' lang='lat' dir='ltr'><strong>.Vss.,</strong></span> <span class='ocrx_word' id='word_1_974' title='bbox 2856 5538 2901 5579; x_wconf 72' lang='lat' dir='ltr'><strong>rt</strong></span> <span class='ocrx_word' id='word_1_975' title='bbox 2917 5528 2965 5579; x_wconf 81' lang='lat' dir='ltr'><strong>in</strong></span> <span class='ocrx_word' id='word_1_976' title='bbox 2988 5528 3118 5579; x_wconf 85' lang='lat' dir='ltr'><strong>omni</strong></span> <span class='ocrx_word' id='word_1_977' title='bbox 3142 5531 3243 5579; x_wconf 85' lang='lat' dir='ltr'><strong>loco</strong></span> <span class='ocrx_word' id='word_1_978' title='bbox 3263 5528 3503 5581; x_wconf 64' lang='lat' dir='ltr'><strong>incensum</strong></span> <span class='ocrx_word' id='word_1_979' title='bbox 3537 5530 3669 5579; x_wconf 44' lang='lat' dir='ltr'><strong>crta-3a-</strong></span> 
     </span>
    </p>
   </div>
   <div class='ocr_carea' id='block_1_119' title="bbox 2110 5588 3669 5655">
    <p class='ocr_par' dir='ltr' id='par_1_119' title="bbox 2110 5588 3669 5655">
     <span class='ocr_line' id='line_1_119' title="bbox 2110 5588 3669 5655; baseline 0.001 -16"><span class='ocrx_word' id='word_1_980' title='bbox 2110 5588 2237 5644; x_wconf 82' lang='lat' dir='ltr'><strong>bitur</strong></span> <span class='ocrx_word' id='word_1_981' title='bbox 2278 5588 2458 5655; x_wconf 73' lang='lat' dir='ltr'><strong>nomini</strong></span> <span class='ocrx_word' id='word_1_982' title='bbox 2476 5597 2710 5655; x_wconf 62' lang='lat' dir='ltr'><strong>__tlk’0,_(’l_</strong></span> <span class='ocrx_word' id='word_1_983' title='bbox 2735 5590 2890 5655; x_wconf 70' lang='lat' dir='ltr'><strong>hostia</strong></span> <span class='ocrx_word' id='word_1_984' title='bbox 2908 5605 3033 5649; x_wconf 67' lang='lat' dir='ltr'><strong>nuru</strong></span> <span class='ocrx_word' id='word_1_985' title='bbox 3068 5604 3081 5617; x_wconf 83' lang='lat'><strong>&#39;</strong></span> <span class='ocrx_word' id='word_1_986' title='bbox 3104 5605 3332 5655; x_wconf 78' lang='lat' dir='ltr'><strong>magnum</strong></span> <span class='ocrx_word' id='word_1_987' title='bbox 3369 5592 3493 5644; x_wconf 81' lang='lat' dir='ltr'><strong>enim</strong></span> <span class='ocrx_word' id='word_1_988' title='bbox 3526 5606 3669 5644; x_wconf 66' lang='lat' dir='ltr'><strong>nonus</strong></span> 
     </span>
    </p>
   </div>
   <div class='ocr_carea' id='block_1_120' title="bbox 2107 5649 3313 5715">
    <p class='ocr_par' dir='ltr' id='par_1_120' title="bbox 2107 5649 3313 5715">
     <span class='ocr_line' id='line_1_120' title="bbox 2107 5649 3313 5715; baseline 0 -13"><span class='ocrx_word' id='word_1_989' title='bbox 2107 5664 2268 5703; x_wconf 87' lang='lat' dir='ltr'><strong>meum</strong></span> <span class='ocrx_word' id='word_1_990' title='bbox 2288 5649 2341 5701; x_wconf 88' lang='lat' dir='ltr'><strong>in</strong></span> <span class='ocrx_word' id='word_1_991' title='bbox 2357 5650 2592 5715; x_wconf 84' lang='lat' dir='ltr'><strong>gentibus,</strong></span> <span class='ocrx_word' id='word_1_992' title='bbox 2611 5653 2728 5703; x_wconf 85' lang='lat' dir='ltr'><strong>dicit</strong></span> <span class='ocrx_word' id='word_1_993' title='bbox 2756 5654 2984 5705; x_wconf 66' lang='lat' dir='ltr'><strong>Dominus</strong></span> <span class='ocrx_word' id='word_1_994' title='bbox 3005 5649 3313 5715; x_wconf 61' lang='lat' dir='ltr'><strong>omnipotens.</strong></span> 
     </span>
    </p>
   </div>
   <div class='ocr_carea' id='block_1_121' title="bbox 2173 5715 3668 5789">
    <p class='ocr_par' dir='ltr' id='par_1_121' title="bbox 2173 5715 3668 5789">
     <span class='ocr_line' id='line_1_121' title="bbox 2173 5715 3668 5789; baseline 0.008 -28"><span class='ocrx_word' id='word_1_995' title='bbox 2173 5716 2193 5750; x_wconf 74' lang='grc'><strong><em>³</em></strong></span> <span class='ocrx_word' id='word_1_996' title='bbox 2219 5723 2317 5769; x_wconf 62' lang='lat' dir='ltr'><strong>sm.</strong></span> <span class='ocrx_word' id='word_1_997' title='bbox 2345 5721 2397 5765; x_wconf 89' lang='lat' dir='ltr'><strong>et</strong></span> <span class='ocrx_word' id='word_1_998' title='bbox 2414 5726 2587 5773; x_wconf 73' lang='lat' dir='ltr'><strong>clunes</strong></span> <span class='ocrx_word' id='word_1_999' title='bbox 2609 5722 2746 5767; x_wconf 69' lang='lat' dir='ltr'><strong>uss:</strong></span> <span class='ocrx_word' id='word_1_1000' title='bbox 2778 5724 2848 5770; x_wconf 82' lang='lat' dir='ltr'><strong>na</strong></span> <span class='ocrx_word' id='word_1_1001' title='bbox 2868 5729 2983 5789; x_wconf 78' lang='lat' dir='ltr'><strong>ergo</strong></span> <span class='ocrx_word' id='word_1_1002' title='bbox 3013 5718 3080 5770; x_wconf 78' lang='lat' dir='ltr'><strong>ad</strong></span> <span class='ocrx_word' id='word_1_1003' title='bbox 3114 5715 3270 5784; x_wconf 78' lang='lat' dir='ltr'><strong>filium</strong></span> <span class='ocrx_word' id='word_1_1004' title='bbox 3292 5715 3471 5771; x_wconf 70' lang='lat' dir='ltr'><strong>rnatum</strong></span> <span class='ocrx_word' id='word_1_1005' title='bbox 3498 5715 3668 5782; x_wconf 70' lang='lat' dir='ltr'><strong>:lorte.</strong></span> 
     </span>
    </p>
   </div>
   <div class='ocr_carea' id='block_1_122' title="bbox 3325 6055 3766 6178">
    <p class='ocr_par' dir='ltr' id='par_1_122' title="bbox 3325 6055 3766 6178">
     <span class='ocr_line' id='line_1_122' title="bbox 3325 6055 3766 6178; baseline 0.002 -1"><span class='ocrx_word' id='word_1_1006' title='bbox 3325 6055 3766 6178; x_wconf 60' lang='grc' dir='ltr'><strong>τ-ἀ</strong></span> 
     </span>
    </p>
   </div>
  </div>
