3784 6132
43 272 130 329 δεη
1377 235 1586 299 mser.
1622 233 1635 291 τ

1781 231 1940 291 l‘lUS.

46 389 383 464 persequatur,
405 375 669 436 damnatis
691 381 747 432 et
762 369 1056 446 persecutis
1078 362 1452 464 reconcilietur
1469 357 1600 464 ;.vel

47 451 112 538 sic
130 451 463 535 convincatur
482 513 496 538 ,
524 471 608 538 vel
633 469 710 524 sic
738 463 1120 528 confundatur,
1149 457 1236 514 vel
1262 456 1342 512 sic
1370 451 1602 522 corrigav

48 584 136 629 tur.
162 566 421 636 Quomodo
442 607 458 630 ,
485 562 692 634 inquis,
735 568 869 614 totus
905 556 1038 612 orbis
1070 548 1420 608 communione
1443 553 1608 636 vestra

50 664 208 734 plenus
231 667 300 714 est
318 700 332 723 ,
362 656 450 711 ubi
481 661 582 708 tam
615 650 791 706 multa:
812 657 929 705 sunt
957 646 1169 702 hereses
1187 686 1201 708 ,
1229 655 1446 734 quorum
1472 635 1610 692 vobis

51 732 173 807 nulla
195 745 563 804 communicat?
592 744 703 799 lmo
731 755 837 797 non
868 747 1072 795 tantum
1102 732 1366 790 hatreticis
1383 772 1399 800 ,
1425 743 1612 785 verum

53 844 191 898 etiam
220 837 427 894 caeteris
469 832 772 890 hominibus
811 829 966 886 malis
1009 826 1197 898 plenus
1233 832 1316 879 est
1356 820 1532 886 orbis,
1560 825 1616 874 et

54 931 228 990 sanctis
256 945 316 986 ac
343 928 588 984 ﬁdelibus
613 925 709 981 Dei
739 923 909 980 servis
950 919 1139 991 plenus
1164 925 1248 974 est
1274 913 1421 971 orbis
1451 930 1464 967 :
1493 910 1617 983 quia

54 1035 100 1082 et
126 1038 260 1079 mare
295 1021 513 1092 plenum
551 1025 635 1074 est
662 1014 858 1072 amaris
886 1010 1133 1069 ﬂuctibus
1153 1050 1169 1077 ,
1199 1007 1415 1080 plenum
1453 1011 1537 1060 est
1565 1009 1620 1058 et

55 1115 274 1172 dulcibus
299 1110 555 1184 piscibus.

117 1209 197 1264 75.
235 1205 302 1260 In
326 1203 502 1277 paucis
520 1244 536 1269 ,
567 1199 766 1273 inquis,
799 1200 1082 1272 frequenter
1107 1201 1176 1249 est
1203 1191 1425 1255 ueritas;
1452 1202 1622 1244 errare

58 1301 303 1354 multorum
327 1306 420 1351 est.
453 1295 520 1351 Et
543 1309 613 1349 ne
636 1291 816 1348 verbis
840 1289 945 1345 tuis
969 1295 1130 1343 tanta:
1154 1283 1296 1340 illius
1321 1280 1522 1338 sterilis
1547 1278 1624 1332 fe-

59 1388 291 1445 cunditati
315 1385 684 1443 contradicere
712 1381 972 1438 videreris
995 1379 1081 1434 cui
1110 1377 1308 1432 dictum
1335 1383 1436 1438 est,
1466 1370 1624 1426 Multi

60 1484 140 1554 ﬁlii
164 1481 396 1548 desertae,
425 1478 589 1550 magis
614 1491 769 1549 quam
795 1475 906 1546 ejus
931 1487 1048 1543 qua:
1075 1469 1218 1524 habet
1243 1467 1405 1522 uirum
1428 1481 1446 1520 :
1467 1461 1623 1518 adhi-

60 1575 199 1631 buisti
223 1589 286 1630 ex
308 1571 600 1643 Evangelio
624 1566 1011 1631 testimonium,
1051 1561 1304 1629 Quoniam
1333 1557 1483 1631 pauci
1510 1563 1626 1612 sunt

61 1667 134 1737 qui
153 1665 402 1720 soluuntur
429 1661 582 1737 (Luc.
610 1675 704 1716 xm
721 1700 738 1728 ,
767 1657 882 1729 23).
911 1655 1074 1712 Solve
1096 1667 1225 1724 ergo
1253 1649 1623 1722 quaastionem,

63 1756 303 1829 quomodo
333 1757 450 1826 ipse
476 1752 735 1810 Dominus
765 1749 942 1814 dicat,
986 1744 1152 1812 Quam
1175 1751 1316 1798 arcta
1343 1751 1389 1797 et
1414 1747 1628 1810 angusta

61 1861 122 1907 est
149 1852 223 1906 ria
255 1865 366 1922 qut:
389 1849 529 1903 ducit
557 1846 626 1902 ad
657 1845 811 1900 vitam
828 1883 844 1909 ,
874 1851 920 1897 et
946 1840 1096 1913 pauci
1119 1846 1234 1894 sunt
1261 1836 1348 1909 qui
1371 1833 1628 1889 inveniunt

64 1961 158 1998 eam
181 1942 388 2014 (Matth.
415 1955 515 2008 vn,
543 1936 670 2012 14)!
713 1945 769 1993 et
794 1933 936 1990 idem
966 1931 1084 2003 ipse
1111 1929 1238 1984 alibi
1266 1927 1439 1992 dicat,
1475 1923 1629 1978 Multi

64 2034 115 2088 ab
138 2040 316 2089 oriente
341 2041 386 2088 et
411 2029 670 2088 occidente
695 2019 915 2090 uenient,
945 2033 991 2078 et
1016 2020 1300 2077 recumbent
1323 2035 1437 2073 cum
1462 2015 1628 2070 Abra-

67 2127 166 2180 ham
190 2134 235 2180 et
258 2123 408 2180 Isaac
431 2131 480 2178 et
505 2120 667 2177 Iacob
690 2119 745 2174 in
769 2132 924 2189 regno
949 2114 1192 2170 caelorum
1218 2109 1328 2183 (Id.
1356 2123 1470 2174 vm,
1497 2105 1587 2178 ll)
1611 2122 1627 2171 ;

65 2217 306 2290 quomodo
350 2215 514 2272 etiam
561 2214 615 2270 in
656 2209 975 2283 Apocalypsi
1013 2205 1408 2262 demonstretur
1443 2213 1630 2290 eorum

65 2289 351 2376 multitudo,
382 2321 543 2379 quam
589 2315 878 2360 numerare
923 2311 1082 2354 nemo
1125 2301 1332 2367 poterat
1376 2307 1444 2348 ex
1486 2289 1631 2346 omni

66 2411 202 2473 gente
226 2411 277 2458 ct
301 2399 440 2457 tribu
471 2407 528 2455 et
549 2398 752 2469 lingua,
784 2392 1095 2449 habentium
1125 2387 1290 2443 stolas
1319 2385 1488 2449 albas,
1520 2382 1633 2454 pal-

67 2510 262 2567 masque
289 2493 597 2558 ferentium,
624 2489 714 2561 qui
741 2499 1019 2560 pressurus
1045 2490 1262 2555 propter
1289 2479 1446 2534 ﬁdem
1472 2475 1633 2533 Chri-

67 2588 124 2642 sti
150 2587 500 2643 sustinuerant
539 2581 725 2657 (Apoc.
757 2593 862 2642 vtt,
893 2576 992 2651 9):
1022 2571 1288 2646 quomodo
1325 2569 1487 2626 iidem
1525 2567 1635 2624 sint

67 2681 199 2753 pauci
237 2679 322 2751 qui
361 2677 540 2735 multi.
568 2673 751 2745 Neque
775 2671 918 2728 enim
950 2668 1176 2723 alterum
1203 2664 1392 2720 horum
1427 2670 1510 2718 est
1543 2675 1658 2716 ve-'

67 2750 188 2839 rum,
213 2750 430 2826 alterum
459 2767 654 2825 falsum
673 2807 689 2831 ,
716 2777 839 2820 cum
868 2761 937 2816 sit
963 2767 1251 2828 utrumque
1273 2754 1449 2810 divina
1479 2750 1635 2806 Veri-

69 2871 162 2918 tate
185 2862 460 2933 prolatum,
494 2857 598 2914 nisi
627 2855 751 2928 quia
780 2851 941 2910 iidem
964 2849 1065 2922 ipsi
1090 2848 1217 2904 boni
1242 2845 1463 2916 verique
1481 2841 1637 2898 Chri-

69 2955 234 3023 stiani,
259 2957 345 3028 qui
373 2968 472 3026 per
501 2965 563 3008 se
601 2951 750 3021 ipsos
785 2945 939 3002 multi
973 2949 1132 3007 sunt,
1160 2941 1213 2996 in
1237 2935 1636 3028 comparatione

70 3047 302 3102 malorum
339 3044 707 3113 falsorumque
746 3038 929 3096 itidem
967 3033 1122 3108 pauci
1157 3041 1300 3088 sunt.
1342 3029 1434 3086 Sic
1471 3027 1637 3085 multa

71 3151 212 3209 grana
239 3138 426 3210 quibus
452 3136 654 3193 horrea
677 3146 869 3205 magna
893 3129 1262 3200 complentur,
1297 3138 1464 3196 pauca
1501 3121 1638 3178 dici-

73 3245 174 3285 mus
194 3230 244 3286 in
266 3227 666 3302 comparatione
693 3224 988 3297 palearum.
1015 3219 1105 3276 Sic
1133 3219 1292 3275 etiam
1309 3259 1324 3284 ,
1347 3227 1406 3271 ut
1429 3214 1496 3269 de
1521 3214 1640 3284 ipso

74 3320 155 3376 Dei
177 3328 489 3378 testamento
515 3316 725 3383 dicam,
756 3312 901 3386 quod
937 3311 1132 3367 factum
1166 3317 1248 3364 est
1273 3306 1341 3362 ad
1368 3303 1639 3361 Abraham

71 3411 131 3468 lle
155 3413 343 3471 semine
369 3414 491 3484 ejus
517 3409 662 3484 quod
688 3415 772 3465 est
793 3407 1039 3462 Christus
1057 3446 1073 3472 ,
1103 3403 1283 3458 multae
1312 3407 1438 3456 sunt
1472 3397 1641 3452 stellae

74 3520 188 3578 quas
220 3519 504 3564 numerare
546 3518 654 3560 non
692 3513 1016 3573 possumus,
1060 3495 1253 3567 quibus
1292 3504 1398 3549 tam
1440 3489 1642 3563 grande

75 3597 244 3654 ctelum
280 3597 514 3669 undique
552 3592 952 3662 circumfulget,
992 3595 1048 3644 et
1087 3600 1283 3658 paucas
1322 3583 1548 3640 dicimus
1585 3581 1641 3636 in

76 3690 448 3760 comparatione
477 3701 658 3744 arena:
684 3683 869 3740 maris.
911 3679 1072 3736 Forte
1103 3676 1273 3734 stella:
1305 3674 1640 3746 signiﬁcave-

77 3789 183 3834 runt
213 3779 514 3851 spirituales
549 3775 882 3835 Christianos
898 3814 914 3840 ,
940 3771 1104 3828 maris
1130 3776 1308 3824 autem
1336 3780 1499 3822 arena
1521 3778 1643 3819 car-

79 3870 231 3936 nales,
255 3887 348 3943 per
373 3885 513 3944 quos
538 3878 594 3926 et
624 3883 695 3925 ex
717 3866 912 3937 quibus
935 3864 1096 3920 etiam
1139 3860 1376 3916 haereses
1413 3866 1470 3914 et
1499 3856 1643 3913 sebi-

77 3971 224 4018 smata
252 3968 420 4022 llunt:
451 3971 680 4032 utroque
718 3967 895 4014 tamen
933 3969 1131 4027 genere
1157 3953 1345 4023 plenus
1367 3959 1452 4006 est
1491 3963 1646 4005 mun-

78 4055 191 4119 dus,
216 4057 331 4128 quia
371 4057 514 4113 idem
546 4052 805 4109 Dominus
831 4048 990 4114 dicit,
1019 4047 1152 4117 Ager
1179 4053 1253 4100 est
1280 4044 1362 4098 hic
1389 4041 1645 4108 mundus;

79 4155 124 4201 et
149 4156 198 4202 tu
223 4151 330 4219 ipse
355 4148 454 4206 tibi
482 4147 706 4203 veritate
745 4148 1097 4212 extorquente
1126 4137 1339 4203 dixisti,
1371 4134 1439 4189 In
1463 4149 1646 4188 nomen
1702 4170 1711 4180 η

79 4238 385 4295 christianum
421 4249 556 4295 totus
592 4235 816 4309 quotidie
841 4234 1048 4288 uertitur
1074 4227 1315 4283 mundus.
1349 4226 1452 4282 Per
1475 4234 1644 4280 totum

82 4329 220 4399 igitur
244 4347 446 4403 agrum,
477 4331 580 4386 hoc
603 4335 708 4393 est,
737 4340 836 4397 per
866 4331 1034 4379 totum
1062 4318 1318 4375 mundum
1355 4315 1645 4382 frumenta,

85 4436 166 4489 per
188 4431 348 4481 totum
371 4423 609 4488 zizania;
639 4419 760 4490 quia
785 4417 854 4472 de
874 4423 1102 4485 utroque
1129 4411 1264 4468 dixit
1291 4411 1382 4482 qui
1407 4409 1517 4465 falli
1541 4423 1649 4465 non

85 4524 253 4582 potest,
280 4516 438 4572 Sinite
458 4523 670 4586 utraque
691 4524 911 4567 crescere
932 4522 1090 4578 usque
1112 4506 1180 4561 ad
1199 4519 1407 4559 messem
1433 4500 1648 4574 (Matth.

87 4619 168 4660 xm
187 4650 200 4673 ,
226 4609 310 4674 38,
341 4608 452 4680 30).

145 4700 354 4759 CAPUT
391 4699 599 4759 LXVII.
628 4728 701 4740 ——
750 4696 836 4754 76.
869 4694 1168 4752 Cobibeant
1213 4692 1391 4763 itaque
1433 4705 1494 4747 se
1535 4688 1650 4746 I'ru-

89 4805 360 4852 mentorum
391 4814 485 4868 per
531 4803 701 4850 totum
747 4789 1003 4847 mundum
1051 4797 1196 4844 tanta
1249 4787 1492 4842 ubertate
1533 4799 1653 4841 cre-

90 4889 324 4944 scentium
353 4890 496 4961 impii
526 4886 830 4944 desertores
855 4925 871 4951 ,
920 4891 975 4938 et
1020 4896 1125 4936 non
1155 4878 1382 4934 audeant
1426 4878 1494 4933 de
1521 4892 1655 4947 quo-

92 4978 308 5033 rumdam
347 4981 668 5035 zizaniorum
699 4982 1068 5048 separatorum
1115 4968 1377 5042 paucitate
1412 4967 1685 5040 gloriari.-

91 5063 224 5132 Ωιιοά
260 5072 302 5124 si
329 5071 620 5142 gloriantur
639 5112 653 5135 ,
685 5069 845 5124 etiam
875 5067 930 5120 in
957 5065 1058 5119 hoc
1084 5063 1199 5134 ipso
1224 5061 1517 5132 procedunt
1554 5061 1655 5116 ad-

95 5171 258 5216 versus
281 5178 370 5218 eos
393 5163 551 5218 iidem
580 5161 655 5217 illi
680 5160 1141 5221 Masimianenses,
1172 5153 1374 5226 judicio
1396 5155 1412 5185 ¹
1436 5152 1617 5210 divino
1633 5193 1650 5222 ,

94 5248 150 5302 ad
173 5267 258 5307 eos
286 5254 335 5308 in
363 5256 609 5310 omnibus
628 5249 1032 5310 confundendos
1052 5290 1066 5316 ,
1095 5257 1178 5314 et,
1209 5247 1254 5304 si
1281 5246 1507 5318 sapiant,
1532 5261 1656 5303 cor-

97 5341 319 5413 rigendos
341 5347 564 5420 appdsiti
599 5366 613 5403 :
642 5360 778 5418 quos
805 5343 974 5399 multo
1003 5341 1282 5414 pauciores
1325 5338 1656 5411 praeﬁdentia

244 5505 744 5578 ad,_repetendu_m,
789 5502 1051 5578 da._Paulo
1095 5499 1655 5578 postjeditierrebant,

101 5560 220 5636 [813i
240 5560 554 5636 contineatur,
592 5567 681 5636 vel
700 5560 745 5636 si
783 5560 1123 5632 confundatur,
1163 5562 1237 5615 vel
1274 5563 1319 5616 si
1359 5562 1653 5628 corrigatur.

99 5624 449 5703 “dimittis!!!
464 5624 592 5703 δξξέςν
610 5630 682 5703 υςι
702 5629 787 5703 εἰσ·

103 5688 327 5819 ηυέἓιᾶξέ
339 5691 388 5745 in
401 5688 606 5760 judicio.
635 5692 899 5756 Reduudat,
921 5689 970 5742 in
984 5725 1000 5756 ,
1024 5701 1120 5742 nec
1142 5690 1191 5742 in
1213 5688 1437 5744 omnibus
1460 5694 1537 5743 est
1558 5699 1662 5742 lna-

3196 237 3304 296 538

1717 352 2069 418 multitudinis
2093 367 2204 410 suae
2245 354 2509 426 persecuti
2544 362 2699 424 sunt,
2740 363 2794 411 et
2828 359 3200 430 persequendo
3239 361 3309 420 ad

1717 459 1866 500 suam
1911 445 2339 503 communionem
2369 446 2576 518 aliquos
2599 462 2785 503 eorum
2816 447 2994 505 denuo
3029 460 3311 509 converte-

1719 544 1878 604 runt,
1918 551 1982 592 ac
2017 537 2096 592 sic
2132 546 2359 594 caeteros
2381 538 2738 610 iustissimos,
2766 555 2874 612 quo
2902 543 2919 574 ί
2961 543 3310 614 paucissimos

1721 629 2070 699 reliquerunt.

1792 723 1881 778 77.
1920 722 2074 790 Non,
2105 723 2311 795 inquis,
2351 727 2686 782 communicat
2732 727 2915 784 Oriens
2958 729 3181 804 Africae,
3222 747 3314 785 nec

1722 817 1900 890 Africa
1925 818 2142 874 Orienti.
2179 818 2296 876 Non
2324 833 2490 888 sane,
2533 822 2627 877 sed
2655 822 2708 878 in
2746 822 2915 894 paleis
2944 822 3212 879 haereticis
3247 823 3315 878 ab

1723 924 1848 966 area
1886 910 2152 967 dominica
2179 913 2439 984 separatis
2467 931 2480 967 :
2509 913 2560 969 in
2591 913 2870 971 frumentis
2890 926 3068 971 autem
3098 916 3316 972 catholi-

1724 1003 1803 1060 cis
1831 1011 1887 1060 et
1927 1004 2266 1060 interioribus
2294 1005 2461 1076 paleis
2497 1007 2715 1061 omnino
2739 1008 3101 1063 communicat
3122 1007 3317 1065 Oriens

1725 1095 1953 1161 Africae,
1983 1105 2038 1152 et
2076 1097 2253 1152 Africa
2292 1096 2519 1154 Orienti.
2546 1098 2652 1154 Alii
2688 1099 2885 1170 quippe
2911 1099 3027 1168 hic,
3068 1101 3157 1155 alii
3189 1116 3317 1156 vero

1726 1187 1853 1243 alibi
1881 1197 2040 1259 atque
2068 1188 2196 1245 alibi
2225 1189 2460 1246 haeretici
2487 1204 2610 1245 cum
2631 1189 2822 1246 diffusa
2844 1191 3038 1264 ubique
3058 1193 3316 1248 catholica

1729 1279 1930 1336 unitate
1964 1280 2272 1352 conﬂigunt.
2313 1281 2518 1354 Ubique
2543 1291 2626 1337 est
2648 1283 2791 1339 enim
2817 1283 2907 1339 illa
2935 1283 3002 1338 de
3026 1300 3129 1354 qua
3170 1286 3317 1339 exie-

1728 1382 1873 1442 runt,
1900 1374 1991 1445 qui
2011 1388 2132 1430 esse
2156 1375 2351 1447 ubique
2373 1376 2593 1431 minime
2632 1383 2941 1446 potuerunt,
2971 1376 3210 1432 dicentes
3236 1392 3322 1431 se-

1728 1467 1961 1522 cundum
1989 1467 2042 1523 id
2069 1467 2208 1539 quod
2235 1469 2302 1524 de
2341 1468 2442 1524 illis
2468 1468 2780 1540 praedictum
2806 1479 2922 1535 est,
2960 1469 3091 1525 Ecce
3129 1472 3210 1525 hic
3251 1480 3321 1524 est

1731 1561 1980 1628 Christus,
2002 1579 2116 1618 ecce
2141 1563 2248 1618 illic
2265 1561 2480 1634 (Matth.
2505 1579 2655 1631 xxtv,
2678 1560 2772 1635 25)
2793 1581 2805 1617 :
2825 1563 2912 1618 alii
2936 1563 3038 1619 hoc
3058 1563 3197 1630 loco,
3218 1563 3323 1619 alio

1729 1655 1819 1711 alii
1844 1655 2111 1711 variarum
2147 1657 2640 1726 praesumptionum,
2683 1657 2764 1712 vel
2805 1657 2981 1728 potius
3003 1658 3324 1727 amputatio-

1731 1761 1858 1802 num
1886 1747 2129 1817 proprias
2149 1747 2433 1817 particulas
2462 1746 2808 1802 ostendentes
2823 1788 2839 1812 ,
2862 1757 3020 1818 atque
3045 1747 3206 1818 impia
3229 1763 3322 1803 su-

1731 1839 1916 1912 perbia
1962 1839 2196 1895 radicem
2246 1837 2387 1894 unde
2434 1837 2584 1894 fracti
2635 1848 2760 1893 sunt
2800 1838 3143 1910 ahnegantes.
3191 1839 3324 1894 Huic

1731 1947 1861 2003 ergo
1888 1931 2162 1995 Ecclesiae,
2191 1946 2310 2002 quas
2338 1931 2569 2001 copiosis
2592 1930 2928 1986 successibus
2945 1973 2961 1998 ,
2991 1947 3112 1986 cum
3134 1931 3325 1986 dilata-

1734 2032 1820 2080 tur
1845 2033 1959 2081 toto
1986 2024 2118 2080 orbe
2145 2035 2404 2080 terrarum
2424 2065 2440 2090 ,
2467 2037 2534 2079 ex
2562 2024 2706 2078 omni
2732 2034 2891 2094 gente
2915 2066 2930 2089 ,
2971 2023 3114 2079 tribu
3139 2034 3193 2080 et
3219 2025 3292 2081 lin

1731 2134 1855 2191 gua,
1884 2119 2020 2190 parit
2040 2118 2428 2174 multitudinem
2451 2117 2853 2174 candidatorum
2870 2128 2924 2175 et
2951 2119 3322 2190 palmatcrum,

1733 2212 1870 2268 sicut
1890 2213 1944 2267 in
1979 2211 2296 2284 Apocalypsi
2325 2211 2578 2282 scriptum
2609 2222 2727 2279 est,
2766 2227 2924 2281 quam
2956 2229 3114 2268 nemo
3140 2229 3328 2271 nume-

1733 2319 1855 2361 rare
1887 2314 2062 2376 potest
2090 2323 2103 2359 :
2129 2304 2280 2372 huic,
2313 2305 2560 2375 inquam,
2588 2303 2840 2360 Ecclesia:
2866 2305 2949 2360 cui
2977 2315 3181 2376 partem
3225 2306 3328 2363 Do-

1736 2399 1845 2454 nati
1872 2414 1980 2454 non
2008 2397 2405 2453 communicare
2431 2395 2769 2452 manifestum
2811 2405 2922 2462 est,
2965 2399 3197 2469 majores
3231 2415 3328 2456 ve-

1736 2489 1833 2545 stri
1863 2488 2090 2560 probare
2119 2487 2449 2555 debuerunt,
2485 2502 2834 2559 quaacumque
2866 2504 2988 2542 vera
3010 2487 3331 2552 documenta

1736 2581 1806 2637 de
1836 2581 2180 2636 traditoribus
2210 2579 2528 2634 habuerunt.
2560 2579 2710 2648 Quod
2749 2580 2794 2635 si
2836 2579 3119 2650 fecissent,
3150 2581 3247 2652 ipsi
3277 2582 3329 2637 in

1738 2672 1826 2728 illa
1868 2681 2082 2738 essent,
2123 2681 2272 2726 extra
2323 2670 2464 2725 illam
2492 2687 2622 2727 vero
2648 2671 2722 2726 illi
2768 2687 2905 2743 quos
2941 2683 3278 2729 accusasscnl
3313 2693 3328 2729 :

1739 2780 1883 2822 nunc
1910 2774 2085 2820 autem
2112 2781 2234 2820 cum
2278 2773 2554 2820 accusatos
2602 2763 2654 2820 in
2705 2764 2794 2819 illa
2843 2767 3204 2836 permansisse
3247 2768 3330 2822 vi-

1737 2857 1980 2922 deamus,
2005 2858 2130 2928 quid
2157 2858 2281 2914 boni
2308 2857 2375 2914 de
2397 2858 2795 2915 accusatoribus
2821 2860 3020 2916 sentire
3048 2860 3327 2924 debemus.

1739 2964 1874 3022 quos
1901 2960 2050 3006 extra
2079 2949 2224 3006 illam
2254 2949 2539 3006 videmus?
2569 2951 2646 3007 Ac
2672 2965 2767 3021 per
2793 2951 2968 3008 hocin
2991 2951 3076 3008 illa
3110 2953 3332 3024 quadri-

1741 3043 1934 3114 partita
1977 3042 2382 3108 distributione,
2414 3041 2503 3098 ubi
2541 3041 2681 3112 dixi,
2713 3058 2836 3099 cum
2881 3043 2949 3100 de
2988 3043 3334 3103 traditoribus

1741 3136 2084 3208 proferuntur
2106 3152 2172 3192 ex
2201 3147 2423 3209 utraque
2452 3147 2601 3209 parte
2621 3137 2960 3204 documenta,
2992 3149 3081 3195 aut
3109 3150 3334 3211 utraque

1741 3244 1868 3285 vera
1894 3244 2015 3284 esse
2033 3270 2050 3296 ,
2079 3236 2172 3284 aut
2193 3238 2414 3300 utraque
2434 3229 2585 3296 falsa,
2612 3239 2703 3285 aut
2729 3239 2910 3285 nostra
2939 3245 3063 3286 vera
3083 3238 3137 3286 et
3156 3241 3334 3288 vestra

1741 3322 1908 3389 falsa,
1937 3331 2031 3378 aut
2071 3331 2255 3378 nostra
2284 3321 2412 3377 falsa
2442 3331 2496 3378 et
2524 3330 2698 3378 vestra
2730 3337 2854 3377 vera
2901 3321 3037 3394 (Lib.
3084 3323 3108 3376 1
3159 3332 3336 3378 contra

1743 3414 1962 3471 Litteras
1992 3416 2259 3484 Petiliani,
2290 3434 2342 3470 ιι.
2369 3414 2484 3487 23);
2508 3430 2629 3471 cum
2653 3414 2863 3471 videres
2885 3415 2936 3470 in
2970 3415 3336 3486 superioribus

1744 3509 1915 3565 tribus
1943 3523 2037 3565 vos
2065 3508 2319 3564 facillime
2350 3508 2622 3579 superari,
2651 3507 2846 3564 frustra
2886 3508 2980 3564 tibi
3010 3508 3113 3565 hoc
3153 3517 3339 3566 extre-

1745 3617 1928 3671 mum,
1965 3602 2120 3674 quasi
2159 3617 2262 3674 qua
2299 3601 2595 3669 evaderes,
2641 3603 2866 3673 elegisti.
2913 3601 3167 3670 Quamvis
3192 3604 3336 3659 enim

1744 3711 1904 3768 quam
1949 3695 2289 3766 impudenter
2315 3695 2525 3750 dicatur
2565 3693 2848 3762 advertas;
2895 3705 3070 3751 tamen
3117 3711 3182 3752 ea
3224 3695 3338 3766 ipsa

1744 3805 1871 3847 vera
1897 3801 2072 3846 vestra
2093 3833 2108 3856 ,
2141 3789 2186 3844 si
2225 3804 2328 3861 qua
2358 3798 2538 3844 essent
2579 3787 2812 3844 humana
2855 3788 3172 3845 documenta
3198 3831 3214 3857 ,
3264 3789 3341 3845 illi

1747 3886 2006 3942 Ecclesia:
2059 3884 2270 3956 probari
2320 3882 2655 3951 debuerunt,
2707 3898 2868 3955 quam
2908 3881 3135 3954 probant
3177 3881 3342 3938 docu-

1749 3987 1928 4036 menta
1958 3978 2156 4033 divina.

1817 4069 2046 4126 CAPUT
2085 4067 2316 4126 LXVIII.
2338 4099 2410 4110 —
2431 4067 2520 4124 78.
2549 4067 2642 4122 Dic
2668 4065 2833 4133 mihi,
2865 4064 3095 4123 obsecro
3135 4074 3217 4132 te;
3247 4065 3343 4122 sed

1748 4162 1860 4218 noli
1899 4159 2177 4218 oll‘undere
2216 4159 2441 4217 nebulas
2480 4158 2769 4229 imperitis,
2801 4167 2859 4212 ut
2883 4157 3133 4228 quoniam
3170 4155 3341 4212 tradi-

1752 4265 1896 4311 tores
1923 4261 2202 4310 accusatos
2222 4269 2327 4309 non
2353 4252 2499 4308 vales
2525 4251 2864 4316 convincere,
2891 4248 3182 4305 identidem
3210 4247 3345 4304 velis

1749 4355 1892 4403 artes
1917 4345 2225 4401 dialecticas
2260 4357 2514 4399 accusare
2547 4359 2561 4398 :
2603 4340 2690 4397 dic
2715 4355 2841 4410 ergo
2861 4382 2874 4404 ,
2908 4355 3039 4411 rogo
3067 4348 3119 4394 te
3140 4381 3153 4402 ,
3183 4352 3343 4394 causa

1750 4439 1854 4497 ista
1883 4448 2058 4496 vestra
2080 4452 2203 4494 cum
2227 4437 2365 4493 veris
2389 4433 2726 4492 documentis
2749 4431 2944 4488 vestris
2974 4431 3228 4502 perducta
3263 4439 3347 4485 est

1750 4533 1819 4591 ad
1837 4533 2092 4606 judicium
2118 4529 2592 4586 transmarinarum
2613 4525 2972 4582 Ecclesiarum
3000 4523 3186 4579 labore
3212 4537 3345 4592 apo-

1752 4629 1943 4686 stolico
1969 4625 2327 4690 fundatarum,
2350 4639 2419 4679 an
2447 4636 2553 4679 non
2583 4630 2669 4677 est
2692 4617 2988 4692 perducta?
3009 4615 3065 4672 Si
3091 4615 3345 4687 perducta

1755 4731 1857 4788 est,
1885 4720 2088 4777 vicistis
2115 4719 2171 4775 in
2193 4733 2260 4775 eo
2278 4715 2501 4789 judicio,
2523 4730 2592 4771 an
2616 4714 2740 4771 victi
2760 4711 2928 4768 estis?
2952 4711 3009 4766 Si
3035 4709 3228 4764 vicisse
3251 4722 3348 4761 vos

1755 4818 1932 4875 dicitis
1950 4859 1966 4882 ,
1995 4831 2093 4873 cur
2117 4815 2196 4871 eis
2223 4811 2477 4870 Ecclesiis
2498 4853 2515 4879 ,
2555 4809 2611 4866 in
2637 4822 2861 4881 quarum
2885 4804 3080 4878 iudicio
3103 4802 3304 4858 vicistis
3328 4842 3346 4866 ,

1758 4925 1862 4967 non
1903 4904 2347 4964 communicatis?
2368 4902 2427 4961 Si
2451 4910 2630 4958 autem
2659 4899 2824 4973 (quod
2848 4897 2978 4954 satis
3005 4897 3118 4968 ipsa
3147 4893 3350 4951 indicat

1758 5004 1826 5060 ab
1845 5003 1924 5060 eis
1949 5001 2181 5058 alienata
2205 5007 2386 5056 vestra
2413 4991 2742 5066 communio)
2771 4992 2895 5049 victi
2921 4990 3070 5056 estis,
3102 4987 3229 5061 quid
3255 5003 3352 5044 ιιοο

1759 5099 1965 5155 hiscum
1999 5095 2082 5153 vel
2122 5095 2262 5151 mala
2289 5092 2372 5148 vel
2401 5091 2541 5146 bona
2565 5101 2727 5144 causa
2768 5086 2976 5158 perdita
3011 5084 3229 5156 litigatis
3251 5124 3267 5150 ,
3299 5081 3351 5138 id

1762 5193 2020 5249 habentes
2047 5190 2335 5246 maximum
2357 5185 2581 5250 crimen,
2615 5180 2757 5254 quod
2779 5181 3003 5237 crimine
3032 5178 3351 5234 traditarum

1760 5302 1894 5360 quos
1940 5286 1992 5340 in
2035 5282 2233 5355 judicio
2275 5277 2746 5336 transmarinarum
2785 5273 3145 5332 Ecclesiarum
3187 5270 3352 5326 etiam

1761 5396 1886 5439 vera
1921 5379 2240 5435 documenta
2273 5375 2607 5446 proferentes
2632 5369 2952 5426 convincere
2998 5364 3218 5422 minime
3264 5374 3357 5432 po-

1765 5477 1941 5532 tuistis
1967 5515 1982 5541 ,
2023 5474 2208 5528 orbem
2245 5468 2595 5525 christianum
2641 5463 2958 5536 perfunditis
2982 5503 2996 5527 ,
3027 5459 3148 5531 quia
3194 5457 3247 5512 in
3286 5469 3352 5511 ea

1763 5584 1922 5629 causa
1963 5569 2015 5622 in
2051 5580 2155 5638 qua
2184 5565 2444 5620 interesse
2487 5575 2594 5617 non
2637 5559 2846 5631 potuit,
2888 5553 3049 5627 elegit
3082 5546 3355 5624 iudicibus

1834 5749 1852 5791 π
1876 5751 1950 5806 Er.
1976 5752 2028 5806 et
2050 5750 2182 5809 l.ov.,
2204 5755 2338 5812 quos.
2366 5741 2531 5800 Melius
2554 5747 2653 5794 Am.
2682 5745 2733 5794 et
2748 5743 2875 5802 Mss,
2900 5747 3010 5799 qua.
