3778 6126
1429 184 1632 242 LIBER
1673 184 1986 250 TERTIUS.

159 323 334 385 APUT
372 326 569 383 aut.
593 339 668 367 =-—-
691 326 781 384 8!.
815 326 998 384 Insero
1022 325 1197 382 adhuc
1219 332 1276 381 et
1299 323 1461 381 verba
1479 322 1625 380 Con-

131 421 253 476 ntini
279 431 344 476 ex
381 421 580 476 litteris
597 421 716 492 ejus
739 420 807 475 ad
836 419 1136 475 Eumalium
1172 420 1188 450 ⁸
1221 417 1503 487 vicarium,
1537 417 1628 472 ubi

132 513 258 570 inter
277 524 464 585 partes
497 515 830 585 cognovisse,
846 522 900 570 et
929 515 1272 570 innocentem
1285 511 1627 566 Caecilianum

129 610 358 678 aperisse
387 617 638 664 teStatur.
669 608 804 664 Cum
832 609 974 664 enim
1004 617 1275 664 narrasset
1320 610 1374 662 in
1401 607 1483 662 his
1506 617 1627 677 qtae

127 713 193 754 ιω
236 700 451 756 loeutus
498 711 596 768 est,
647 701 1096 772 quemadmodum
1122 702 1187 757 ad
1220 701 1478 771 judicium
1508 701 1626 770 ejus

141 799 157 846 ι
197 785 523 864 episcopalis
541 795 737 864 judicia
768 803 948 865 partes
979 795 1250 865 perducta:
1291 794 1523 850 fuerint:
1558 791 1625 847 In

161 885 362 954 perﬁdi,
394 886 590 956 inquit,
623 886 953 940 chilianum
980 887 1144 940 virum
1173 887 1310 940 omni
1337 885 1624 940 innocentia

115 977 319 1043 editum,
348 985 414 1030 ac
463 977 629 1032 debita
680 977 939 1049 religionis
967 992 1075 1032 suae
1098 978 1274 1048 ofﬁcia
1319 986 1620 1043 seruantem,

151 1071 252 1122 cita
277 1076 336 1123 ut
361 1069 594 1140 oportuit
637 1071 964 1125 servientem:
989 1085 1078 1124 nec
1103 1070 1264 1123 ullum
1286 1070 1338 1122 in
1360 1084 1418 1124 eo
1436 1069 1625 1123 crimen

131 1165 238 1216 eriri
281 1164 535 1235 potuisse,
564 1161 724 1219 eidem
776 1165 1035 1234 apparuit,
1064 1164 1194 1217 sicut
1238 1163 1432 1216 absenti
1457 1164 1627 1232 fuerat

112 1256 433 1310 rersariorum
459 1267 667 1311 suorum
709 1256 1030 1310 simulatione
1057 1255 1417 1324 compositum.

64 1341 86 1382 ν
111 1351 186 1404 83.
213 1349 290 1404 Tu
307 1365 481 1420 quare
511 1365 617 1404 non
647 1347 920 1404 inseruisti
958 1347 1278 1402 sententiam
1306 1344 1618 1402 Constanti-

101 1457 222 1512 ,qua
248 1443 370 1497 eum
408 1433 546 1496 dicis
573 1453 693 1496 esse
722 1441 1052 1502 damnatum,
1083 1449 1138 1495 et
1155 1439 1349 1493 Brixiae
1378 1439 1430 1493 in
1462 1438 1612 1494 exsis

147 1533 512 1599 constitutum,
538 1533 622 1589 vir
647 1533 1002 1588 disertissime
1028 1531 1053 1584 ?
1079 1531 1289 1596 Quanto
1316 1544 1619 1600 congruen-

115 1645 135 1682 s
158 1629 286 1683 hanc
307 1627 660 1693 inseruiSSes,
690 1635 849 1696 quam
877 1625 1059 1680 nescio
1079 1623 1206 1694 quid
1233 1622 1301 1678 de
1332 1621 1618 1678 Sardicen~

111 1719 338 1787 concilio,
358 1713 510 1792 quod
533 1735 632 1776 nec
670 1720 738 1774 ad
765 1735 880 1785 vos,
924 1731 1023 1773 nec
1048 1719 1115 1773 ad
1148 1721 1364 1774 causam
1391 1732 1510 1788 quae
1531 1717 1618 1772 in-

138 1829 225 1869 nos
249 1813 330 1869 est
375 1821 436 1870 et
501 1823 619 1878 vos,
678 1811 899 1866 omnino
935 1811 1207 1881 pertinere
1242 1810 1616 1866 monstratur?

89 1923 138 1962 nr
151 1907 280 1961 enim
300 1903 462 1961 fuerit
481 1903 676 1961 Brixize
697 1903 1031 1970 Caecilianus,
1053 1904 1193 1974 qned
1213 1919 1308 1960 vos
1328 1903 1618 1959 calumnio-

97 1999 227 2052 isime
253 1995 539 2068 appellatis
570 1995 839 2061 exsilium,
892 2009 1011 2050 cum
1059 2009 1210 2049 suam
1262 1997 1602 2065 praesentiam

97 2083 205 2143 aluit
227 2079 490 2146 Ecclesia:
519 2087 707 2144 deesse
721 2101 880 2159 quam
909 2100 1118 2158 pacem,
1164 2086 1290 2158 quid
1309 2103 1340 2143 a
1362 2103 1449 2144 me
1477 2102 1612 2159 opus

154 2177 293 2247 dici;
337 2189 464 2236 cum
535 2187 590 2235 tu
645 2180 856 2235 interim
921 2179 1223 2234 damnantis
1272 2180 1612 2250 imperatoris

130 2275 334 2328 tentiam
385 2273 591 2329 nullam
616 2274 828 2338 recitas,
857 2282 911 2328 et
951 2272 1257 2327 damnatum
1286 2272 1356 2328 ab
1381 2274 1611 2344 impera-

87 2359 143 2420 i‘re
180 2363 518 2420 Carcillanum
564 2374 668 2419 tam
702 2373 925 2429 temere,
971 2377 1080 2418 non
1108 2363 1227 2419 dico
1281 2363 1607 2419 audiendum

99 2447 434 2522 idicen‘dnm,
467 2455 562 2512 sed
590 2456 752 2512 etiam
772 2455 1117 2512 scribendum
1147 2457 1344 2526 putas?
1373 2454 1606 2511 Verum-

93 2545 195 2603 incn
243 2547 540 2605 secundum
588 2549 750 2604 verba
805 2556 915 2614 tua,
948 2561 1076 2604 ecce
1121 2549 1174 2603 in
1228 2549 1418 2604 exsilio
1448 2549 1606 2605 video

49 2631 350 2694 Cestianum
384 2640 713 2712 imperatore
765 2639 1071 2708 damnante,
1123 2641 1313 2697 saltem
1339 2641 1604 2711 responde

52 2743 134 2798 quo
150 2729 426 2789 accusante
460 2748 476 2787 :
505 2741 558 2788 et
601 2733 762 2788 modo
807 2741 896 2789 me
925 2732 1213 2804 interroga,
1244 2731 1384 2803 quod
1411 2734 1463 2788 in
1485 2735 1601 2804 epi-

49 2819 257 2878 stoiattta
285 2829 407 2895 pbst
451 2825 618 2881 multa
670 2825 915 2880 similiter
966 2825 1125 2881 inane
1151 2827 1172 2857 ¹
1197 2826 1440 2896 posuisti,
1475 2827 1601 2894 Quis

51 2913 214 2982 prolato
242 2923 535 2974 testamento
564 2919 732 2974 minus
769 2919 1014 2973 consentit
1042 2918 1068 2972 ?
1086 2919 1174 2989 qui
1201 2921 1598 2990 persecutionem

53 3008 226 3076 patitur,
242 3027 306 3064 an
331 3013 417 3080 qui
445 3011 610 3082 facit?
638 3009 764 3065 Haec
788 3017 933 3066 certe
959 3009 1123 3065 verba
1142 3020 1229 3065 tua
1257 3018 1402 3066 sunt.
1434 3011 1599 3082 Aspi-

51 3109 97 3150 ce
121 3113 232 3170 ergo
251 3098 589 3158 Cmoilianum
614 3103 1040 3172 persecutionem
1073 3109 1310 3172 passum,
1341 3109 1395 3159 et
1412 3143 1426 3170 ,
1461 3101 1600 3159 sicut

51 3187 137 3256 ipse
163 3189 351 3260 dixiSti,
381 3195 437 3250 in
473 3193 662 3251 exsilio
695 3194 1062 3250 constitutum.
1087 3195 1282 3264 Aspice
1307 3195 1467 3251 etiam
1494 3211 1591 3251 ve-

52 3289 180 3352 Siros,
224 3291 357 3344 sicut
385 3290 500 3344 suis
542 3288 718 3344 verbis
747 3288 1036 3359 imperator
1063 3289 1178 3360 ipse
1224 3297 1466 3357 testatur,
1499 3292 1593 3347 ad-

51 3385 202 3432 versus
235 3376 573 3436 Caecilianum
613 3380 864 3434 diuturnis
911 3380 1085 3434 diebus
1126 3381 1451 3452 interpellare
1488 3398 1590 3438 non

52 3465 340 3528 drsistentes:
369 3479 428 3530 et
456 3473 656 3529 eisdem
697 3473 828 3543 ipsis
855 3472 1033 3528 verbis
1084 3473 1189 3528 tuis
1244 3473 1595 3544 interroganti

50 3557 149 3612 mihi
175 3564 452 3634 responde,
481 3565 607 3634 Quis
629 3565 794 3618 minus
821 3573 1114 3620 testamento
1154 3565 1352 3635 prolato
1379 3582 1594 3621 consen-

51 3649 93 3700 tit
114 3651 223 3722 ?qui
262 3659 656 3727 persecutionem
704 3659 913 3729 patitur,
941 3671 1008 3712 an
1033 3657 1121 3728 qui
1149 3658 1319 3728 facit?
1357 3659 1593 3731 Diligen-

50 3747 280 3806 terentem
327 3753 580 3826 perlectis
623 3753 891 3819 omnibus,
924 3753 1164 3809 invenies
1191 3751 1535 3810 Caecilianum
1561 3769 1592 3811 a

48 3840 204 3896 vestris
236 3843 390 3900 etiam
419 3845 561 3916 apud
612 3847 985 3917 imperatorem
1016 3850 1440 3918 persecutionem
1473 3865 1593 3920 pas-

47 3935 277 3992 sum:sed
323 3945 430 3996 non
480 3940 717 3994 invenies
764 3938 832 3995 ab
882 3939 1204 4011 imperatore
1257 3940 1589 4009 damnatum,

48 4017 132 4077 imo
157 4027 302 4084 etiam
328 4030 572 4087 invenies
602 4029 925 4086 absolutum.

101 4115 302 4179 CAPUT
338 4119 550 4180 LXXII.
580 4123 758 4180 —-84.
789 4119 976 4187 Porro.
1005 4125 1048 4180 si
1067 4126 1207 4198 quod
1235 4127 1325 4183 tibi
1351 4143 1446 4199 pro
1472 4143 1590 4185 ma-

48 4215 129 4273 gno
150 4207 358 4285 eiegiStl,
393 4225 451 4272 ut
488 4215 554 4272 de
592 4213 900 4273 criminibus
952 4217 1266 4274 traditorum
1299 4220 1318 4251 ³
1348 4237 1465 4291 quae
1493 4233 1590 4279 vos

48 4299 257 4364 profertis
287 4307 604 4366 documenta
635 4326 758 4366 vera
813 4311 940 4379 sint,
971 4327 1091 4383 qua:
1138 4323 1314 4369 autem
1342 4330 1439 4370 nos
1464 4331 1590 4386 pro-

48 4383 232 4452 ferimus
272 4397 400 4457 falsa
428 4401 534 4457 sint
561 4419 575 4469 ;
605 4401 764 4458 etiam
794 4404 846 4458 in
873 4419 938 4459 eo
963 4419 1058 4459 vos
1087 4405 1280 4460 veritas
1309 4404 1403 4462 Dei
1425 4383 1588 4478 supe-

48 4491 126 4548 rat,
152 4501 258 4556 qua:
282 4492 418 4550 sicut
445 4494 706 4564 praedixit,
756 4494 826 4550 ita
857 4495 1030 4551 reddit
1064 4496 1354 4552 Ecclesium
1385 4499 1438 4554 in
1465 4501 1587 4555 uul-

49 4586 380 4642 versomundo
425 4585 831 4644 fructificantem
866 4597 1024 4659 atque
1073 4601 1434 4646 crescentem:
1465 4595 1587 4663 quia

49 4661 150 4723 nihil
185 4673 228 4728 ei
254 4677 597 4752 prcejudicant
647 4679 946 4737 alienorum
992 4683 1274 4739 criminum
1306 4685 1433 4742 licet
1459 4661 1584 4744 vera

48 4753 323 4829 documenta
343 4817 358 4844 ,
384 4791 504 4846 qua:
546 4774 1006 4846 propinquioribus
1037 4779 1299 4850 episcopis
1330 4787 1588 4838 transma-

51 4850 171 4924 rinis,
209 4877 297 4931 per
317 4883 449 4938 quos
478 4867 530 4922 in
581 4868 979 4940 longinquiores
999 4878 1200 4940 partes,
1247 4872 1361 4928 sive
1391 4875 1582 4931 transit

49 4943 198 5005 talium
219 4970 386 5014 rerum
417 4957 574 5025 fama,
611 4961 722 5016 sive
756 4975 861 5016 non
916 4963 1123 5030 transit,
1177 4972 1268 5018 aut
1304 4981 1410 5020 non
1462 4977 1587 5022 sunt

48 5031 364 5108 demonstrata
411 5052 550 5109 sicut
594 5052 912 5121 debuerunt,
945 5061 1036 5110 aut
1071 5073 1175 5111 non
1215 5065 1338 5112 sunt
1384 5058 1583 5114 credita

49 5129 206 5193 ‘luibus
230 5139 576 5202 demonstrari
600 5153 899 5219 potuerunt,
930 5158 1020 5203 aut
1047 5149 1246 5205 credita
1271 5159 1325 5205 et
1353 5152 1585 5208 occulta-

53 5223 90 5272 ιδ
114 5240 415 5306 nequaquam
461 5239 527 5294 ad
575 5239 705 5294 alios
749 5249 1263 5310 pervenerunt;nec
1307 5243 1584 5313 quisquam

51 5314 115 5370 τοι
137 5335 256 5383 unus
290 5329 470 5402 homo,
511 5343 708 5405 quanto
737 5334 911 5389 minus
944 5343 1119 5391 tantus
1154 5335 1581 5394 Christianorum

53 1699 122 1868 ἐξ

46 1868 122 2199 ἓ

38 2199 129 2565 ES.

99 2453 117 2510 ι

101 5495 218 5576 ’,βαι
236 5517 283 5562 ct
302 5519 394 5575 Er.,
418 5527 484 5576 aa
508 5511 672 5576 alium.
694 5522 820 5576 Mss,
844 5512 908 5563 ad
928 5512 1212 5565 Etanalium.

50 5561 177 5677 qugdln
198 5561 402 5635 arma;
694 5561 777 5628 ’Χῖ
1246 5575 1469 5633 Refertur
1489 5577 1585 5646 ad,

102 5661 176 5738 ³Ῑῆ
196 5699 309 5762 Mss,
338 5699 665 5752 lraditionnm.

3217 217 3326 276 διε

1740 319 1995 364 numerus
2024 311 2075 367 in
2105 321 2180 370 tot
2221 316 2465 387 gentibus
2487 321 2824 393 constitutus,
2850 339 2989 402 reus
3013 337 3189 400 potest
3203 347 3326 391 esse

1739 400 2035 470 participati
2073 405 2291 462 sceleris
2316 407 2493 474 alieni,
2513 411 2624 468 sive
2651 414 2731 468 vel
2755 400 2896 470 nulla
2927 417 3042 489 ejus
3069 436 3194 477 vera
3221 423 3321 479 do-

1736 503 1981 546 cumenta
2004 489 2329 566 cognoverit,
2360 502 2441 555 vel
2468 517 2588 556 cum
2607 493 2852 562 simulata
2874 509 3173 568 innocentia
3207 515 3309 570 fal-

1735 585 1808 638 sis
1829 583 2161 644 documentis
2207 591 2431 663 quisque
2459 595 2702 653 fefellerit
2727 595 2766 652 ‘.
2795 601 2850 656 Si
2877 618 3025 675 ergo,
3057 616 3115 661 ut
3140 607 3322 668 dicere

1735 689 2021 746 coeperam,
2048 680 2223 764 inqboc
2249 684 2386 770 quod
2417 686 2509 741 tibi
2533 704 2628 758 pro
2644 705 2836 761 magno
2867 695 3093 766 elegisti,
3117 711 3173 754 ut
3193 716 3312 772 quae
3381 697 3388 706 ’

1734 784 1829 824 vos
1857 770 1924 826 de
1976 761 2318 831 traditoribus
2349 765 2648 836 testimonia
2705 785 2972 856 profertis,
3028 807 3153 846 vera
3182 795 3308 862 sint,

1733 879 1850 934 qua:
1892 874 2066 922 autem
2098 870 2434 939 proferuntur
2483 886 2666 932 contra
2713 895 2827 945 vos,
2860 880 2985 937 falsa
3011 885 3136 951 sint,
3185 888 3315 944 nihil

1732 955 1918 1010 valetis
1965 956 2220 1014 adversus
2252 955 2544 1020 Ecciesiam
2571 969 2886 1026 catholicam
2915 983 3025 1030 toto
3049 987 3310 1034 terrarum

1731 1046 1862 1102 orbe
1910 1047 2175 1120 diffusam,
2208 1064 2260 1108 et
2288 1044 2544 1114 adversus
2596 1063 2979 1131 providentiam
3004 1067 3117 1135 Dei,
3141 1074 3317 1142 quain

1731 1139 2062 1195 christianum
2081 1160 2280 1214 nomen,
2315 1156 2370 1202 ut
2396 1135 2496 1204 tuis
2545 1153 2723 1208 verbis
2763 1163 2902 1221 utar,
2928 1167 3060 1212 totus
3089 1163 3310 1228 quotidie

1729 1234 1936 1286 vertitur
1977 1237 2192 1291 mundus
2223 1256 2236 1292 :
2268 1249 2467 1310 quanto
2514 1245 2682 1314 magis
2703 1245 2928 1303 delicitis
2951 1252 2969 1281 ⁸
2994 1251 3046 1306 in
3093 1268 3314 1310 accusa-

1728 1326 1964 1382 tionibus
1991 1331 2204 1397 vestris,
2241 1348 2362 1388 cum
2389 1335 2519 1390 hanc
2563 1338 2726 1407 ipsam
2772 1342 3109 1412 traditionem,
3153 1347 3303 1418 cujus

1727 1435 1920 1477 nomen
1947 1423 2094 1479 velut
2122 1424 2404 1484 horrentes
2442 1429 2532 1502 qui
2580 1431 2684 1489 hoc
2735 1422 2967 1492 schisma
2998 1437 3255 1508 fecerunt,
3280 1457 3312 1498 a

1726 1514 1920 1571 Christi
1941 1532 2165 1590 corpore
2185 1532 2458 1593 separatos
2474 1540 2533 1582 se
2551 1526 2693 1598 ipsos
2718 1527 2931 1587 diabolo
2954 1532 3306 1606 tradiderunt,

1724 1611 1895 1666 multo
1943 1613 2269 1683 probabilius,
2300 1618 2436 1672 sicut
2481 1619 2531 1674 in
2561 1619 2670 1677 illis
2696 1622 2887 1679 litteris
2935 1625 3064 1695 dixi,
3091 1636 3146 1684 et
3167 1645 3308 1687 nunc

1723 1704 1845 1760 dico
1865 1747 1878 1772 ,
1909 1723 2002 1762 nos
2028 1708 2162 1764 vobis
2191 1711 2454 1780 obiicimus
2484 1713 2503 1784 (
2533 1713 2644 1768 Lib.
2671 1715 2696 1770 I
2731 1727 2905 1772 contra
2922 1718 3140 1777 Litteras
3167 1721 3312 1778 Peti-

1723 1796 1865 1862 liani,
1900 1815 1952 1852 n.
1977 1799 2047 1854 23
2072 1800 2115 1872 ),
2146 1818 2173 1856 a
2201 1804 2392 1874 quibus
2418 1807 2632 1861 nomina
2656 1817 2708 1864 et
2736 1810 2958 1868 crimina
2990 1813 3304 1873 traditorum

1721 1890 1823 1946 dici
1856 1896 2220 1951 tantummodo
2240 1899 2502 1968 audimus,
2533 1917 2630 1958 nos
2655 1913 2832 1960 autem
2854 1919 2907 1962 et
2931 1919 3082 1979 gesta
3124 1913 3297 1969 eccle~

1719 1984 1930 2040 siastica
1958 1989 2146 2057 quibus
2168 1991 2232 2046 de
2282 2009 2340 2048 se
2393 1994 2496 2064 ipsi
2540 1997 2771 2053 confessi
2795 2011 2920 2055 sunt
2950 2003 3052 2072 (a),
3076 2012 3132 2061 et
3153 2015 3303 2077 gesta

1718 2080 2062 2151 municipalia
2091 2083 2280 2154 quibus
2307 2085 2408 2142 hoc
2437 2087 2625 2145 fecisse
2663 2089 2910 2163 leguntur
2944 2095 3041 2167 (ὸ),
3061 2098 3299 2155 ostendi-

1715 2171 1876 2227 mus?

1787 2263 2014 2320 CAPUT
2053 2265 2287 2322 LXXIII.
2318 2270 2487 2328 —85.
2545 2271 2629 2329 Tu
2657 2290 2786 2331 vero
2834 2278 3055 2334 callidus
3094 2283 3299 2338 exami-

1716 2367 1871 2412 nator
1917 2375 2286 2433 appensorque
2326 2364 2630 2435 verborum,
2661 2367 2821 2425 doces
2851 2386 2950 2426 nos
2977 2374 3105 2442 quid
3124 2376 3303 2433 valeat

1715 2455 2110 2522 comparativus
2156 2455 2375 2527 gradus,
2423 2468 2478 2514 et
2519 2468 2763 2532 tanquam
2820 2465 2991 2520 victor
3043 2469 3300 2534 exsultas,

1713 2545 1853 2615 quod
1882 2563 1988 2601 non
2027 2564 2238 2618 possem
2265 2551 2464 2620 dicere,
2515 2555 2837 2611 traditionem
2877 2560 3184 2629 probabilius
3211 2580 3302 2620 nos

1712 2638 1848 2691 vobis
1872 2637 2157 2708 objir-imue,
2202 2642 2306 2696 nisi
2336 2658 2430 2699 vos
2459 2645 2612 2700 nobis
2641 2663 2758 2702 eam
2783 2650 3132 2718 probabiliter
3156 2655 3295 2724 obji-

1710 2742 1835 2782 cere
1859 2730 2162 2785 conﬁterer.
2195 2730 2256 2809 Si
2300 2734 2430 2788 enim
2451 2751 2557 2801 vos,
2609 2737 2802 2808 inquis,
2839 2740 3165 2809 probabilius,
3195 2762 3289 2802 nos

1711 2835 1829 2890 ergo
1860 2820 2203 2889 probabiliter.
2235 2807 2304 2879 Et
2331 2824 2430 2881 hoc
2460 2826 2641 2894 doces,
2673 2807 2791 2899 quia
2811 2807 2882 2886 sic
2897 2842 2970 2888 est
3013 2807 3290 2903 probabili-

1710 2919 1785 2964 ter
1812 2920 1858 2964 et
1885 2912 2212 2982 probabilius,
2241 2925 2295 2970 ut
2331 2917 2376 2972 si
2425 2918 2587 2988 dicas,
2633 2919 2760 2978 Vere
2804 2934 2849 2978 et
2873 2926 3074 2992 uerius;
3100 2936 3146 2982 et
3173 2929 3294 2999 quia

1707 3003 1897 3073 gradus
1914 3005 2005 3059 istc
2045 3008 2180 3076 quod
2207 3018 2325 3064 ante
2351 3012 2574 3081 positum
2594 3023 2668 3068 est
2695 3025 2867 3088 auget,
2899 3035 2998 3073 non
3015 3023 3150 3090 quod
3176 3033 3294 3077 ante

1707 3095 1898 3150 dictant
1923 3106 1992 3152 est
2021 3099 2288 3170 improbat.
2335 3103 2596 3176 Adjungis
2622 3107 2723 3162 alia
2763 3109 2948 3178 verba,
2977 3112 3170 3182 quibus
3195 3113 3296 3171 hoc

1707 3189 2004 3245 evidentius
2045 3192 2436 3264 intelligamus;
2477 3195 2540 3253 ac
2571 3197 2724 3265 dicis,
2749 3191 2839 3255 Sic
2867 3213 2938 3257 est
2969 3204 3090 3259 bene
3115 3215 3160 3260 et
3186 3224 3295 3262 me-

1705 3280 1823 3348 lius,
1850 3277 1981 3336 inale
2007 3292 2054 3337 et
2080 3287 2247 3356 pejus,
2302 3287 2607 3344 ltorribt'liter
2636 3299 2682 3345 et
2718 3291 3008 3350 horribilius
3031 3312 3050 3350 :
3077 3298 3155 3352 sic
3174 3313 3294 3356 esse

1703 3373 1991 3430 ostendens
2004 3377 2326 3446 probabiliter
2347 3391 2395 3434 et
2409 3379 2732 3451 probabilius.
2749 3383 2900 3442 Unde
2915 3387 3090 3458 colligi
3117 3399 3288 3460 putas,

1703 3466 1825 3536 quia
1856 3467 1898 3520 si
1925 3481 2024 3537 ego
2071 3469 2398 3536 probabilius
2438 3473 2579 3544 quod
2608 3474 2797 3531 falsum
2837 3487 2923 3534 est
2953 3479 3176 3549 obiicio,
3203 3497 3293 3538 su-

1702 3566 1880 3627 perest
1909 3566 1964 3614 ut
1991 3575 2084 3616 vos
2135 3562 2477 3632 probabiliter
2496 3567 2639 3638 Quod
2671 3584 2856 3627 verum
2905 3579 2988 3629 est
3027 3573 3291 3646 objecisse

1701 3649 2006 3708 confirmes.
2031 3651 2129 3709 llic
2159 3669 2256 3725 ego
2278 3658 2534 3730 numquid
2555 3659 2696 3726 dico,
2721 3663 2863 3733 quod
2910 3665 2963 3720 in
2987 3669 3286 3738 quaestione

1699 3745 1785 3800 vel
1809 3741 2163 3815 diSputatione
2193 3749 2555 3807 ecclesiastica
2574 3760 2671 3808 nos
2693 3755 2987 3814 artificialia
3012 3775 3285 3830 gramma-

1701 3840 1820 3896 tica:
1850 3841 1869 3871 ³
1892 3841 2086 3897 docere
2112 3843 2345 3912 conaris,
2368 3845 2496 3916 quid
2530 3847 2703 3904 valeat
2744 3853 3136 3922 comparativus
3161 3871 3286 3926 gra-

1700 3931 1820 3997 dus,
1849 3933 1966 4004 quia
1988 3933 2042 3986 id
2061 3934 2194 4004 quod
2222 3941 2339 3991 ante
2360 3937 2576 4005 positum
2603 3949 2676 3995 est
2696 3950 2864 4012 auget,
2895 3959 2996 4000 non
3012 3947 3146 4017 quod
3172 3957 3289 4004 ante

1699 4025 1892 4080 dictum
1919 4036 1990 4082 est
2017 4028 2310 4098 improbat?
2335 4028 2502 4086 Video
2527 4032 2669 4087 enim
2686 4043 2845 4104 quam
2875 4039 2977 4094 hoc
3006 4039 3186 4110 inepte
3218 4043 3287 4098 ti-

1698 4117 1751 4172 bi
1799 4117 2044 4188 objiciam
2080 4131 2094 4173 :
2138 4120 2281 4190 quod
2329 4128 2388 4176 tu
2413 4122 2595 4178 videre
2625 4125 2859 4192 noluisti,
2914 4130 3127 4198 quando
3150 4132 3284 4188 mihi

1698 4209 2131 4281 anticategoriam
2161 4212 2308 4267 velut
2348 4227 2413 4268 ex
2460 4219 2576 4270 arte
2602 4215 2878 4273 rhetorica
2929 4220 3282 4290 objiciendam

1696 4305 1891 4378 putasti
1926 4322 1938 4359 :
1988 4307 2130 4377 quod
2165 4305 2332 4378 genus
2377 4307 2688 4379 quaestionis
2716 4352 2732 4378 ,
2783 4311 2874 4368 ubi
2917 4313 3132 4382 dicitur,
3162 4314 3278 4372 Non

1695 4419 1794 4474 ego
1819 4401 1938 4468 feci,
1964 4401 2055 4455 sed
2079 4409 2133 4455 tu
2156 4400 2346 4468 fecisti,
2396 4400 2554 4457 etiam
2585 4403 2638 4459 in
2663 4406 2979 4462 auctoritate
3001 4405 3281 4479 propheti-

1694 4512 1756 4553 ca
1783 4491 2139 4553 demonstravi
2166 4493 2398 4568 (Supra,
2427 4510 2480 4550 η.
2510 4493 2581 4552 29
2603 4496 2648 4568 ).

1765 4587 1992 4647 CAPUT
2031 4585 2430 4645 LXXIV.——86.
2448 4588 2739 4647 Considera
2761 4599 2935 4647 tamen
2953 4589 3278 4664 diligentius,

1694 4702 1761 4742 ne
1786 4685 1922 4740 forte
1944 4682 2182 4738 invenias
2204 4683 2255 4736 in
2292 4682 2469 4738 latina:
2489 4683 2773 4740 locutionis
2810 4686 3134 4752 auctoribus,
3158 4688 3280 4758 qui-

1695 4775 1794 4832 bus
1813 4773 2280 4848 grammaticor'um
2315 4773 2610 4831 artificialia
2638 4763 2896 4843 Serviunt,
2929 4791 3035 4833 non
3064 4793 3278 4850 semper

1695 4869 1854 4925 istum
1899 4867 2123 4940 gradum
2172 4865 2312 4938 quod
2359 4875 2482 4923 ante
2514 4869 2741 4938 positum
2793 4873 2876 4922 est
2917 4883 3137 4940 augere,
3180 4872 3275 4930 sed

1693 4960 1980 5035 aliquando
1995 4961 2262 5018 contrario
2283 4960 2591 5032 superferri.
2615 4959 2777 5031 Cujus
2794 4961 3076 5020 locutionis
3097 4980 3278 5021 exem-

1694 5057 1837 5129 plum
1856 5054 2067 5112 interim
2090 5051 2557 5122 mihiexApostoli
2579 5052 2816 5123 Epistola
2838 5055 3091 5121 occurrit,
3116 5072 3273 5126 quam

1694 5149 1907 5220 Scripsit
1932 5147 1999 5203 ad
2027 5146 2302 5203 Hebrmos.
2329 5143 2461 5200 Cum
2489 5143 2631 5199 enim
2661 5144 2967 5216 loqueretur
3012 5146 3080 5202 de
3109 5147 3273 5202 bene-

1694 5239 1925 5298 dictione
1957 5250 2146 5308 terrm,
2182 5251 2301 5310 quae
2347 5242 2563 5306 accepta
2601 5235 2776 5308 pluvia
2815 5237 3047 5295 fructum
3075 5238 3273 5307 reddit,

1759 5431 1950 5494 'initi,
1994 5431 2239 5497 refellerit.
2282 5433 2602 5497 Emendantur
2647 5447 2712 5484 ex
2737 5434 3090 5497 manuscriptis.

1757 5501 1777 5570 ξ
1812 5499 1946 5570 editi.
1968 5495 2259 5570 ειρβσίεηςεεο
2289 5503 2343 5570 με

1757 5562 1779 5595 ³
1800 5563 1872 5612 Sic
1895 5557 2127 5613 meliores
2146 5565 2253 5611 Mss.
2278 5565 2334 5611 At
2357 5557 2492 5620 editi,
2519 5557 2765 5626 artificiali
2784 5557 3120 5624 grammatica.

1756 5645 1830 5755 (αξ
1851 5650 1992 5694 Gesta
2015 5641 2200 5693 concilii
2220 5642 2467 5714 Cirtensis,
2487 5654 2650 5704 supra,
2667 5656 2716 5694 u.
2744 5642 2820 5694 30.

1758 5706 1808 5755 tb
1852 5713 1992 5755 Gesta
2014 5704 2136 5755 anud
2153 5703 2422 5755 Zenonlnl..
2440 5715 2548 5755 can.
2573 5702 2654 5755 39.

1758 5702 1830 5756 ibi
1852 5713 1992 5758 Gesta
2014 5704 2136 5768 apud
2153 5703 2422 5768 Zenophil.,
2440 5702 2559 5767 cap;
2573 5702 2654 5756 39.
