  <div class='ocr_page' id='page_1' title='image "/cluster/home/n/w/nwhite01/storage/ocr_20150623/43/uva.x000827113/279.png"; bbox 0 0 3784 6140; ppageno 0'>
   <div class='ocr_carea' id='block_1_1' title="bbox 458 216 566 274">
    <p class='ocr_par' dir='ltr' id='par_1_1' title="bbox 458 216 566 274">
     <span class='ocr_line' id='line_1_1' title="bbox 458 216 566 274; baseline 0 0"><span class='ocrx_word' id='word_1_1' title='bbox 458 216 566 274; x_wconf 75' lang='lat'><strong><em>543</em></strong></span> 
     </span>
    </p>
   </div>
   <div class='ocr_carea' id='block_1_2' title="bbox 453 332 2035 406">
    <p class='ocr_par' dir='ltr' id='par_1_2' title="bbox 453 332 2035 406">
     <span class='ocr_line' id='line_1_2' title="bbox 453 332 2035 406; baseline 0.001 -18"><span class='ocrx_word' id='word_1_2' title='bbox 453 332 650 389; x_wconf 86' lang='lat' dir='ltr'><strong><em>deinde</em></strong></span> <span class='ocrx_word' id='word_1_3' title='bbox 701 332 929 406; x_wconf 79' lang='lat' dir='ltr'><strong><em>subjecit</em></strong></span> <span class='ocrx_word' id='word_1_4' title='bbox 958 350 973 388; x_wconf 86' lang='lat'><strong>:</strong></span> <span class='ocrx_word' id='word_1_5' title='bbox 1005 333 1279 406; x_wconf 84' lang='lat' dir='ltr'><strong><em>Proferens</em></strong></span> <span class='ocrx_word' id='word_1_6' title='bbox 1325 346 1492 390; x_wconf 84' lang='lat' dir='ltr'><strong><em>autent</em></strong></span> <span class='ocrx_word' id='word_1_7' title='bbox 1519 337 1694 406; x_wconf 87' lang='lat' dir='ltr'><strong><em>spinas</em></strong></span> <span class='ocrx_word' id='word_1_8' title='bbox 1723 345 1770 390; x_wconf 90' lang='lat' dir='ltr'><strong><em>et</em></strong></span> <span class='ocrx_word' id='word_1_9' title='bbox 1799 337 2035 404; x_wconf 90' lang='lat' dir='ltr'><strong><em>tribulos,</em></strong></span> 
     </span>
    </p>
   </div>
   <div class='ocr_carea' id='block_1_3' title="bbox 262 412 2044 571">
    <p class='ocr_par' dir='ltr' id='par_1_3' title="bbox 262 412 2044 571">
     <span class='ocr_line' id='line_1_3' title="bbox 262 412 2044 571; baseline 0.002 -91"><span class='ocrx_word' id='word_1_10' title='bbox 262 462 269 468; x_wconf 92' lang='lat'><strong>-</strong></span> <span class='ocrx_word' id='word_1_11' title='bbox 379 412 668 571; x_wconf 57' lang='lat' dir='ltr'><strong><em>areproba</em></strong></span> <span class='ocrx_word' id='word_1_12' title='bbox 688 439 736 482; x_wconf 86' lang='lat' dir='ltr'><strong><em>et</em></strong></span> <span class='ocrx_word' id='word_1_13' title='bbox 760 429 1101 484; x_wconf 87' lang='lat' dir='ltr'><strong><em>maledictioni</em></strong></span> <span class='ocrx_word' id='word_1_14' title='bbox 1116 430 1350 500; x_wconf 72' lang='lat' dir='ltr'><strong><em>proxima</em></strong></span> <span class='ocrx_word' id='word_1_15' title='bbox 1375 438 1479 496; x_wconf 85' lang='lat' dir='ltr'><strong><em>est;</em></strong></span> <span class='ocrx_word' id='word_1_16' title='bbox 1504 431 1651 493; x_wconf 84' lang='lat' dir='ltr'><strong><em>cujus</em></strong></span> <span class='ocrx_word' id='word_1_17' title='bbox 1670 430 1787 500; x_wconf 81' lang='lat' dir='ltr'><strong><em>finis</em></strong></span> <span class='ocrx_word' id='word_1_18' title='bbox 1812 430 1865 484; x_wconf 88' lang='lat' dir='ltr'><strong><em>in</em></strong></span> <span class='ocrx_word' id='word_1_19' title='bbox 1887 430 2044 484; x_wconf 89' lang='lat' dir='ltr'><strong><em>ustio-</em></strong></span> 
     </span>
     <span class='ocr_line' id='line_1_4' title="bbox 384 504 2036 571; baseline 0 0"><span class='ocrx_word' id='word_1_20' title='bbox 384 504 392 520; x_wconf 23' lang='lat'>!</span> <span class='ocrx_word' id='word_1_21' title='bbox 453 534 586 571; x_wconf 82' lang='lat' dir='ltr'><strong><em>stem.</em></strong></span> <span class='ocrx_word' id='word_1_22' title='bbox 603 519 755 571; x_wconf 82' lang='lat' dir='ltr'><strong><em>Ouud</em></strong></span> <span class='ocrx_word' id='word_1_23' title='bbox 778 535 846 571; x_wconf 86' lang='lat' dir='ltr'><strong><em>ne</em></strong></span> <span class='ocrx_word' id='word_1_24' title='bbox 870 521 974 571; x_wconf 90' lang='lat' dir='ltr'><strong><em>illis</em></strong></span> <span class='ocrx_word' id='word_1_25' title='bbox 999 520 1191 571; x_wconf 82' lang='lat' dir='ltr'><strong><em>auibus</em></strong></span> <span class='ocrx_word' id='word_1_26' title='bbox 1237 521 1553 571; x_wconf 85' lang='lat' dir='ltr'><strong><em>louuebalur</em></strong></span> <span class='ocrx_word' id='word_1_27' title='bbox 1578 531 1792 571; x_wconf 83' lang='lat' dir='ltr'><strong><em>notasse</em></strong></span> <span class='ocrx_word' id='word_1_28' title='bbox 1820 521 2036 571; x_wconf 80' lang='lat' dir='ltr'><strong><em>videre-</em></strong></span> 
     </span>
    </p>
   </div>
   <div class='ocr_carea' id='block_1_4' title="bbox 384 504 2036 600">
    <p class='ocr_par' dir='ltr' id='par_1_4' title="bbox 384 504 2036 600">
     <span class='ocr_line' id='line_1_5' title="bbox 384 504 2036 600; baseline 0.003 -28"><span class='ocrx_word' id='word_1_29' title='bbox 384 504 433 600; x_wconf 52' lang='grc' dir='ltr'>Ξ</span> <span class='ocrx_word' id='word_1_30' title='bbox 453 534 586 572; x_wconf 76' lang='lat' dir='ltr'><strong><em>ueni.</em></strong></span> <span class='ocrx_word' id='word_1_31' title='bbox 603 519 755 585; x_wconf 89' lang='lat' dir='ltr'><strong><em>Quod</em></strong></span> <span class='ocrx_word' id='word_1_32' title='bbox 778 535 846 575; x_wconf 91' lang='lat' dir='ltr'><strong><em>ne</em></strong></span> <span class='ocrx_word' id='word_1_33' title='bbox 870 521 974 575; x_wconf 88' lang='lat' dir='ltr'><strong><em>illis</em></strong></span> <span class='ocrx_word' id='word_1_34' title='bbox 999 520 1191 592; x_wconf 85' lang='lat' dir='ltr'><strong><em>quibus</em></strong></span> <span class='ocrx_word' id='word_1_35' title='bbox 1237 521 1553 593; x_wconf 77' lang='lat' dir='ltr'><strong><em>loquebatur</em></strong></span> <span class='ocrx_word' id='word_1_36' title='bbox 1578 531 1792 591; x_wconf 85' lang='lat' dir='ltr'><strong><em>optasse</em></strong></span> <span class='ocrx_word' id='word_1_37' title='bbox 1820 521 2036 577; x_wconf 84' lang='lat' dir='ltr'><strong><em>videre-</em></strong></span> 
     </span>
    </p>
   </div>
   <div class='ocr_carea' id='block_1_5' title="bbox 383 571 2040 688">
    <p class='ocr_par' dir='ltr' id='par_1_5' title="bbox 383 571 2040 688">
     <span class='ocr_line' id='line_1_6' title="bbox 383 571 2040 688; baseline 0.004 -24"><span class='ocrx_word' id='word_1_38' title='bbox 451 621 537 665; x_wconf 91' lang='lat' dir='ltr'><strong><em>tur</em></strong></span> <span class='ocrx_word' id='word_1_39' title='bbox 561 630 575 666; x_wconf 90' lang='lat'><strong>:</strong></span> <span class='ocrx_word' id='word_1_40' title='bbox 605 610 795 680; x_wconf 77' lang='lat' dir='ltr'><strong><em>Con/isi</em></strong></span> <span class='ocrx_word' id='word_1_41' title='bbox 843 571 1031 667; x_wconf 76' lang='lat' dir='ltr'><strong><em>sumus1</em></strong></span> <span class='ocrx_word' id='word_1_42' title='bbox 1047 614 1064 644; x_wconf 83' lang='grc'>¹</span> <span class='ocrx_word' id='word_1_43' title='bbox 1087 621 1278 682; x_wconf 85' lang='lat' dir='ltr'><strong><em>autem,</em></strong></span> <span class='ocrx_word' id='word_1_44' title='bbox 1295 571 1514 685; x_wconf 73' lang='lat' dir='ltr'><strong><em>1inquit,</em></strong></span> <span class='ocrx_word' id='word_1_45' title='bbox 1558 615 1622 670; x_wconf 90' lang='lat' dir='ltr'><strong><em>de</em></strong></span> <span class='ocrx_word' id='word_1_46' title='bbox 1645 616 1800 682; x_wconf 90' lang='lat' dir='ltr'><strong><em>vobis,</em></strong></span> <span class='ocrx_word' id='word_1_47' title='bbox 1853 620 2040 688; x_wconf 82' lang='lat' dir='ltr'><strong><em>fratres</em></strong></span> 
     </span>
    </p>
   </div>
   <div class='ocr_carea' id='block_1_6' title="bbox 405 687 2037 782">
    <p class='ocr_par' dir='ltr' id='par_1_6' title="bbox 405 687 2037 782">
     <span class='ocr_line' id='line_1_7' title="bbox 405 687 2037 782; baseline 0.006 -26"><span class='ocrx_word' id='word_1_48' title='bbox 448 704 755 772; x_wconf 83' lang='lat' dir='ltr'><strong><em>charissimi,</em></strong></span> <span class='ocrx_word' id='word_1_49' title='bbox 787 705 996 760; x_wconf 75' lang='lat' dir='ltr'><strong><em>meliora</em></strong></span> <span class='ocrx_word' id='word_1_50' title='bbox 1042 716 1090 761; x_wconf 87' lang='lat' dir='ltr'><strong><em>et</em></strong></span> <span class='ocrx_word' id='word_1_51' title='bbox 1115 707 1358 762; x_wconf 63' lang='lat' dir='ltr'><strong><em>haerentia</em></strong></span> <span class='ocrx_word' id='word_1_52' title='bbox 1403 709 1560 764; x_wconf 87' lang='lat' dir='ltr'><strong><em>saluti</em></strong></span> <span class='ocrx_word' id='word_1_53' title='bbox 1587 707 1770 782; x_wconf 82' lang='lat' dir='ltr'><strong><em>(Hebr.</em></strong></span> <span class='ocrx_word' id='word_1_54' title='bbox 1794 687 1864 773; x_wconf 87' lang='lat' dir='ltr'><strong><em>vt,</em></strong></span> <span class='ocrx_word' id='word_1_55' title='bbox 1889 709 2037 782; x_wconf 87' lang='grc'><strong><em>7-9).</em></strong></span> 
     </span>
    </p>
   </div>
   <div class='ocr_carea' id='block_1_7' title="bbox 445 797 2038 871">
    <p class='ocr_par' dir='ltr' id='par_1_7' title="bbox 445 797 2038 871">
     <span class='ocr_line' id='line_1_8' title="bbox 445 797 2038 871; baseline 0.004 -19"><span class='ocrx_word' id='word_1_56' title='bbox 445 797 692 852; x_wconf 77' lang='lat' dir='ltr'><strong><em>Attendis</em></strong></span> <span class='ocrx_word' id='word_1_57' title='bbox 739 808 883 854; x_wconf 89' lang='lat' dir='ltr'><strong><em>certe</em></strong></span> <span class='ocrx_word' id='word_1_58' title='bbox 927 799 1198 871; x_wconf 90' lang='lat' dir='ltr'><strong><em>quomodo</em></strong></span> <span class='ocrx_word' id='word_1_59' title='bbox 1236 800 1323 857; x_wconf 88' lang='lat' dir='ltr'><strong><em>hic</em></strong></span> <span class='ocrx_word' id='word_1_60' title='bbox 1365 800 1597 868; x_wconf 76' lang='lat' dir='ltr'><strong><em>dixerit,</em></strong></span> <span class='ocrx_word' id='word_1_61' title='bbox 1651 803 1860 857; x_wconf 79' lang='lat' dir='ltr'><strong><em>meliora</em></strong></span> <span class='ocrx_word' id='word_1_62' title='bbox 1887 819 1906 857; x_wconf 91' lang='lat'><strong><em>:</em></strong></span> <span class='ocrx_word' id='word_1_63' title='bbox 1934 819 2038 859; x_wconf 92' lang='lat' dir='ltr'><strong><em>non</em></strong></span> 
     </span>
    </p>
   </div>
   <div class='ocr_carea' id='block_1_8' title="bbox 445 889 2038 966">
    <p class='ocr_par' dir='ltr' id='par_1_8' title="bbox 445 889 2038 966">
     <span class='ocr_line' id='line_1_9' title="bbox 445 889 2038 966; baseline 0.004 -23"><span class='ocrx_word' id='word_1_64' title='bbox 445 894 566 959; x_wconf 85' lang='lat' dir='ltr'><strong><em>quia</em></strong></span> <span class='ocrx_word' id='word_1_65' title='bbox 600 889 737 945; x_wconf 90' lang='lat' dir='ltr'><strong><em>bona</em></strong></span> <span class='ocrx_word' id='word_1_66' title='bbox 761 899 915 947; x_wconf 89' lang='lat' dir='ltr'><strong><em>erant</em></strong></span> <span class='ocrx_word' id='word_1_67' title='bbox 967 909 1085 963; x_wconf 66' lang='lat' dir='ltr'><strong><em>quae</em></strong></span> <span class='ocrx_word' id='word_1_68' title='bbox 1115 908 1275 964; x_wconf 80' lang='lat' dir='ltr'><strong><em>supra</em></strong></span> <span class='ocrx_word' id='word_1_69' title='bbox 1304 893 1534 960; x_wconf 86' lang='lat' dir='ltr'><strong><em>dixerat,</em></strong></span> <span class='ocrx_word' id='word_1_70' title='bbox 1578 893 1820 965; x_wconf 90' lang='lat' dir='ltr'><strong><em>proferre</em></strong></span> <span class='ocrx_word' id='word_1_71' title='bbox 1855 895 2038 966; x_wconf 88' lang='lat' dir='ltr'><strong><em>spinas</em></strong></span> 
     </span>
    </p>
   </div>
   <div class='ocr_carea' id='block_1_9' title="bbox 414 983 2035 1060">
    <p class='ocr_par' dir='ltr' id='par_1_9' title="bbox 414 983 2035 1060">
     <span class='ocr_line' id='line_1_10' title="bbox 414 983 2035 1060; baseline 0.002 -23"><span class='ocrx_word' id='word_1_72' title='bbox 414 994 499 1060; x_wconf 42' lang='lat' dir='ltr'><strong><em>‘et</em></strong></span> <span class='ocrx_word' id='word_1_73' title='bbox 531 983 774 1052; x_wconf 84' lang='lat' dir='ltr'><strong><em>tribulos,</em></strong></span> <span class='ocrx_word' id='word_1_74' title='bbox 807 995 862 1041; x_wconf 89' lang='lat' dir='ltr'><strong><em>et</em></strong></span> <span class='ocrx_word' id='word_1_75' title='bbox 887 986 1150 1042; x_wconf 84' lang='lat' dir='ltr'><strong><em>ustionem</em></strong></span> <span class='ocrx_word' id='word_1_76' title='bbox 1173 987 1366 1043; x_wconf 85' lang='lat' dir='ltr'><strong><em>mereri</em></strong></span> <span class='ocrx_word' id='word_1_77' title='bbox 1396 1003 1412 1053; x_wconf 90' lang='lat'><strong>;</strong></span> <span class='ocrx_word' id='word_1_78' title='bbox 1444 987 1538 1043; x_wconf 91' lang='lat' dir='ltr'><strong><em>sed</em></strong></span> <span class='ocrx_word' id='word_1_79' title='bbox 1565 987 1733 1059; x_wconf 81' lang='lat' dir='ltr'><strong><em>magis</em></strong></span> <span class='ocrx_word' id='word_1_80' title='bbox 1773 987 1896 1059; x_wconf 90' lang='lat' dir='ltr'><strong><em>quia</em></strong></span> <span class='ocrx_word' id='word_1_81' title='bbox 1918 1001 2035 1042; x_wconf 88' lang='lat' dir='ltr'><strong><em>ma-</em></strong></span> 
     </span>
    </p>
   </div>
   <div class='ocr_carea' id='block_1_10' title="bbox 411 1064 2032 1150">
    <p class='ocr_par' dir='ltr' id='par_1_10' title="bbox 411 1064 2032 1150">
     <span class='ocr_line' id='line_1_11' title="bbox 411 1064 2032 1150; baseline 0.003 -23"><span class='ocrx_word' id='word_1_82' title='bbox 411 1064 492 1127; x_wconf 48' lang='lat' dir='ltr'><strong><em>‘la</em></strong></span> <span class='ocrx_word' id='word_1_83' title='bbox 522 1085 692 1139; x_wconf 87' lang='lat' dir='ltr'><strong><em>erant,</em></strong></span> <span class='ocrx_word' id='word_1_84' title='bbox 727 1084 779 1130; x_wconf 89' lang='lat' dir='ltr'><strong><em>ut</em></strong></span> <span class='ocrx_word' id='word_1_85' title='bbox 812 1077 915 1132; x_wconf 89' lang='lat' dir='ltr'><strong><em>illis</em></strong></span> <span class='ocrx_word' id='word_1_86' title='bbox 938 1077 1186 1133; x_wconf 84' lang='lat' dir='ltr'><strong><em>devitatis</em></strong></span> <span class='ocrx_word' id='word_1_87' title='bbox 1238 1078 1460 1134; x_wconf 86' lang='lat' dir='ltr'><strong><em>meliora</em></strong></span> <span class='ocrx_word' id='word_1_88' title='bbox 1496 1078 1756 1150; x_wconf 88' lang='lat' dir='ltr'><strong><em>eligerent</em></strong></span> <span class='ocrx_word' id='word_1_89' title='bbox 1791 1087 1844 1134; x_wconf 93' lang='lat' dir='ltr'><strong><em>et</em></strong></span> <span class='ocrx_word' id='word_1_90' title='bbox 1873 1088 2032 1149; x_wconf 79' lang='lat' dir='ltr'><strong><em>opta-</em></strong></span> 
     </span>
    </p>
   </div>
   <div class='ocr_carea' id='block_1_11' title="bbox 443 1168 2034 1235">
    <p class='ocr_par' dir='ltr' id='par_1_11' title="bbox 443 1168 2034 1235">
     <span class='ocr_line' id='line_1_12' title="bbox 443 1168 2034 1235; baseline 0.003 -14"><span class='ocrx_word' id='word_1_91' title='bbox 443 1176 585 1233; x_wconf 87' lang='lat' dir='ltr'><strong><em>rent,</em></strong></span> <span class='ocrx_word' id='word_1_92' title='bbox 617 1168 716 1222; x_wconf 89' lang='lat' dir='ltr'><strong><em>hoc</em></strong></span> <span class='ocrx_word' id='word_1_93' title='bbox 731 1177 830 1235; x_wconf 92' lang='lat' dir='ltr'><strong><em>est,</em></strong></span> <span class='ocrx_word' id='word_1_94' title='bbox 867 1169 1003 1225; x_wconf 88' lang='lat' dir='ltr'><strong><em>bona</em></strong></span> <span class='ocrx_word' id='word_1_95' title='bbox 1039 1169 1200 1226; x_wconf 87' lang='lat' dir='ltr'><strong><em>tantis</em></strong></span> <span class='ocrx_word' id='word_1_96' title='bbox 1244 1169 1401 1225; x_wconf 90' lang='lat' dir='ltr'><strong><em>malis</em></strong></span> <span class='ocrx_word' id='word_1_97' title='bbox 1442 1171 1729 1226; x_wconf 89' lang='lat' dir='ltr'><strong><em>contraria.</em></strong></span> <span class='ocrx_word' id='word_1_98' title='bbox 1759 1169 1863 1226; x_wconf 90' lang='lat' dir='ltr'><strong><em>Sed</em></strong></span> <span class='ocrx_word' id='word_1_99' title='bbox 1896 1171 2034 1226; x_wconf 87' lang='lat' dir='ltr'><strong><em>forte</em></strong></span> 
     </span>
    </p>
   </div>
   <div class='ocr_carea' id='block_1_12' title="bbox 441 1259 2032 1334">
    <p class='ocr_par' dir='ltr' id='par_1_12' title="bbox 441 1259 2032 1334">
     <span class='ocr_line' id='line_1_13' title="bbox 441 1259 2032 1334; baseline 0.003 -20"><span class='ocrx_word' id='word_1_100' title='bbox 441 1259 758 1329; x_wconf 79' lang='lat' dir='ltr'><strong><em>Apostolum</em></strong></span> <span class='ocrx_word' id='word_1_101' title='bbox 783 1261 860 1317; x_wconf 91' lang='lat' dir='ltr'><strong><em>sic</em></strong></span> <span class='ocrx_word' id='word_1_102' title='bbox 888 1261 1209 1318; x_wconf 88' lang='lat' dir='ltr'><strong><em>audiendum</em></strong></span> <span class='ocrx_word' id='word_1_103' title='bbox 1249 1278 1371 1320; x_wconf 90' lang='lat' dir='ltr'><strong><em>esse</em></strong></span> <span class='ocrx_word' id='word_1_104' title='bbox 1425 1263 1723 1331; x_wconf 90' lang='lat' dir='ltr'><strong><em>arbitraris,</em></strong></span> <span class='ocrx_word' id='word_1_105' title='bbox 1771 1264 2032 1334; x_wconf 87' lang='lat' dir='ltr'><strong><em>quemad-</em></strong></span> 
     </span>
    </p>
   </div>
   <div class='ocr_carea' id='block_1_13' title="bbox 443 1352 2032 1426">
    <p class='ocr_par' dir='ltr' id='par_1_13' title="bbox 443 1352 2032 1426">
     <span class='ocr_line' id='line_1_14' title="bbox 443 1352 2032 1426; baseline 0.002 -18"><span class='ocrx_word' id='word_1_106' title='bbox 443 1352 663 1408; x_wconf 90' lang='lat' dir='ltr'><strong><em>modum</em></strong></span> <span class='ocrx_word' id='word_1_107' title='bbox 693 1352 760 1410; x_wconf 91' lang='lat' dir='ltr'><strong><em>de</em></strong></span> <span class='ocrx_word' id='word_1_108' title='bbox 803 1369 864 1410; x_wconf 90' lang='lat' dir='ltr'><strong><em>se</em></strong></span> <span class='ocrx_word' id='word_1_109' title='bbox 913 1354 1026 1425; x_wconf 88' lang='lat' dir='ltr'><strong><em>ipse</em></strong></span> <span class='ocrx_word' id='word_1_110' title='bbox 1079 1354 1226 1422; x_wconf 88' lang='lat' dir='ltr'><strong><em>dicit,</em></strong></span> <span class='ocrx_word' id='word_1_111' title='bbox 1287 1363 1535 1426; x_wconf 86' lang='lat' dir='ltr'><strong><em>tanquam</em></strong></span> <span class='ocrx_word' id='word_1_112' title='bbox 1583 1355 1876 1422; x_wconf 91' lang='lat' dir='ltr'><strong><em>hominem,</em></strong></span> <span class='ocrx_word' id='word_1_113' title='bbox 1907 1355 2032 1411; x_wconf 89' lang='lat' dir='ltr'><strong><em>etsi</em></strong></span> 
     </span>
    </p>
   </div>
   <div class='ocr_carea' id='block_1_14' title="bbox 439 1443 2028 1520">
    <p class='ocr_par' dir='ltr' id='par_1_14' title="bbox 439 1443 2028 1520">
     <span class='ocr_line' id='line_1_15' title="bbox 439 1443 2028 1520; baseline 0.003 -22"><span class='ocrx_word' id='word_1_114' title='bbox 439 1443 743 1514; x_wconf 85' lang='lat' dir='ltr'><strong><em>imperitum</em></strong></span> <span class='ocrx_word' id='word_1_115' title='bbox 769 1459 1039 1513; x_wconf 82' lang='lat' dir='ltr'><strong><em>sermone,</em></strong></span> <span class='ocrx_word' id='word_1_116' title='bbox 1081 1446 1176 1502; x_wconf 90' lang='lat' dir='ltr'><strong><em>sed</em></strong></span> <span class='ocrx_word' id='word_1_117' title='bbox 1203 1461 1308 1502; x_wconf 90' lang='lat' dir='ltr'><strong><em>non</em></strong></span> <span class='ocrx_word' id='word_1_118' title='bbox 1338 1447 1557 1504; x_wconf 89' lang='lat' dir='ltr'><strong><em>scientia</em></strong></span> <span class='ocrx_word' id='word_1_119' title='bbox 1585 1447 1655 1520; x_wconf 93' lang='lat' dir='ltr'><strong><em>(ll</em></strong></span> <span class='ocrx_word' id='word_1_120' title='bbox 1671 1447 1789 1502; x_wconf 87' lang='lat' dir='ltr'><strong><em>Cor.</em></strong></span> <span class='ocrx_word' id='word_1_121' title='bbox 1823 1463 1899 1513; x_wconf 77' lang='lat' dir='ltr'><strong><em>xi,</em></strong></span> <span class='ocrx_word' id='word_1_122' title='bbox 1923 1448 1980 1517; x_wconf 89' lang='lat'><strong><em>6)</em></strong></span> <span class='ocrx_word' id='word_1_123' title='bbox 2013 1467 2028 1503; x_wconf 90' lang='lat'>:</span> 
     </span>
    </p>
   </div>
   <div class='ocr_carea' id='block_1_15' title="bbox 438 1535 2032 1612">
    <p class='ocr_par' dir='ltr' id='par_1_15' title="bbox 438 1535 2032 1612">
     <span class='ocr_line' id='line_1_16' title="bbox 438 1535 2032 1612; baseline 0.004 -22"><span class='ocrx_word' id='word_1_124' title='bbox 438 1543 496 1590; x_wconf 89' lang='lat' dir='ltr'><strong><em>et</em></strong></span> <span class='ocrx_word' id='word_1_125' title='bbox 521 1535 644 1591; x_wconf 93' lang='lat' dir='ltr'><strong><em>ideo</em></strong></span> <span class='ocrx_word' id='word_1_126' title='bbox 673 1550 779 1591; x_wconf 92' lang='lat' dir='ltr'><strong><em>non</em></strong></span> <span class='ocrx_word' id='word_1_127' title='bbox 808 1537 1092 1593; x_wconf 81' lang='lat' dir='ltr'><strong><em>verborum</em></strong></span> <span class='ocrx_word' id='word_1_128' title='bbox 1118 1539 1173 1593; x_wconf 92' lang='lat' dir='ltr'><strong><em>in</em></strong></span> <span class='ocrx_word' id='word_1_129' title='bbox 1195 1553 1283 1604; x_wconf 91' lang='lat' dir='ltr'><strong><em>eo,</em></strong></span> <span class='ocrx_word' id='word_1_130' title='bbox 1312 1538 1407 1594; x_wconf 92' lang='lat' dir='ltr'><strong><em>sed</em></strong></span> <span class='ocrx_word' id='word_1_131' title='bbox 1435 1555 1614 1594; x_wconf 90' lang='lat' dir='ltr'><strong><em>rerum</em></strong></span> <span class='ocrx_word' id='word_1_132' title='bbox 1642 1549 1800 1612; x_wconf 90' lang='lat' dir='ltr'><strong><em>atque</em></strong></span> <span class='ocrx_word' id='word_1_133' title='bbox 1821 1549 2032 1596; x_wconf 88' lang='lat' dir='ltr'><strong><em>senten-</em></strong></span> 
     </span>
    </p>
   </div>
   <div class='ocr_carea' id='block_1_16' title="bbox 439 1627 2025 1704">
    <p class='ocr_par' dir='ltr' id='par_1_16' title="bbox 439 1627 2025 1704">
     <span class='ocr_line' id='line_1_17' title="bbox 439 1627 2025 1704; baseline 0.004 -22"><span class='ocrx_word' id='word_1_134' title='bbox 439 1627 630 1683; x_wconf 90' lang='lat' dir='ltr'><strong><em>tiarum</em></strong></span> <span class='ocrx_word' id='word_1_135' title='bbox 658 1630 1031 1686; x_wconf 84' lang='lat' dir='ltr'><strong><em>auctoritatem</em></strong></span> <span class='ocrx_word' id='word_1_136' title='bbox 1057 1639 1216 1701; x_wconf 90' lang='lat' dir='ltr'><strong><em>putas</em></strong></span> <span class='ocrx_word' id='word_1_137' title='bbox 1247 1646 1366 1687; x_wconf 88' lang='lat' dir='ltr'><strong><em>esse</em></strong></span> <span class='ocrx_word' id='word_1_138' title='bbox 1388 1632 1718 1698; x_wconf 82' lang='lat' dir='ltr'><strong><em>sectandam,</em></strong></span> <span class='ocrx_word' id='word_1_139' title='bbox 1747 1633 1882 1688; x_wconf 85' lang='lat' dir='ltr'><strong><em>bona</em></strong></span> <span class='ocrx_word' id='word_1_140' title='bbox 1903 1633 2025 1704; x_wconf 92' lang='lat' dir='ltr'><strong><em>poni</em></strong></span> 
     </span>
    </p>
   </div>
   <div class='ocr_carea' id='block_1_17' title="bbox 438 1719 2027 1796">
    <p class='ocr_par' dir='ltr' id='par_1_17' title="bbox 438 1719 2027 1796">
     <span class='ocr_line' id='line_1_18' title="bbox 438 1719 2027 1796; baseline 0.004 -21"><span class='ocrx_word' id='word_1_141' title='bbox 438 1719 689 1778; x_wconf 86' lang='lat' dir='ltr'><strong><em>debuisse</em></strong></span> <span class='ocrx_word' id='word_1_142' title='bbox 717 1722 1068 1790; x_wconf 89' lang='lat' dir='ltr'><strong><em>contendens,</em></strong></span> <span class='ocrx_word' id='word_1_143' title='bbox 1111 1723 1201 1779; x_wconf 90' lang='lat' dir='ltr'><strong><em>ubi</em></strong></span> <span class='ocrx_word' id='word_1_144' title='bbox 1254 1725 1435 1794; x_wconf 85' lang='lat' dir='ltr'><strong><em>posuit</em></strong></span> <span class='ocrx_word' id='word_1_145' title='bbox 1462 1725 1578 1796; x_wconf 89' lang='lat' dir='ltr'><strong><em>ipse</em></strong></span> <span class='ocrx_word' id='word_1_146' title='bbox 1625 1725 1854 1780; x_wconf 86' lang='lat' dir='ltr'><strong><em>meliora.</em></strong></span> <span class='ocrx_word' id='word_1_147' title='bbox 1888 1725 2027 1794; x_wconf 83' lang='lat' dir='ltr'><strong><em>Quid</em></strong></span> 
     </span>
    </p>
   </div>
   <div class='ocr_carea' id='block_1_18' title="bbox 438 1811 2029 1888">
    <p class='ocr_par' dir='ltr' id='par_1_18' title="bbox 438 1811 2029 1888">
     <span class='ocr_line' id='line_1_19' title="bbox 438 1811 2029 1888; baseline 0.004 -23"><span class='ocrx_word' id='word_1_148' title='bbox 438 1811 484 1866; x_wconf 88' lang='lat' dir='ltr'><strong><em>si</em></strong></span> <span class='ocrx_word' id='word_1_149' title='bbox 511 1821 566 1866; x_wconf 91' lang='lat' dir='ltr'><strong><em>et</em></strong></span> <span class='ocrx_word' id='word_1_150' title='bbox 592 1827 690 1882; x_wconf 87' lang='lat' dir='ltr'><strong><em>ego</em></strong></span> <span class='ocrx_word' id='word_1_151' title='bbox 707 1813 817 1883; x_wconf 88' lang='lat' dir='ltr'><strong><em>jam</em></strong></span> <span class='ocrx_word' id='word_1_152' title='bbox 875 1813 959 1870; x_wconf 88' lang='lat' dir='ltr'><strong><em>his</em></strong></span> <span class='ocrx_word' id='word_1_153' title='bbox 1013 1813 1207 1870; x_wconf 87' lang='lat' dir='ltr'><strong><em>litteris</em></strong></span> <span class='ocrx_word' id='word_1_154' title='bbox 1249 1814 1603 1884; x_wconf 84' lang='lat' dir='ltr'><strong><em>assuefactus,</em></strong></span> <span class='ocrx_word' id='word_1_155' title='bbox 1633 1824 1689 1871; x_wconf 92' lang='lat' dir='ltr'><strong><em>et</em></strong></span> <span class='ocrx_word' id='word_1_156' title='bbox 1736 1817 1850 1872; x_wconf 85' lang='lat' dir='ltr'><strong><em>illas</em></strong></span> <span class='ocrx_word' id='word_1_157' title='bbox 1893 1832 2029 1888; x_wconf 89' lang='lat' dir='ltr'><strong><em>quas</em></strong></span> 
     </span>
    </p>
   </div>
   <div class='ocr_carea' id='block_1_19' title="bbox 438 1902 2023 1978">
    <p class='ocr_par' dir='ltr' id='par_1_19' title="bbox 438 1902 2023 1978">
     <span class='ocr_line' id='line_1_20' title="bbox 438 1902 2023 1978; baseline 0.004 -22"><span class='ocrx_word' id='word_1_158' title='bbox 438 1917 571 1972; x_wconf 91' lang='lat' dir='ltr'><strong><em>puer</em></strong></span> <span class='ocrx_word' id='word_1_159' title='bbox 610 1902 770 1959; x_wconf 90' lang='lat' dir='ltr'><strong><em>didici</em></strong></span> <span class='ocrx_word' id='word_1_160' title='bbox 835 1903 1054 1972; x_wconf 89' lang='lat' dir='ltr'><strong><em>oblitus,</em></strong></span> <span class='ocrx_word' id='word_1_161' title='bbox 1080 1906 1158 1961; x_wconf 91' lang='lat' dir='ltr'><strong><em>sic</em></strong></span> <span class='ocrx_word' id='word_1_162' title='bbox 1201 1905 1334 1975; x_wconf 83' lang='lat' dir='ltr'><strong><em>dixi,</em></strong></span> <span class='ocrx_word' id='word_1_163' title='bbox 1385 1905 1618 1978; x_wconf 85' lang='lat' dir='ltr'><strong><em>Objicitis</em></strong></span> <span class='ocrx_word' id='word_1_164' title='bbox 1673 1907 2023 1977; x_wconf 78' lang='lat' dir='ltr'><strong><em>traditionem,</em></strong></span> 
     </span>
    </p>
   </div>
   <div class='ocr_carea' id='block_1_20' title="bbox 435 1993 2028 2079">
    <p class='ocr_par' dir='ltr' id='par_1_20' title="bbox 435 1993 2028 2079">
     <span class='ocr_line' id='line_1_21' title="bbox 435 1993 2028 2079; baseline 0.004 -31"><span class='ocrx_word' id='word_1_165' title='bbox 435 1993 566 2050; x_wconf 88' lang='lat' dir='ltr'><strong><em>hanc</em></strong></span> <span class='ocrx_word' id='word_1_166' title='bbox 588 1995 750 2066; x_wconf 90' lang='lat' dir='ltr'><strong><em>ipsam</em></strong></span> <span class='ocrx_word' id='word_1_167' title='bbox 775 1997 934 2050; x_wconf 89' lang='lat' dir='ltr'><strong><em>multo</em></strong></span> <span class='ocrx_word' id='word_1_168' title='bbox 952 1997 1264 2068; x_wconf 81' lang='lat' dir='ltr'><strong><em>probabilius</em></strong></span> <span class='ocrx_word' id='word_1_169' title='bbox 1291 2015 1384 2053; x_wconf 86' lang='lat' dir='ltr'><strong><em>nos</em></strong></span> <span class='ocrx_word' id='word_1_170' title='bbox 1409 1999 1546 2054; x_wconf 83' lang='lat' dir='ltr'><strong><em>vobis</em></strong></span> <span class='ocrx_word' id='word_1_171' title='bbox 1569 2000 1834 2079; x_wconf 78' lang='lat' dir='ltr'><strong><em>obiicimus</em></strong></span> <span class='ocrx_word' id='word_1_172' title='bbox 1861 2016 1882 2054; x_wconf 90' lang='lat'><strong><em>:</em></strong></span> <span class='ocrx_word' id='word_1_173' title='bbox 1911 2010 2028 2055; x_wconf 91' lang='lat' dir='ltr'><strong><em>tan-</em></strong></span> 
     </span>
    </p>
   </div>
   <div class='ocr_carea' id='block_1_21' title="bbox 435 2089 2025 2164">
    <p class='ocr_par' dir='ltr' id='par_1_21' title="bbox 435 2089 2025 2164">
     <span class='ocr_line' id='line_1_22' title="bbox 435 2089 2025 2164; baseline 0.005 -23"><span class='ocrx_word' id='word_1_174' title='bbox 435 2103 595 2159; x_wconf 85' lang='lat' dir='ltr'><strong><em>quam</em></strong></span> <span class='ocrx_word' id='word_1_175' title='bbox 621 2089 879 2155; x_wconf 89' lang='lat' dir='ltr'><strong><em>dicerem,</em></strong></span> <span class='ocrx_word' id='word_1_176' title='bbox 910 2089 1285 2158; x_wconf 86' lang='lat' dir='ltr'><strong><em>Probabiliter,</em></strong></span> <span class='ocrx_word' id='word_1_177' title='bbox 1314 2093 1735 2162; x_wconf 79' lang='lat' dir='ltr'><strong><em>comparativum</em></strong></span> <span class='ocrx_word' id='word_1_178' title='bbox 1763 2108 1860 2163; x_wconf 92' lang='lat' dir='ltr'><strong><em>pro</em></strong></span> <span class='ocrx_word' id='word_1_179' title='bbox 1879 2093 2025 2164; x_wconf 88' lang='lat' dir='ltr'><strong><em>posi-</em></strong></span> 
     </span>
    </p>
   </div>
   <div class='ocr_carea' id='block_1_22' title="bbox 435 2180 2026 2254">
    <p class='ocr_par' dir='ltr' id='par_1_22' title="bbox 435 2180 2026 2254">
     <span class='ocr_line' id='line_1_23' title="bbox 435 2180 2026 2254; baseline 0.003 -19"><span class='ocrx_word' id='word_1_180' title='bbox 435 2180 544 2235; x_wconf 91' lang='lat' dir='ltr'><strong><em>tivo</em></strong></span> <span class='ocrx_word' id='word_1_181' title='bbox 598 2195 828 2252; x_wconf 89' lang='lat' dir='ltr'><strong><em>ponens,</em></strong></span> <span class='ocrx_word' id='word_1_182' title='bbox 885 2196 993 2236; x_wconf 91' lang='lat' dir='ltr'><strong><em>non</em></strong></span> <span class='ocrx_word' id='word_1_183' title='bbox 1033 2181 1156 2252; x_wconf 86' lang='lat' dir='ltr'><strong><em>quia</em></strong></span> <span class='ocrx_word' id='word_1_184' title='bbox 1179 2196 1274 2238; x_wconf 84' lang='lat' dir='ltr'><strong><em>vos</em></strong></span> <span class='ocrx_word' id='word_1_185' title='bbox 1312 2182 1678 2252; x_wconf 83' lang='lat' dir='ltr'><strong><em>probabiliter,</em></strong></span> <span class='ocrx_word' id='word_1_186' title='bbox 1738 2183 1832 2239; x_wconf 91' lang='lat' dir='ltr'><strong><em>sed</em></strong></span> <span class='ocrx_word' id='word_1_187' title='bbox 1858 2183 2026 2254; x_wconf 89' lang='lat' dir='ltr'><strong><em>magis</em></strong></span> 
     </span>
    </p>
   </div>
   <div class='ocr_carea' id='block_1_23' title="bbox 431 2271 2024 2348">
    <p class='ocr_par' dir='ltr' id='par_1_23' title="bbox 431 2271 2024 2348">
     <span class='ocr_line' id='line_1_24' title="bbox 431 2271 2024 2348; baseline 0.003 -22"><span class='ocrx_word' id='word_1_188' title='bbox 431 2272 554 2342; x_wconf 87' lang='lat' dir='ltr'><strong><em>quia</em></strong></span> <span class='ocrx_word' id='word_1_189' title='bbox 599 2271 1024 2343; x_wconf 87' lang='lat' dir='ltr'><strong><em>improbabiliter</em></strong></span> <span class='ocrx_word' id='word_1_190' title='bbox 1050 2291 1064 2340; x_wconf 90' lang='lat'><strong>;</strong></span> <span class='ocrx_word' id='word_1_191' title='bbox 1097 2275 1234 2331; x_wconf 88' lang='lat' dir='ltr'><strong><em>sicut</em></strong></span> <span class='ocrx_word' id='word_1_192' title='bbox 1264 2275 1356 2331; x_wconf 93' lang='lat' dir='ltr'><strong><em>ille</em></strong></span> <span class='ocrx_word' id='word_1_193' title='bbox 1385 2277 1612 2341; x_wconf 84' lang='lat' dir='ltr'><strong><em>meliora,</em></strong></span> <span class='ocrx_word' id='word_1_194' title='bbox 1663 2290 1768 2331; x_wconf 92' lang='lat' dir='ltr'><strong><em>non</em></strong></span> <span class='ocrx_word' id='word_1_195' title='bbox 1789 2277 1912 2348; x_wconf 86' lang='lat' dir='ltr'><strong><em>quia</em></strong></span> <span class='ocrx_word' id='word_1_196' title='bbox 1933 2275 2024 2332; x_wconf 87' lang='lat' dir='ltr'><strong><em>illa</em></strong></span> 
     </span>
    </p>
   </div>
   <div class='ocr_carea' id='block_1_24' title="bbox 349 2365 2024 2440">
    <p class='ocr_par' dir='ltr' id='par_1_24' title="bbox 349 2365 2024 2440">
     <span class='ocr_line' id='line_1_25' title="bbox 349 2365 2024 2440; baseline 0.003 -21"><span class='ocrx_word' id='word_1_197' title='bbox 349 2377 355 2383; x_wconf 88' lang='lat'>&#39;</span> <span class='ocrx_word' id='word_1_198' title='bbox 429 2374 583 2420; x_wconf 90' lang='lat' dir='ltr'><strong><em>erant</em></strong></span> <span class='ocrx_word' id='word_1_199' title='bbox 611 2365 771 2433; x_wconf 90' lang='lat' dir='ltr'><strong><em>bona,</em></strong></span> <span class='ocrx_word' id='word_1_200' title='bbox 803 2365 897 2420; x_wconf 88' lang='lat' dir='ltr'><strong><em>sed</em></strong></span> <span class='ocrx_word' id='word_1_201' title='bbox 930 2367 1100 2438; x_wconf 88' lang='lat' dir='ltr'><strong><em>magis</em></strong></span> <span class='ocrx_word' id='word_1_202' title='bbox 1147 2366 1272 2438; x_wconf 90' lang='lat' dir='ltr'><strong><em>quia</em></strong></span> <span class='ocrx_word' id='word_1_203' title='bbox 1308 2367 1490 2423; x_wconf 90' lang='lat' dir='ltr'><strong><em>mala:</em></strong></span> <span class='ocrx_word' id='word_1_204' title='bbox 1523 2377 1578 2422; x_wconf 91' lang='lat' dir='ltr'><strong><em>tu</em></strong></span> <span class='ocrx_word' id='word_1_205' title='bbox 1612 2383 1778 2440; x_wconf 90' lang='lat' dir='ltr'><strong><em>quare</em></strong></span> <span class='ocrx_word' id='word_1_206' title='bbox 1819 2377 1925 2425; x_wconf 88' lang='lat' dir='ltr'><strong><em>tam</em></strong></span> <span class='ocrx_word' id='word_1_207' title='bbox 1947 2378 2024 2424; x_wconf 84' lang='lat' dir='ltr'><strong><em>te-</em></strong></span> 
     </span>
    </p>
   </div>
   <div class='ocr_carea' id='block_1_25' title="bbox 431 2456 2024 2532">
    <p class='ocr_par' dir='ltr' id='par_1_25' title="bbox 431 2456 2024 2532">
     <span class='ocr_line' id='line_1_26' title="bbox 431 2456 2024 2532; baseline 0.003 -21"><span class='ocrx_word' id='word_1_208' title='bbox 431 2472 579 2512; x_wconf 89' lang='lat' dir='ltr'><strong><em>mere</em></strong></span> <span class='ocrx_word' id='word_1_209' title='bbox 606 2456 883 2512; x_wconf 91' lang='lat' dir='ltr'><strong><em>concludis</em></strong></span> <span class='ocrx_word' id='word_1_210' title='bbox 904 2473 970 2513; x_wconf 89' lang='lat' dir='ltr'><strong><em>ex</em></strong></span> <span class='ocrx_word' id='word_1_211' title='bbox 1017 2459 1116 2514; x_wconf 84' lang='lat' dir='ltr'><strong><em>hoc</em></strong></span> <span class='ocrx_word' id='word_1_212' title='bbox 1140 2459 1488 2515; x_wconf 79' lang='lat' dir='ltr'><strong><em>confirmasse</em></strong></span> <span class='ocrx_word' id='word_1_213' title='bbox 1518 2475 1622 2524; x_wconf 91' lang='lat' dir='ltr'><strong><em>me,</em></strong></span> <span class='ocrx_word' id='word_1_214' title='bbox 1655 2475 1750 2515; x_wconf 84' lang='lat' dir='ltr'><strong><em>vos</em></strong></span> <span class='ocrx_word' id='word_1_215' title='bbox 1777 2460 2024 2532; x_wconf 84' lang='lat' dir='ltr'><strong><em>probabi-</em></strong></span> 
     </span>
    </p>
   </div>
   <div class='ocr_carea' id='block_1_26' title="bbox 430 2548 1386 2622">
    <p class='ocr_par' dir='ltr' id='par_1_26' title="bbox 430 2548 1386 2622">
     <span class='ocr_line' id='line_1_27' title="bbox 430 2548 1386 2622; baseline 0.002 -18"><span class='ocrx_word' id='word_1_216' title='bbox 430 2548 572 2614; x_wconf 89' lang='lat' dir='ltr'><strong><em>liter,</em></strong></span> <span class='ocrx_word' id='word_1_217' title='bbox 604 2549 724 2620; x_wconf 91' lang='lat' dir='ltr'><strong><em>quia</em></strong></span> <span class='ocrx_word' id='word_1_218' title='bbox 755 2549 864 2606; x_wconf 87' lang='lat' dir='ltr'><strong><em>dixi</em></strong></span> <span class='ocrx_word' id='word_1_219' title='bbox 888 2566 986 2605; x_wconf 91' lang='lat' dir='ltr'><strong><em>nos</em></strong></span> <span class='ocrx_word' id='word_1_220' title='bbox 1011 2550 1336 2622; x_wconf 88' lang='lat' dir='ltr'><strong><em>probabilius</em></strong></span> <span class='ocrx_word' id='word_1_221' title='bbox 1363 2551 1386 2606; x_wconf 88' lang='lat'><strong>?</strong></span> 
     </span>
    </p>
   </div>
   <div class='ocr_carea' id='block_1_27' title="bbox 498 2640 2021 2714">
    <p class='ocr_par' dir='ltr' id='par_1_27' title="bbox 498 2640 2021 2714">
     <span class='ocr_line' id='line_1_28' title="bbox 498 2640 2021 2714; baseline 0.003 -18"><span class='ocrx_word' id='word_1_222' title='bbox 498 2641 726 2698; x_wconf 82' lang='lat' dir='ltr'><strong>CAPUT</strong></span> <span class='ocrx_word' id='word_1_223' title='bbox 770 2640 980 2697; x_wconf 80' lang='lat' dir='ltr'><strong><em>LXXV.</em></strong></span> <span class='ocrx_word' id='word_1_224' title='bbox 1007 2673 1081 2685; x_wconf 92' lang='lat'><strong><em>—</em></strong></span> <span class='ocrx_word' id='word_1_225' title='bbox 1122 2643 1213 2700; x_wconf 89' lang='lat'><strong><em>87.</em></strong></span> <span class='ocrx_word' id='word_1_226' title='bbox 1243 2642 1554 2714; x_wconf 85' lang='lat' dir='ltr'><strong><em>Quanquam</em></strong></span> <span class='ocrx_word' id='word_1_227' title='bbox 1591 2659 1690 2701; x_wconf 90' lang='lat' dir='ltr'><strong><em>nec</em></strong></span> <span class='ocrx_word' id='word_1_228' title='bbox 1729 2645 2021 2701; x_wconf 88' lang='lat' dir='ltr'><strong><em>secundum</em></strong></span> 
     </span>
    </p>
   </div>
   <div class='ocr_carea' id='block_1_28' title="bbox 425 2733 2022 2808">
    <p class='ocr_par' dir='ltr' id='par_1_28' title="bbox 425 2733 2022 2808">
     <span class='ocr_line' id='line_1_29' title="bbox 425 2733 2022 2808; baseline 0.002 -20"><span class='ocrx_word' id='word_1_229' title='bbox 425 2733 798 2804; x_wconf 89' lang='lat' dir='ltr'><strong><em>grammaticos</em></strong></span> <span class='ocrx_word' id='word_1_230' title='bbox 823 2735 875 2789; x_wconf 91' lang='lat' dir='ltr'><strong><em>in</em></strong></span> <span class='ocrx_word' id='word_1_231' title='bbox 899 2733 1062 2790; x_wconf 91' lang='lat' dir='ltr'><strong><em>verbo</em></strong></span> <span class='ocrx_word' id='word_1_232' title='bbox 1074 2749 1159 2789; x_wconf 92' lang='lat' dir='ltr'><strong><em>me</em></strong></span> <span class='ocrx_word' id='word_1_233' title='bbox 1171 2741 1381 2792; x_wconf 81' lang='lat' dir='ltr'><strong><em>errasse</em></strong></span> <span class='ocrx_word' id='word_1_234' title='bbox 1396 2735 1836 2808; x_wconf 87' lang='lat' dir='ltr'><strong><em>reprehenderes,</em></strong></span> <span class='ocrx_word' id='word_1_235' title='bbox 1851 2738 1895 2791; x_wconf 92' lang='lat' dir='ltr'><strong><em>si</em></strong></span> <span class='ocrx_word' id='word_1_236' title='bbox 1919 2738 2022 2791; x_wconf 87' lang='lat' dir='ltr'><strong><em>sal-</em></strong></span> 
     </span>
    </p>
   </div>
   <div class='ocr_carea' id='block_1_29' title="bbox 425 2825 2014 2901">
    <p class='ocr_par' dir='ltr' id='par_1_29' title="bbox 425 2825 2014 2901">
     <span class='ocr_line' id='line_1_30' title="bbox 425 2825 2014 2901; baseline 0.003 -20"><span class='ocrx_word' id='word_1_237' title='bbox 425 2833 532 2881; x_wconf 86' lang='lat' dir='ltr'><strong><em>tem</em></strong></span> <span class='ocrx_word' id='word_1_238' title='bbox 563 2825 843 2882; x_wconf 87' lang='lat' dir='ltr'><strong><em>verborum</em></strong></span> <span class='ocrx_word' id='word_1_239' title='bbox 896 2826 1132 2898; x_wconf 89' lang='lat' dir='ltr'><strong><em>ipsorum</em></strong></span> <span class='ocrx_word' id='word_1_240' title='bbox 1178 2837 1424 2885; x_wconf 86' lang='lat' dir='ltr'><strong><em>auctores</em></strong></span> <span class='ocrx_word' id='word_1_241' title='bbox 1471 2831 1555 2885; x_wconf 89' lang='lat' dir='ltr'><strong><em>vel</em></strong></span> <span class='ocrx_word' id='word_1_242' title='bbox 1584 2839 1784 2885; x_wconf 87' lang='lat' dir='ltr'><strong><em>attente</em></strong></span> <span class='ocrx_word' id='word_1_243' title='bbox 1815 2831 2014 2901; x_wconf 83' lang='lat' dir='ltr'><strong><em>legere,</em></strong></span> 
     </span>
    </p>
   </div>
   <div class='ocr_carea' id='block_1_30' title="bbox 423 2918 2017 2978">
    <p class='ocr_par' dir='ltr' id='par_1_30' title="bbox 423 2918 2017 2978">
     <span class='ocr_line' id='line_1_31' title="bbox 423 2918 2017 2978; baseline 0.004 -8"><span class='ocrx_word' id='word_1_244' title='bbox 423 2918 508 2974; x_wconf 91' lang='lat' dir='ltr'><strong><em>vel</em></strong></span> <span class='ocrx_word' id='word_1_245' title='bbox 543 2919 852 2975; x_wconf 88' lang='lat' dir='ltr'><strong><em>memoriter</em></strong></span> <span class='ocrx_word' id='word_1_246' title='bbox 873 2919 1112 2975; x_wconf 87' lang='lat' dir='ltr'><strong><em>recolere</em></strong></span> <span class='ocrx_word' id='word_1_247' title='bbox 1139 2920 1417 2976; x_wconf 89' lang='lat' dir='ltr'><strong><em>voluisses.</em></strong></span> <span class='ocrx_word' id='word_1_248' title='bbox 1459 2919 1696 2976; x_wconf 86' lang='lat' dir='ltr'><strong><em>Pueriles</em></strong></span> <span class='ocrx_word' id='word_1_249' title='bbox 1739 2922 1880 2978; x_wconf 89' lang='lat' dir='ltr'><strong><em>enim</em></strong></span> <span class='ocrx_word' id='word_1_250' title='bbox 1919 2922 2017 2977; x_wconf 81' lang='lat' dir='ltr'><strong><em>ha-</em></strong></span> 
     </span>
    </p>
   </div>
   <div class='ocr_carea' id='block_1_31' title="bbox 425 3009 1802 3084">
    <p class='ocr_par' dir='ltr' id='par_1_31' title="bbox 425 3009 1802 3084">
     <span class='ocr_line' id='line_1_32' title="bbox 425 3009 1802 3084; baseline 0.003 -19"><span class='ocrx_word' id='word_1_251' title='bbox 425 3009 548 3065; x_wconf 86' lang='lat' dir='ltr'><strong><em>bent</em></strong></span> <span class='ocrx_word' id='word_1_252' title='bbox 567 3009 776 3077; x_wconf 73' lang='lat' dir='ltr'><strong><em>litterze,</em></strong></span> <span class='ocrx_word' id='word_1_253' title='bbox 808 3009 902 3066; x_wconf 90' lang='lat' dir='ltr'><strong><em>sed</em></strong></span> <span class='ocrx_word' id='word_1_254' title='bbox 927 3025 1032 3066; x_wconf 89' lang='lat' dir='ltr'><strong><em>non</em></strong></span> <span class='ocrx_word' id='word_1_255' title='bbox 1057 3026 1087 3066; x_wconf 90' lang='lat' dir='ltr'><strong><em>a</em></strong></span> <span class='ocrx_word' id='word_1_256' title='bbox 1114 3026 1279 3083; x_wconf 90' lang='lat' dir='ltr'><strong><em>puero</em></strong></span> <span class='ocrx_word' id='word_1_257' title='bbox 1307 3012 1556 3083; x_wconf 89' lang='lat' dir='ltr'><strong><em>imperito</em></strong></span> <span class='ocrx_word' id='word_1_258' title='bbox 1580 3014 1802 3084; x_wconf 90' lang='lat' dir='ltr'><strong><em>dictum,</em></strong></span> 
     </span>
    </p>
   </div>
   <div class='ocr_carea' id='block_1_32' title="bbox 547 3121 1711 3190">
    <p class='ocr_par' dir='ltr' id='par_1_32' title="bbox 547 3121 1711 3190">
     <span class='ocr_line' id='line_1_33' title="bbox 547 3121 1711 3190; baseline 0.003 -17"><span class='ocrx_word' id='word_1_259' title='bbox 547 3123 600 3190; x_wconf 80' lang='lat' dir='ltr'><strong><em>nt</em></strong></span> <span class='ocrx_word' id='word_1_260' title='bbox 619 3121 821 3190; x_wconf 78' lang='lat' dir='ltr'><strong><em>meliora</em></strong></span> <span class='ocrx_word' id='word_1_261' title='bbox 836 3124 944 3190; x_wconf 79' lang='lat' dir='ltr'><strong><em>pits,</em></strong></span> <span class='ocrx_word' id='word_1_262' title='bbox 953 3137 1287 3190; x_wconf 70' lang='lat' dir='ltr'><strong><em>erroremque</em></strong></span> <span class='ocrx_word' id='word_1_263' title='bbox 1309 3126 1530 3177; x_wconf 86' lang='lat' dir='ltr'><strong><em>hostibus</em></strong></span> <span class='ocrx_word' id='word_1_264' title='bbox 1552 3126 1711 3179; x_wconf 83' lang='lat' dir='ltr'><strong><em>illum!</em></strong></span> 
     </span>
    </p>
   </div>
   <div class='ocr_carea' id='block_1_33' title="bbox 546 3185 1605 3239">
    <p class='ocr_par' dir='ltr' id='par_1_33' title="bbox 546 3185 1605 3239">
     <span class='ocr_line' id='line_1_34' title="bbox 546 3185 1605 3239; baseline 0.003 -4"><span class='ocrx_word' id='word_1_265' title='bbox 546 3186 773 3236; x_wconf 75' lang='lat' dir='ltr'><strong><em>Discissos</em></strong></span> <span class='ocrx_word' id='word_1_266' title='bbox 794 3185 936 3236; x_wconf 82' lang='lat' dir='ltr'><strong><em>nudis</em></strong></span> <span class='ocrx_word' id='word_1_267' title='bbox 953 3185 1194 3238; x_wconf 89' lang='lat' dir='ltr'><strong><em>laniabant</em></strong></span> <span class='ocrx_word' id='word_1_268' title='bbox 1206 3185 1442 3238; x_wconf 79' lang='lat' dir='ltr'><strong><em>dentibus</em></strong></span> <span class='ocrx_word' id='word_1_269' title='bbox 1453 3197 1605 3239; x_wconf 89' lang='lat' dir='ltr'><strong><em>artus.</em></strong></span> 
     </span>
    </p>
   </div>
   <div class='ocr_carea' id='block_1_34' title="bbox 849 3247 1861 3316">
    <p class='ocr_par' dir='ltr' id='par_1_34' title="bbox 849 3247 1861 3316">
     <span class='ocr_line' id='line_1_35' title="bbox 849 3247 1861 3316; baseline 0.005 -19"><span class='ocrx_word' id='word_1_270' title='bbox 849 3247 1047 3314; x_wconf 69' lang='lat' dir='ltr'><strong><em>(Virgil.</em></strong></span> <span class='ocrx_word' id='word_1_271' title='bbox 1072 3257 1240 3314; x_wconf 81' lang='lat' dir='ltr'><strong><em>Georg.</em></strong></span> <span class='ocrx_word' id='word_1_272' title='bbox 1263 3248 1345 3300; x_wconf 87' lang='lat' dir='ltr'><strong><em>lib.</em></strong></span> <span class='ocrx_word' id='word_1_273' title='bbox 1370 3251 1420 3312; x_wconf 78' lang='lat'><strong><em>3,</em></strong></span> <span class='ocrx_word' id='word_1_274' title='bbox 1446 3264 1568 3303; x_wconf 86' lang='lat' dir='ltr'><strong><em>vers.</em></strong></span> <span class='ocrx_word' id='word_1_275' title='bbox 1593 3252 1702 3312; x_wconf 78' lang='lat' dir='ltr'><strong><em>5l3,</em></strong></span> <span class='ocrx_word' id='word_1_276' title='bbox 1725 3251 1861 3316; x_wconf 79' lang='lat' dir='ltr'><strong><em>5H.)</em></strong></span> 
     </span>
    </p>
   </div>
   <div class='ocr_carea' id='block_1_35' title="bbox 428 3350 2011 3428">
    <p class='ocr_par' dir='ltr' id='par_1_35' title="bbox 428 3350 2011 3428">
     <span class='ocr_line' id='line_1_36' title="bbox 428 3350 2011 3428; baseline 0.006 -24"><span class='ocrx_word' id='word_1_277' title='bbox 428 3350 708 3420; x_wconf 86' lang='lat' dir='ltr'><strong><em>Quomodo</em></strong></span> <span class='ocrx_word' id='word_1_278' title='bbox 729 3367 859 3423; x_wconf 84' lang='lat' dir='ltr'><strong><em>ergo</em></strong></span> <span class='ocrx_word' id='word_1_279' title='bbox 888 3353 1100 3409; x_wconf 82' lang='lat' dir='ltr'><strong><em>meliora</em></strong></span> <span class='ocrx_word' id='word_1_280' title='bbox 1125 3355 1244 3426; x_wconf 90' lang='lat' dir='ltr'><strong><em>piis,</em></strong></span> <span class='ocrx_word' id='word_1_281' title='bbox 1303 3357 1454 3426; x_wconf 90' lang='lat' dir='ltr'><strong><em>quasi</em></strong></span> <span class='ocrx_word' id='word_1_282' title='bbox 1483 3356 1622 3412; x_wconf 86' lang='lat' dir='ltr'><strong><em>bona</em></strong></span> <span class='ocrx_word' id='word_1_283' title='bbox 1666 3367 1849 3414; x_wconf 88' lang='lat' dir='ltr'><strong><em>essent</em></strong></span> <span class='ocrx_word' id='word_1_284' title='bbox 1871 3358 2011 3428; x_wconf 87' lang='lat' dir='ltr'><strong><em>istis,</em></strong></span> 
     </span>
    </p>
   </div>
   <div class='ocr_carea' id='block_1_36' title="bbox 419 3445 2012 3519">
    <p class='ocr_par' dir='ltr' id='par_1_36' title="bbox 419 3445 2012 3519">
     <span class='ocr_line' id='line_1_37' title="bbox 419 3445 2012 3519; baseline 0.004 -21"><span class='ocrx_word' id='word_1_285' title='bbox 419 3456 484 3499; x_wconf 90' lang='lat' dir='ltr'><strong><em>ac</em></strong></span> <span class='ocrx_word' id='word_1_286' title='bbox 509 3458 612 3498; x_wconf 90' lang='lat' dir='ltr'><strong><em>non</em></strong></span> <span class='ocrx_word' id='word_1_287' title='bbox 633 3445 805 3514; x_wconf 89' lang='lat' dir='ltr'><strong><em>potius</em></strong></span> <span class='ocrx_word' id='word_1_288' title='bbox 839 3461 1026 3516; x_wconf 88' lang='lat' dir='ltr'><strong><em>magna</em></strong></span> <span class='ocrx_word' id='word_1_289' title='bbox 1073 3448 1233 3514; x_wconf 89' lang='lat' dir='ltr'><strong><em>mala,</em></strong></span> <span class='ocrx_word' id='word_1_290' title='bbox 1265 3448 1355 3519; x_wconf 93' lang='lat' dir='ltr'><strong><em>qui</em></strong></span> <span class='ocrx_word' id='word_1_291' title='bbox 1388 3447 1634 3505; x_wconf 82' lang='lat' dir='ltr'><strong><em>discissos</em></strong></span> <span class='ocrx_word' id='word_1_292' title='bbox 1671 3450 1822 3506; x_wconf 90' lang='lat' dir='ltr'><strong><em>nudis</em></strong></span> <span class='ocrx_word' id='word_1_293' title='bbox 1841 3453 2012 3506; x_wconf 82' lang='lat' dir='ltr'><strong><em>lania-</em></strong></span> 
     </span>
    </p>
   </div>
   <div class='ocr_carea' id='block_1_37' title="bbox 421 3535 2013 3614">
    <p class='ocr_par' dir='ltr' id='par_1_37' title="bbox 421 3535 2013 3614">
     <span class='ocr_line' id='line_1_38' title="bbox 421 3535 2013 3614; baseline 0.007 -25"><span class='ocrx_word' id='word_1_294' title='bbox 421 3536 541 3590; x_wconf 88' lang='lat' dir='ltr'><strong><em>bant</em></strong></span> <span class='ocrx_word' id='word_1_295' title='bbox 569 3535 798 3592; x_wconf 84' lang='lat' dir='ltr'><strong><em>dentibus</em></strong></span> <span class='ocrx_word' id='word_1_296' title='bbox 821 3548 964 3594; x_wconf 91' lang='lat' dir='ltr'><strong><em>artus</em></strong></span> <span class='ocrx_word' id='word_1_297' title='bbox 993 3539 1020 3594; x_wconf 83' lang='lat'><strong><em>?</em></strong></span> <span class='ocrx_word' id='word_1_298' title='bbox 1044 3538 1164 3596; x_wconf 88' lang='lat' dir='ltr'><strong><em>Jam</em></strong></span> <span class='ocrx_word' id='word_1_299' title='bbox 1195 3539 1344 3596; x_wconf 82' lang='lat' dir='ltr'><strong><em>vides</em></strong></span> <span class='ocrx_word' id='word_1_300' title='bbox 1392 3552 1558 3606; x_wconf 89' lang='lat' dir='ltr'><strong><em>certe,</em></strong></span> <span class='ocrx_word' id='word_1_301' title='bbox 1591 3543 1714 3614; x_wconf 87' lang='lat' dir='ltr'><strong><em>quia</em></strong></span> <span class='ocrx_word' id='word_1_302' title='bbox 1744 3544 1882 3599; x_wconf 87' lang='lat' dir='ltr'><strong><em>sicut</em></strong></span> <span class='ocrx_word' id='word_1_303' title='bbox 1911 3545 2013 3601; x_wconf 89' lang='lat' dir='ltr'><strong><em>iste</em></strong></span> 
     </span>
    </p>
   </div>
   <div class='ocr_carea' id='block_1_38' title="bbox 421 3625 2009 3704">
    <p class='ocr_par' dir='ltr' id='par_1_38' title="bbox 421 3625 2009 3704">
     <span class='ocr_line' id='line_1_39' title="bbox 421 3625 2009 3704; baseline 0.008 -26"><span class='ocrx_word' id='word_1_304' title='bbox 421 3625 524 3696; x_wconf 90' lang='lat' dir='ltr'><strong><em>piis</em></strong></span> <span class='ocrx_word' id='word_1_305' title='bbox 556 3626 726 3694; x_wconf 90' lang='lat' dir='ltr'><strong><em>potuit</em></strong></span> <span class='ocrx_word' id='word_1_306' title='bbox 753 3637 942 3698; x_wconf 84' lang='lat' dir='ltr'><strong><em>Optare</em></strong></span> <span class='ocrx_word' id='word_1_307' title='bbox 995 3629 1236 3695; x_wconf 89' lang='lat' dir='ltr'><strong><em>meliora,</em></strong></span> <span class='ocrx_word' id='word_1_308' title='bbox 1279 3631 1524 3701; x_wconf 83' lang='lat' dir='ltr'><strong><em>quamvis</em></strong></span> <span class='ocrx_word' id='word_1_309' title='bbox 1566 3633 1652 3688; x_wconf 92' lang='lat' dir='ltr'><strong><em>illa</em></strong></span> <span class='ocrx_word' id='word_1_310' title='bbox 1684 3632 1735 3688; x_wconf 90' lang='lat' dir='ltr'><strong><em>in</em></strong></span> <span class='ocrx_word' id='word_1_311' title='bbox 1781 3649 2009 3704; x_wconf 87' lang='lat' dir='ltr'><strong><em>quorum</em></strong></span> 
     </span>
    </p>
   </div>
   <div class='ocr_carea' id='block_1_39' title="bbox 419 3718 2008 3797">
    <p class='ocr_par' dir='ltr' id='par_1_39' title="bbox 419 3718 2008 3797">
     <span class='ocr_line' id='line_1_40' title="bbox 419 3718 2008 3797; baseline 0.006 -25"><span class='ocrx_word' id='word_1_312' title='bbox 419 3718 824 3788; x_wconf 83' lang='lat' dir='ltr'><strong><em>comparatione</em></strong></span> <span class='ocrx_word' id='word_1_313' title='bbox 853 3720 1090 3790; x_wconf 87' lang='lat' dir='ltr'><strong><em>optabat,</em></strong></span> <span class='ocrx_word' id='word_1_314' title='bbox 1120 3737 1227 3777; x_wconf 91' lang='lat' dir='ltr'><strong><em>non</em></strong></span> <span class='ocrx_word' id='word_1_315' title='bbox 1280 3732 1460 3777; x_wconf 87' lang='lat' dir='ltr'><strong><em>essent</em></strong></span> <span class='ocrx_word' id='word_1_316' title='bbox 1502 3723 1640 3779; x_wconf 86' lang='lat' dir='ltr'><strong><em>bona</em></strong></span> <span class='ocrx_word' id='word_1_317' title='bbox 1665 3741 1680 3791; x_wconf 89' lang='lat'><strong>;</strong></span> <span class='ocrx_word' id='word_1_318' title='bbox 1721 3725 1802 3781; x_wconf 85' lang='lat' dir='ltr'><strong><em>sic</em></strong></span> <span class='ocrx_word' id='word_1_319' title='bbox 1825 3734 1880 3781; x_wconf 89' lang='lat' dir='ltr'><strong><em>et</em></strong></span> <span class='ocrx_word' id='word_1_320' title='bbox 1906 3741 2008 3797; x_wconf 87' lang='lat' dir='ltr'><strong><em>ego</em></strong></span> 
     </span>
    </p>
   </div>
   <div class='ocr_carea' id='block_1_40' title="bbox 421 3807 2004 3887">
    <p class='ocr_par' dir='ltr' id='par_1_40' title="bbox 421 3807 2004 3887">
     <span class='ocr_line' id='line_1_41' title="bbox 421 3807 2004 3887; baseline 0.008 -28"><span class='ocrx_word' id='word_1_321' title='bbox 421 3807 569 3878; x_wconf 88' lang='lat' dir='ltr'><strong><em>potui</em></strong></span> <span class='ocrx_word' id='word_1_322' title='bbox 604 3807 804 3876; x_wconf 88' lang='lat' dir='ltr'><strong><em>dicere,</em></strong></span> <span class='ocrx_word' id='word_1_323' title='bbox 837 3810 1157 3866; x_wconf 82' lang='lat' dir='ltr'><strong><em>traditionem</em></strong></span> <span class='ocrx_word' id='word_1_324' title='bbox 1188 3811 1498 3882; x_wconf 86' lang='lat' dir='ltr'><strong><em>probabilius</em></strong></span> <span class='ocrx_word' id='word_1_325' title='bbox 1537 3817 1674 3870; x_wconf 81' lang='lat' dir='ltr'><strong><em>vobis</em></strong></span> <span class='ocrx_word' id='word_1_326' title='bbox 1717 3817 2004 3887; x_wconf 84' lang='lat' dir='ltr'><strong><em>objicimus,</em></strong></span> 
     </span>
    </p>
   </div>
   <div class='ocr_carea' id='block_1_41' title="bbox 418 3901 2005 3978">
    <p class='ocr_par' dir='ltr' id='par_1_41' title="bbox 418 3901 2005 3978">
     <span class='ocr_line' id='line_1_42' title="bbox 418 3901 2005 3978; baseline 0.008 -25"><span class='ocrx_word' id='word_1_327' title='bbox 418 3901 662 3970; x_wconf 84' lang='lat' dir='ltr'><strong><em>quamvis</em></strong></span> <span class='ocrx_word' id='word_1_328' title='bbox 685 3916 802 3956; x_wconf 90' lang='lat' dir='ltr'><strong><em>eam</em></strong></span> <span class='ocrx_word' id='word_1_329' title='bbox 833 3917 928 3957; x_wconf 89' lang='lat' dir='ltr'><strong><em>vos</em></strong></span> <span class='ocrx_word' id='word_1_330' title='bbox 957 3903 1111 3958; x_wconf 89' lang='lat' dir='ltr'><strong><em>nobis</em></strong></span> <span class='ocrx_word' id='word_1_331' title='bbox 1137 3919 1243 3960; x_wconf 90' lang='lat' dir='ltr'><strong><em>nou</em></strong></span> <span class='ocrx_word' id='word_1_332' title='bbox 1287 3905 1632 3976; x_wconf 86' lang='lat' dir='ltr'><strong><em>probabiliter</em></strong></span> <span class='ocrx_word' id='word_1_333' title='bbox 1679 3908 2005 3978; x_wconf 89' lang='lat' dir='ltr'><strong><em>objicerctis.</em></strong></span> 
     </span>
    </p>
   </div>
   <div class='ocr_carea' id='block_1_42' title="bbox 420 3990 2006 4068">
    <p class='ocr_par' dir='ltr' id='par_1_42' title="bbox 420 3990 2006 4068">
     <span class='ocr_line' id='line_1_43' title="bbox 420 3990 2006 4068; baseline 0.007 -20"><span class='ocrx_word' id='word_1_334' title='bbox 420 3990 491 4048; x_wconf 89' lang='lat' dir='ltr'><strong><em>Ut</em></strong></span> <span class='ocrx_word' id='word_1_335' title='bbox 517 3993 759 4048; x_wconf 89' lang='lat' dir='ltr'><strong><em>omittam</em></strong></span> <span class='ocrx_word' id='word_1_336' title='bbox 787 3995 908 4064; x_wconf 90' lang='lat' dir='ltr'><strong><em>quia</em></strong></span> <span class='ocrx_word' id='word_1_337' title='bbox 953 4005 1007 4050; x_wconf 89' lang='lat' dir='ltr'><strong><em>et</em></strong></span> <span class='ocrx_word' id='word_1_338' title='bbox 1052 3996 1325 4067; x_wconf 88' lang='lat' dir='ltr'><strong><em>probabile</em></strong></span> <span class='ocrx_word' id='word_1_339' title='bbox 1377 3998 1588 4068; x_wconf 86' lang='lat' dir='ltr'><strong><em>quando</em></strong></span> <span class='ocrx_word' id='word_1_340' title='bbox 1629 3999 1839 4068; x_wconf 89' lang='lat' dir='ltr'><strong><em>dicitur,</em></strong></span> <span class='ocrx_word' id='word_1_341' title='bbox 1900 4019 2006 4059; x_wconf 86' lang='lat' dir='ltr'><strong><em>non</em></strong></span> 
     </span>
    </p>
   </div>
   <div class='ocr_carea' id='block_1_43' title="bbox 417 4090 2006 4165">
    <p class='ocr_par' dir='ltr' id='par_1_43' title="bbox 417 4090 2006 4165">
     <span class='ocr_line' id='line_1_44' title="bbox 417 4090 2006 4165; baseline 0.008 -25"><span class='ocrx_word' id='word_1_342' title='bbox 417 4093 807 4156; x_wconf 87' lang='lat' dir='ltr'><strong><em>consequenter</em></strong></span> <span class='ocrx_word' id='word_1_343' title='bbox 835 4096 918 4142; x_wconf 91' lang='lat' dir='ltr'><strong><em>est</em></strong></span> <span class='ocrx_word' id='word_1_344' title='bbox 957 4103 1142 4144; x_wconf 89' lang='lat' dir='ltr'><strong><em>verum</em></strong></span> <span class='ocrx_word' id='word_1_345' title='bbox 1166 4105 1182 4156; x_wconf 89' lang='lat'><strong>;</strong></span> <span class='ocrx_word' id='word_1_346' title='bbox 1211 4104 1332 4144; x_wconf 91' lang='lat' dir='ltr'><strong><em>cum</em></strong></span> <span class='ocrx_word' id='word_1_347' title='bbox 1361 4105 1424 4146; x_wconf 89' lang='lat' dir='ltr'><strong><em>ea</em></strong></span> <span class='ocrx_word' id='word_1_348' title='bbox 1455 4090 1707 4148; x_wconf 87' lang='lat' dir='ltr'><strong><em>dicuntur</em></strong></span> <span class='ocrx_word' id='word_1_349' title='bbox 1750 4109 1870 4165; x_wconf 77' lang='lat' dir='ltr'><strong><em>qua:</em></strong></span> <span class='ocrx_word' id='word_1_350' title='bbox 1891 4095 2006 4152; x_wconf 84' lang='lat' dir='ltr'><strong><em>ﬁeri</em></strong></span> 
     </span>
    </p>
   </div>
   <div class='ocr_carea' id='block_1_44' title="bbox 419 4179 2007 4258">
    <p class='ocr_par' dir='ltr' id='par_1_44' title="bbox 419 4179 2007 4258">
     <span class='ocr_line' id='line_1_45' title="bbox 419 4179 2007 4258; baseline 0.006 -26"><span class='ocrx_word' id='word_1_351' title='bbox 419 4185 643 4249; x_wconf 84' lang='lat' dir='ltr'><strong><em>possunt</em></strong></span> <span class='ocrx_word' id='word_1_352' title='bbox 670 4192 732 4234; x_wconf 84' lang='lat' dir='ltr'><strong><em>ac</em></strong></span> <span class='ocrx_word' id='word_1_353' title='bbox 751 4179 943 4245; x_wconf 88' lang='lat' dir='ltr'><strong><em>solent,</em></strong></span> <span class='ocrx_word' id='word_1_354' title='bbox 969 4189 1024 4236; x_wconf 92' lang='lat' dir='ltr'><strong><em>et</em></strong></span> <span class='ocrx_word' id='word_1_355' title='bbox 1051 4181 1174 4236; x_wconf 87' lang='lat' dir='ltr'><strong><em>ideo</em></strong></span> <span class='ocrx_word' id='word_1_356' title='bbox 1203 4183 1514 4253; x_wconf 87' lang='lat' dir='ltr'><strong><em>probantur,</em></strong></span> <span class='ocrx_word' id='word_1_357' title='bbox 1547 4183 1651 4241; x_wconf 90' lang='lat' dir='ltr'><strong><em>hoc</em></strong></span> <span class='ocrx_word' id='word_1_358' title='bbox 1669 4194 1752 4240; x_wconf 91' lang='lat' dir='ltr'><strong><em>est</em></strong></span> <span class='ocrx_word' id='word_1_359' title='bbox 1772 4228 1788 4253; x_wconf 96' lang='lat'><strong><em>,</em></strong></span> <span class='ocrx_word' id='word_1_360' title='bbox 1810 4201 2007 4258; x_wconf 88' lang='lat' dir='ltr'><strong><em>appro-</em></strong></span> 
     </span>
    </p>
   </div>
   <div class='ocr_carea' id='block_1_45' title="bbox 416 4267 2004 4349">
    <p class='ocr_par' dir='ltr' id='par_1_45' title="bbox 416 4267 2004 4349">
     <span class='ocr_line' id='line_1_46' title="bbox 416 4267 2004 4349; baseline 0.006 -25"><span class='ocrx_word' id='word_1_361' title='bbox 416 4267 612 4324; x_wconf 89' lang='lat' dir='ltr'><strong><em>bantur</em></strong></span> <span class='ocrx_word' id='word_1_362' title='bbox 656 4276 710 4323; x_wconf 90' lang='lat' dir='ltr'><strong><em>et</em></strong></span> <span class='ocrx_word' id='word_1_363' title='bbox 759 4269 1072 4339; x_wconf 90' lang='lat' dir='ltr'><strong><em>creduntur,</em></strong></span> <span class='ocrx_word' id='word_1_364' title='bbox 1100 4272 1311 4328; x_wconf 90' lang='lat' dir='ltr'><strong><em>etiamsi</em></strong></span> <span class='ocrx_word' id='word_1_365' title='bbox 1358 4273 1495 4330; x_wconf 77' lang='lat' dir='ltr'><strong><em>facta</em></strong></span> <span class='ocrx_word' id='word_1_366' title='bbox 1536 4291 1641 4330; x_wconf 87' lang='lat' dir='ltr'><strong><em>non</em></strong></span> <span class='ocrx_word' id='word_1_367' title='bbox 1677 4277 1786 4332; x_wconf 89' lang='lat' dir='ltr'><strong><em>sint</em></strong></span> <span class='ocrx_word' id='word_1_368' title='bbox 1821 4279 2004 4349; x_wconf 91' lang='lat' dir='ltr'><strong><em>:quod</em></strong></span> 
     </span>
    </p>
   </div>
   <div class='ocr_carea' id='block_1_46' title="bbox 414 4365 2007 4441">
    <p class='ocr_par' dir='ltr' id='par_1_46' title="bbox 414 4365 2007 4441">
     <span class='ocr_line' id='line_1_47' title="bbox 414 4365 2007 4441; baseline 0.009 -28"><span class='ocrx_word' id='word_1_369' title='bbox 414 4367 594 4414; x_wconf 84' lang='lat' dir='ltr'><strong><em>autem</em></strong></span> <span class='ocrx_word' id='word_1_370' title='bbox 620 4375 802 4416; x_wconf 80' lang='lat' dir='ltr'><strong><em>verum</em></strong></span> <span class='ocrx_word' id='word_1_371' title='bbox 831 4369 934 4428; x_wconf 88' lang='lat' dir='ltr'><strong><em>est,</em></strong></span> <span class='ocrx_word' id='word_1_372' title='bbox 961 4377 1085 4418; x_wconf 89' lang='lat' dir='ltr'><strong><em>cum</em></strong></span> <span class='ocrx_word' id='word_1_373' title='bbox 1124 4365 1442 4429; x_wconf 87' lang='lat' dir='ltr'><strong><em>ostenditur,</em></strong></span> <span class='ocrx_word' id='word_1_374' title='bbox 1476 4369 1782 4424; x_wconf 89' lang='lat' dir='ltr'><strong><em>necessario</em></strong></span> <span class='ocrx_word' id='word_1_375' title='bbox 1813 4370 2007 4441; x_wconf 83' lang='lat' dir='ltr'><strong><em>proba-</em></strong></span> 
     </span>
    </p>
   </div>
   <div class='ocr_carea' id='block_1_47' title="bbox 415 4450 2006 4525">
    <p class='ocr_par' dir='ltr' id='par_1_47' title="bbox 415 4450 2006 4525">
     <span class='ocr_line' id='line_1_48' title="bbox 415 4450 2006 4525; baseline 0.009 -20"><span class='ocrx_word' id='word_1_376' title='bbox 415 4450 521 4507; x_wconf 87' lang='lat' dir='ltr'><strong><em>bile</em></strong></span> <span class='ocrx_word' id='word_1_377' title='bbox 546 4460 648 4518; x_wconf 90' lang='lat' dir='ltr'><strong><em>est,</em></strong></span> <span class='ocrx_word' id='word_1_378' title='bbox 671 4459 728 4506; x_wconf 89' lang='lat' dir='ltr'><strong><em>et</em></strong></span> <span class='ocrx_word' id='word_1_379' title='bbox 755 4451 848 4508; x_wconf 95' lang='lat' dir='ltr'><strong><em>illo</em></strong></span> <span class='ocrx_word' id='word_1_380' title='bbox 877 4455 1059 4525; x_wconf 89' lang='lat' dir='ltr'><strong><em>utique</em></strong></span> <span class='ocrx_word' id='word_1_381' title='bbox 1101 4455 1448 4525; x_wconf 87' lang='lat' dir='ltr'><strong><em>probabilius.</em></strong></span> <span class='ocrx_word' id='word_1_382' title='bbox 1505 4459 1704 4516; x_wconf 83' lang='lat' dir='ltr'><strong><em>Recole</em></strong></span> <span class='ocrx_word' id='word_1_383' title='bbox 1731 4461 1896 4518; x_wconf 90' lang='lat' dir='ltr'><strong><em>libros</em></strong></span> <span class='ocrx_word' id='word_1_384' title='bbox 1917 4463 2006 4519; x_wconf 92' lang='lat' dir='ltr'><strong><em>ubi</em></strong></span> 
     </span>
    </p>
   </div>
   <div class='ocr_carea' id='block_1_48' title="bbox 413 4543 2006 4627">
    <p class='ocr_par' dir='ltr' id='par_1_48' title="bbox 413 4543 2006 4627">
     <span class='ocr_line' id='line_1_49' title="bbox 413 4543 2006 4627; baseline 0.009 -28"><span class='ocrx_word' id='word_1_385' title='bbox 413 4543 572 4600; x_wconf 90' lang='lat' dir='ltr'><strong><em>verba</em></strong></span> <span class='ocrx_word' id='word_1_386' title='bbox 645 4543 877 4602; x_wconf 90' lang='lat' dir='ltr'><strong><em>didicisti</em></strong></span> <span class='ocrx_word' id='word_1_387' title='bbox 931 4564 945 4602; x_wconf 89' lang='lat'><strong>:</strong></span> <span class='ocrx_word' id='word_1_388' title='bbox 995 4562 1156 4619; x_wconf 86' lang='lat' dir='ltr'><strong><em>quam</em></strong></span> <span class='ocrx_word' id='word_1_389' title='bbox 1229 4560 1282 4606; x_wconf 92' lang='lat' dir='ltr'><strong><em>te</em></strong></span> <span class='ocrx_word' id='word_1_390' title='bbox 1355 4567 1462 4608; x_wconf 89' lang='lat' dir='ltr'><strong><em>non</em></strong></span> <span class='ocrx_word' id='word_1_391' title='bbox 1507 4552 1713 4620; x_wconf 87' lang='lat' dir='ltr'><strong><em>fallam,</em></strong></span> <span class='ocrx_word' id='word_1_392' title='bbox 1764 4555 2006 4627; x_wconf 89' lang='lat' dir='ltr'><strong><em>profecto</em></strong></span> 
     </span>
    </p>
   </div>
   <div class='ocr_carea' id='block_1_49' title="bbox 411 4650 900 4706">
    <p class='ocr_par' dir='ltr' id='par_1_49' title="bbox 411 4650 900 4706">
     <span class='ocr_line' id='line_1_50' title="bbox 411 4650 900 4706; baseline -0.006 -15"><span class='ocrx_word' id='word_1_393' title='bbox 411 4650 668 4706; x_wconf 79' lang='lat' dir='ltr'><strong><em>reperies.</em></strong></span> <span class='ocrx_word' id='word_1_394' title='bbox 893 4651 900 4656; x_wconf 66' lang='grc'><strong><em>’</em></strong></span> 
     </span>
    </p>
   </div>
   <div class='ocr_carea' id='block_1_50' title="bbox 486 4727 2002 4812">
    <p class='ocr_par' dir='ltr' id='par_1_50' title="bbox 486 4727 2002 4812">
     <span class='ocr_line' id='line_1_51' title="bbox 486 4727 2002 4812; baseline 0.011 -29"><span class='ocrx_word' id='word_1_395' title='bbox 486 4727 714 4786; x_wconf 84' lang='lat' dir='ltr'><strong><em>CAPUT</em></strong></span> <span class='ocrx_word' id='word_1_396' title='bbox 754 4728 990 4786; x_wconf 80' lang='lat' dir='ltr'><strong><em>LXXVI.</em></strong></span> <span class='ocrx_word' id='word_1_397' title='bbox 1013 4762 1086 4774; x_wconf 92' lang='lat'><strong><em>—</em></strong></span> <span class='ocrx_word' id='word_1_398' title='bbox 1113 4731 1267 4790; x_wconf 88' lang='lat' dir='ltr'><strong><em>Unde</em></strong></span> <span class='ocrx_word' id='word_1_399' title='bbox 1289 4736 1497 4793; x_wconf 89' lang='lat' dir='ltr'><strong><em>etiamsi</em></strong></span> <span class='ocrx_word' id='word_1_400' title='bbox 1524 4747 1732 4796; x_wconf 90' lang='lat' dir='ltr'><strong><em>vestros</em></strong></span> <span class='ocrx_word' id='word_1_401' title='bbox 1752 4741 2002 4812; x_wconf 88' lang='lat' dir='ltr'><strong><em>probabi-</em></strong></span> 
     </span>
    </p>
   </div>
   <div class='ocr_carea' id='block_1_51' title="bbox 411 4823 2000 4904">
    <p class='ocr_par' dir='ltr' id='par_1_51' title="bbox 411 4823 2000 4904">
     <span class='ocr_line' id='line_1_52' title="bbox 411 4823 2000 4904; baseline 0.01 -28"><span class='ocrx_word' id='word_1_402' title='bbox 411 4823 533 4878; x_wconf 88' lang='lat' dir='ltr'><strong><em>liter</em></strong></span> <span class='ocrx_word' id='word_1_403' title='bbox 562 4825 762 4880; x_wconf 88' lang='lat' dir='ltr'><strong><em>nostris</em></strong></span> <span class='ocrx_word' id='word_1_404' title='bbox 808 4825 1148 4883; x_wconf 87' lang='lat' dir='ltr'><strong><em>traditionem</em></strong></span> <span class='ocrx_word' id='word_1_405' title='bbox 1169 4829 1430 4900; x_wconf 88' lang='lat' dir='ltr'><strong><em>objecisse</em></strong></span> <span class='ocrx_word' id='word_1_406' title='bbox 1473 4833 1824 4891; x_wconf 88' lang='lat' dir='ltr'><strong><em>concederem</em></strong></span> <span class='ocrx_word' id='word_1_407' title='bbox 1849 4853 1865 4904; x_wconf 88' lang='lat'><strong>;</strong></span> <span class='ocrx_word' id='word_1_408' title='bbox 1895 4851 2000 4892; x_wconf 91' lang='lat' dir='ltr'><strong><em>non</em></strong></span> 
     </span>
    </p>
   </div>
   <div class='ocr_carea' id='block_1_52' title="bbox 413 4917 2000 4992">
    <p class='ocr_par' dir='ltr' id='par_1_52' title="bbox 413 4917 2000 4992">
     <span class='ocr_line' id='line_1_53' title="bbox 413 4917 2000 4992; baseline 0.011 -22"><span class='ocrx_word' id='word_1_409' title='bbox 413 4917 534 4971; x_wconf 88' lang='lat' dir='ltr'><strong><em>ideo</em></strong></span> <span class='ocrx_word' id='word_1_410' title='bbox 566 4933 752 4975; x_wconf 89' lang='lat' dir='ltr'><strong><em>verum</em></strong></span> <span class='ocrx_word' id='word_1_411' title='bbox 779 4920 1042 4990; x_wconf 89' lang='lat' dir='ltr'><strong><em>objecisse</em></strong></span> <span class='ocrx_word' id='word_1_412' title='bbox 1062 4965 1077 4988; x_wconf 97' lang='lat'><strong><em>,</em></strong></span> <span class='ocrx_word' id='word_1_413' title='bbox 1108 4925 1512 4992; x_wconf 88' lang='lat' dir='ltr'><strong><em>contenderem,</em></strong></span> <span class='ocrx_word' id='word_1_414' title='bbox 1543 4937 1597 4982; x_wconf 92' lang='lat' dir='ltr'><strong><em>et</em></strong></span> <span class='ocrx_word' id='word_1_415' title='bbox 1623 4939 1770 4985; x_wconf 88' lang='lat' dir='ltr'><strong><em>recte</em></strong></span> <span class='ocrx_word' id='word_1_416' title='bbox 1794 4946 1892 4986; x_wconf 90' lang='lat' dir='ltr'><strong><em>nos</em></strong></span> <span class='ocrx_word' id='word_1_417' title='bbox 1913 4933 2000 4988; x_wconf 88' lang='lat' dir='ltr'><strong><em>di-</em></strong></span> 
     </span>
    </p>
   </div>
   <div class='ocr_carea' id='block_1_53' title="bbox 411 5013 2001 5094">
    <p class='ocr_par' dir='ltr' id='par_1_53' title="bbox 411 5013 2001 5094">
     <span class='ocr_line' id='line_1_54' title="bbox 411 5013 2001 5094; baseline 0.011 -30"><span class='ocrx_word' id='word_1_418' title='bbox 411 5025 592 5066; x_wconf 90' lang='lat' dir='ltr'><strong><em>cerem</em></strong></span> <span class='ocrx_word' id='word_1_419' title='bbox 642 5013 970 5083; x_wconf 87' lang='lat' dir='ltr'><strong><em>probabilius</em></strong></span> <span class='ocrx_word' id='word_1_420' title='bbox 1020 5015 1156 5072; x_wconf 85' lang='lat' dir='ltr'><strong><em>hanc</em></strong></span> <span class='ocrx_word' id='word_1_421' title='bbox 1207 5017 1442 5087; x_wconf 85' lang='lat' dir='ltr'><strong><em>objiccre</em></strong></span> <span class='ocrx_word' id='word_1_422' title='bbox 1471 5036 1484 5071; x_wconf 90' lang='lat'><strong>:</strong></span> <span class='ocrx_word' id='word_1_423' title='bbox 1515 5020 1945 5094; x_wconf 86' lang='lat' dir='ltr'><strong><em>quandoquidem</em></strong></span> <span class='ocrx_word' id='word_1_424' title='bbox 1969 5040 2001 5081; x_wconf 89' lang='lat' dir='ltr'><strong><em>a</em></strong></span> 
     </span>
    </p>
   </div>
   <div class='ocr_carea' id='block_1_54' title="bbox 411 5101 2002 5181">
    <p class='ocr_par' dir='ltr' id='par_1_54' title="bbox 411 5101 2002 5181">
     <span class='ocr_line' id='line_1_55' title="bbox 411 5101 2002 5181; baseline 0.009 -25"><span class='ocrx_word' id='word_1_425' title='bbox 411 5101 566 5159; x_wconf 77' lang='lat' dir='ltr'><strong><em>vobis</em></strong></span> <span class='ocrx_word' id='word_1_426' title='bbox 586 5104 851 5161; x_wconf 88' lang='lat' dir='ltr'><strong><em>nominari</em></strong></span> <span class='ocrx_word' id='word_1_427' title='bbox 879 5115 1082 5164; x_wconf 87' lang='lat' dir='ltr'><strong><em>tantum</em></strong></span> <span class='ocrx_word' id='word_1_428' title='bbox 1101 5102 1386 5165; x_wconf 75' lang='lat' dir='ltr'><strong><em>traditores</em></strong></span> <span class='ocrx_word' id='word_1_429' title='bbox 1410 5110 1646 5166; x_wconf 89' lang='lat' dir='ltr'><strong><em>solemus</em></strong></span> <span class='ocrx_word' id='word_1_430' title='bbox 1661 5113 1868 5181; x_wconf 89' lang='lat' dir='ltr'><strong><em>audire,</em></strong></span> <span class='ocrx_word' id='word_1_431' title='bbox 1889 5115 2002 5171; x_wconf 85' lang='lat' dir='ltr'><strong><em>nul-</em></strong></span> 
     </span>
    </p>
   </div>
   <div class='ocr_carea' id='block_1_55' title="bbox 409 5195 1998 5276">
    <p class='ocr_par' dir='ltr' id='par_1_55' title="bbox 409 5195 1998 5276">
     <span class='ocr_line' id='line_1_56' title="bbox 409 5195 1998 5276; baseline 0.01 -28"><span class='ocrx_word' id='word_1_432' title='bbox 409 5195 476 5249; x_wconf 88' lang='lat' dir='ltr'><strong><em>lis</em></strong></span> <span class='ocrx_word' id='word_1_433' title='bbox 495 5203 674 5252; x_wconf 82' lang='lat' dir='ltr'><strong><em>autem</em></strong></span> <span class='ocrx_word' id='word_1_434' title='bbox 702 5197 868 5269; x_wconf 83' lang='lat' dir='ltr'><strong><em>gestis</em></strong></span> <span class='ocrx_word' id='word_1_435' title='bbox 886 5199 971 5256; x_wconf 85' lang='lat' dir='ltr'><strong><em>vel</em></strong></span> <span class='ocrx_word' id='word_1_436' title='bbox 992 5200 1386 5268; x_wconf 87' lang='lat' dir='ltr'><strong><em>ecclesiasticis,</em></strong></span> <span class='ocrx_word' id='word_1_437' title='bbox 1419 5203 1502 5258; x_wconf 88' lang='lat' dir='ltr'><strong><em>vel</em></strong></span> <span class='ocrx_word' id='word_1_438' title='bbox 1526 5203 1773 5276; x_wconf 91' lang='lat' dir='ltr'><strong><em>publicis,</em></strong></span> <span class='ocrx_word' id='word_1_439' title='bbox 1801 5207 1998 5264; x_wconf 83' lang='lat' dir='ltr'><strong><em>recita-</em></strong></span> 
     </span>
    </p>
   </div>
   <div class='ocr_carea' id='block_1_56' title="bbox 413 5288 1999 5367">
    <p class='ocr_par' dir='ltr' id='par_1_56' title="bbox 413 5288 1999 5367">
     <span class='ocr_line' id='line_1_57' title="bbox 413 5288 1999 5367; baseline 0.008 -25"><span class='ocrx_word' id='word_1_440' title='bbox 413 5302 457 5342; x_wconf 80' lang='lat' dir='ltr'><strong><em>ri</em></strong></span> <span class='ocrx_word' id='word_1_441' title='bbox 482 5288 940 5363; x_wconf 85' lang='lat' dir='ltr'><strong><em>demonstrarique</em></strong></span> <span class='ocrx_word' id='word_1_442' title='bbox 978 5290 1283 5358; x_wconf 83' lang='lat' dir='ltr'><strong><em>confessos;</em></strong></span> <span class='ocrx_word' id='word_1_443' title='bbox 1311 5306 1340 5348; x_wconf 90' lang='lat' dir='ltr'><strong><em>a</em></strong></span> <span class='ocrx_word' id='word_1_444' title='bbox 1373 5292 1524 5350; x_wconf 88' lang='lat' dir='ltr'><strong><em>nobis</em></strong></span> <span class='ocrx_word' id='word_1_445' title='bbox 1566 5303 1744 5352; x_wconf 90' lang='lat' dir='ltr'><strong><em>autem</em></strong></span> <span class='ocrx_word' id='word_1_446' title='bbox 1770 5297 1999 5367; x_wconf 83' lang='lat' dir='ltr'><strong><em>proferri</em></strong></span> 
     </span>
    </p>
   </div>
   <div class='ocr_carea' id='block_1_57' title="bbox 411 5382 2000 5454">
    <p class='ocr_par' dir='ltr' id='par_1_57' title="bbox 411 5382 2000 5454">
     <span class='ocr_line' id='line_1_58' title="bbox 411 5382 2000 5454; baseline 0.007 -19"><span class='ocrx_word' id='word_1_447' title='bbox 411 5388 467 5435; x_wconf 89' lang='lat' dir='ltr'><strong><em>et</em></strong></span> <span class='ocrx_word' id='word_1_448' title='bbox 495 5391 640 5453; x_wconf 90' lang='lat' dir='ltr'><strong><em>gesta</em></strong></span> <span class='ocrx_word' id='word_1_449' title='bbox 665 5383 875 5454; x_wconf 88' lang='lat' dir='ltr'><strong><em>publica</em></strong></span> <span class='ocrx_word' id='word_1_450' title='bbox 907 5383 995 5439; x_wconf 87' lang='lat' dir='ltr'><strong><em>ubi</em></strong></span> <span class='ocrx_word' id='word_1_451' title='bbox 1043 5382 1210 5438; x_wconf 89' lang='lat' dir='ltr'><strong><em>vestri</em></strong></span> <span class='ocrx_word' id='word_1_452' title='bbox 1263 5383 1618 5453; x_wconf 89' lang='lat' dir='ltr'><strong><em>tradiderunt,</em></strong></span> <span class='ocrx_word' id='word_1_453' title='bbox 1649 5396 1704 5444; x_wconf 91' lang='lat' dir='ltr'><strong><em>et</em></strong></span> <span class='ocrx_word' id='word_1_454' title='bbox 1745 5389 2000 5448; x_wconf 86' lang='lat' dir='ltr'><strong><em>ecclesia-</em></strong></span> 
     </span>
    </p>
   </div>
   <div class='ocr_carea' id='block_1_58' title="bbox 413 5472 1696 5545">
    <p class='ocr_par' dir='ltr' id='par_1_58' title="bbox 413 5472 1696 5545">
     <span class='ocr_line' id='line_1_59' title="bbox 413 5472 1696 5545; baseline 0.005 -17"><span class='ocrx_word' id='word_1_455' title='bbox 413 5472 545 5528; x_wconf 72' lang='lat' dir='ltr'><strong><em>SIica</em></strong></span> <span class='ocrx_word' id='word_1_456' title='bbox 570 5474 654 5529; x_wconf 92' lang='lat' dir='ltr'><strong><em>ubi</em></strong></span> <span class='ocrx_word' id='word_1_457' title='bbox 699 5474 929 5529; x_wconf 80' lang='lat' dir='ltr'><strong><em>confessi</em></strong></span> <span class='ocrx_word' id='word_1_458' title='bbox 959 5473 1068 5528; x_wconf 86' lang='lat' dir='ltr'><strong><em>Deo</em></strong></span> <span class='ocrx_word' id='word_1_459' title='bbox 1093 5474 1255 5545; x_wconf 87' lang='lat' dir='ltr'><strong><em>judici</em></strong></span> <span class='ocrx_word' id='word_1_460' title='bbox 1286 5476 1525 5534; x_wconf 89' lang='lat' dir='ltr'><strong><em>derelicti</em></strong></span> <span class='ocrx_word' id='word_1_461' title='bbox 1553 5487 1696 5534; x_wconf 89' lang='lat' dir='ltr'><strong><em>sunt.</em></strong></span> 
     </span>
    </p>
   </div>
   <div class='ocr_carea' id='block_1_59' title="bbox 479 5565 2002 5635">
    <p class='ocr_par' dir='ltr' id='par_1_59' title="bbox 479 5565 2002 5635">
     <span class='ocr_line' id='line_1_60' title="bbox 479 5565 2002 5635; baseline 0.008 -12"><span class='ocrx_word' id='word_1_462' title='bbox 479 5565 706 5624; x_wconf 77' lang='lat' dir='ltr'><strong><em>CAPUT</em></strong></span> <span class='ocrx_word' id='word_1_463' title='bbox 734 5565 992 5624; x_wconf 78' lang='lat' dir='ltr'><strong><em>LXXVII.</em></strong></span> <span class='ocrx_word' id='word_1_464' title='bbox 1007 5597 1077 5610; x_wconf 89' lang='lat'><strong>—</strong></span> <span class='ocrx_word' id='word_1_465' title='bbox 1090 5567 1178 5626; x_wconf 87' lang='lat'><strong><em>88.</em></strong></span> <span class='ocrx_word' id='word_1_466' title='bbox 1197 5568 1304 5628; x_wconf 88' lang='lat' dir='ltr'><strong><em>Sed</em></strong></span> <span class='ocrx_word' id='word_1_467' title='bbox 1321 5583 1425 5628; x_wconf 86' lang='lat' dir='ltr'><strong><em>non</em></strong></span> <span class='ocrx_word' id='word_1_468' title='bbox 1446 5571 1634 5631; x_wconf 89' lang='lat' dir='ltr'><strong><em>omitto</em></strong></span> <span class='ocrx_word' id='word_1_469' title='bbox 1651 5581 1758 5632; x_wconf 86' lang='lat' dir='ltr'><strong><em>tam</em></strong></span> <span class='ocrx_word' id='word_1_470' title='bbox 1773 5574 2002 5635; x_wconf 83' lang='lat' dir='ltr'><strong><em>manife-</em></strong></span> 
     </span>
    </p>
   </div>
   <div class='ocr_carea' id='block_1_60' title="bbox 474 5700 1200 5768">
    <p class='ocr_par' dir='ltr' id='par_1_60' title="bbox 474 5700 1200 5768">
     <span class='ocr_line' id='line_1_61' title="bbox 474 5700 1200 5768; baseline 0 -13"><span class='ocrx_word' id='word_1_471' title='bbox 474 5702 498 5737; x_wconf 77' lang='grc'><strong>⁸</strong></span> <span class='ocrx_word' id='word_1_472' title='bbox 519 5705 593 5755; x_wconf 76' lang='lat' dir='ltr'><strong><em>Sic</em></strong></span> <span class='ocrx_word' id='word_1_473' title='bbox 613 5708 718 5757; x_wconf 58' lang='lat' dir='ltr'><strong>IIS.</strong></span> <span class='ocrx_word' id='word_1_474' title='bbox 741 5703 877 5767; x_wconf 66' lang='lat' dir='ltr'><strong><em>aditi,</em></strong></span> <span class='ocrx_word' id='word_1_475' title='bbox 895 5700 1200 5768; x_wconf 83' lang='lat' dir='ltr'><strong><em>conﬁdimus.</em></strong></span> 
     </span>
    </p>
   </div>
   <div class='ocr_carea' id='block_1_61' title="bbox 1199 216 2940 290">
    <p class='ocr_par' dir='ltr' id='par_1_61' title="bbox 1199 216 2940 290">
     <span class='ocr_line' id='line_1_62' title="bbox 1199 216 2940 290; baseline 0.005 -14"><span class='ocrx_word' id='word_1_476' title='bbox 1199 217 1468 276; x_wconf 81' lang='lat' dir='ltr'><strong>CONTRA</strong></span> <span class='ocrx_word' id='word_1_477' title='bbox 1509 218 1939 277; x_wconf 73' lang='lat' dir='ltr'><strong><em>CRESCONIUM</em></strong></span> <span class='ocrx_word' id='word_1_478' title='bbox 1979 216 2434 290; x_wconf 68' lang='lat' dir='ltr'><strong><em>DONATISTAM,</em></strong></span> <span class='ocrx_word' id='word_1_479' title='bbox 2475 221 2532 280; x_wconf 92' lang='lat' dir='ltr'><strong><em>S.</em></strong></span> <span class='ocrx_word' id='word_1_480' title='bbox 2574 223 2940 284; x_wconf 81' lang='lat' dir='ltr'><strong><em>AUGUSTINI</em></strong></span> 
     </span>
    </p>
   </div>
   <div class='ocr_carea' id='block_1_62' title="bbox 2155 337 3739 421">
    <p class='ocr_par' dir='ltr' id='par_1_62' title="bbox 2155 337 3739 421">
     <span class='ocr_line' id='line_1_63' title="bbox 2155 337 3739 421; baseline 0.011 -31"><span class='ocrx_word' id='word_1_481' title='bbox 2155 348 2295 392; x_wconf 89' lang='lat' dir='ltr'><strong><em>stum</em></strong></span> <span class='ocrx_word' id='word_1_482' title='bbox 2312 337 2631 410; x_wconf 73' lang='lat' dir='ltr'><strong><em>adiutorium</em></strong></span> <span class='ocrx_word' id='word_1_483' title='bbox 2655 352 2821 410; x_wconf 88' lang='lat' dir='ltr'><strong><em>tuum,</em></strong></span> <span class='ocrx_word' id='word_1_484' title='bbox 2848 358 2955 415; x_wconf 88' lang='lat' dir='ltr'><strong><em>quo</em></strong></span> <span class='ocrx_word' id='word_1_485' title='bbox 2969 342 3292 405; x_wconf 87' lang='lat' dir='ltr'><strong><em>nobisetiam</em></strong></span> <span class='ocrx_word' id='word_1_486' title='bbox 3305 347 3559 406; x_wconf 81' lang='lat' dir='ltr'><strong><em>nesciens</em></strong></span> <span class='ocrx_word' id='word_1_487' title='bbox 3577 347 3739 421; x_wconf 79' lang='lat' dir='ltr'><strong><em>pluri-</em></strong></span> 
     </span>
    </p>
   </div>
   <div class='ocr_carea' id='block_1_63' title="bbox 2151 385 3778 513">
    <p class='ocr_par' dir='ltr' id='par_1_63' title="bbox 2151 385 3778 513">
     <span class='ocr_line' id='line_1_64' title="bbox 2151 385 3778 513; baseline 0.006 -28"><span class='ocrx_word' id='word_1_488' title='bbox 2151 385 3559 513; x_wconf 59' lang='grc' dir='ltr'><strong><em>ἧἑὶὲέῖεῖἓέὲζῌξὲὲιέςῖξζέεῗιῖὲε’ὲᾌ’ἱέι’ρί’τέἵνῖἷη“ἔέξ</em></strong></span> <span class='ocrx_word' id='word_1_489' title='bbox 3571 385 3738 511; x_wconf 68' lang='grc' dir='ltr'><strong><em>ξ”ᾱίἑι</em></strong></span> <span class='ocrx_word' id='word_1_490' title='bbox 3771 385 3778 486; x_wconf 67' lang='grc'><strong>4</strong></span> 
     </span>
    </p>
   </div>
   <div class='ocr_carea' id='block_1_64' title="bbox 2147 523 3777 616">
    <p class='ocr_par' dir='ltr' id='par_1_64' title="bbox 2147 523 3777 616">
     <span class='ocr_line' id='line_1_65' title="bbox 2147 523 3777 616; baseline 0.009 -39"><span class='ocrx_word' id='word_1_491' title='bbox 2147 524 2204 578; x_wconf 83' lang='lat' dir='ltr'><strong><em>sd</em></strong></span> <span class='ocrx_word' id='word_1_492' title='bbox 2223 525 2360 595; x_wconf 83' lang='lat' dir='ltr'><strong><em>quod</em></strong></span> <span class='ocrx_word' id='word_1_493' title='bbox 2384 536 2503 581; x_wconf 90' lang='lat' dir='ltr'><strong><em>ante</em></strong></span> <span class='ocrx_word' id='word_1_494' title='bbox 2527 528 2748 598; x_wconf 87' lang='lat' dir='ltr'><strong><em>positum</em></strong></span> <span class='ocrx_word' id='word_1_495' title='bbox 2777 539 2847 584; x_wconf 87' lang='lat' dir='ltr'><strong><em>est</em></strong></span> <span class='ocrx_word' id='word_1_496' title='bbox 2866 539 3038 602; x_wconf 83' lang='lat' dir='ltr'><strong><em>auget,</em></strong></span> <span class='ocrx_word' id='word_1_497' title='bbox 3073 548 3176 588; x_wconf 87' lang='lat' dir='ltr'><strong><em>non</em></strong></span> <span class='ocrx_word' id='word_1_498' title='bbox 3226 535 3362 603; x_wconf 84' lang='lat' dir='ltr'><strong><em>quod</em></strong></span> <span class='ocrx_word' id='word_1_499' title='bbox 3403 543 3524 590; x_wconf 84' lang='lat' dir='ltr'><strong><em>astte</em></strong></span> <span class='ocrx_word' id='word_1_500' title='bbox 3550 533 3738 589; x_wconf 72' lang='lat' dir='ltr'><strong><em>dictu-</em></strong></span> 
     </span>
    </p>
   </div>
   <div class='ocr_carea' id='block_1_65' title="bbox 2149 615 3777 718">
    <p class='ocr_par' dir='ltr' id='par_1_65' title="bbox 2149 615 3777 718">
     <span class='ocr_line' id='line_1_66' title="bbox 2149 615 3777 718; baseline 0.007 -48"><span class='ocrx_word' id='word_1_501' title='bbox 2149 624 2221 670; x_wconf 87' lang='lat' dir='ltr'><strong><em>est</em></strong></span> <span class='ocrx_word' id='word_1_502' title='bbox 2241 615 2518 718; x_wconf 75' lang='lat' dir='ltr'><strong><em>improbat.</em></strong></span> <span class='ocrx_word' id='word_1_503' title='bbox 2543 618 2845 718; x_wconf 64' lang='lat' dir='ltr'><strong><em>Secundum</em></strong></span> <span class='ocrx_word' id='word_1_504' title='bbox 2864 621 3008 677; x_wconf 90' lang='lat' dir='ltr'><strong><em>enim</em></strong></span> <span class='ocrx_word' id='word_1_505' title='bbox 3020 619 3167 718; x_wconf 81' lang='lat' dir='ltr'><strong><em>hanc</em></strong></span> <span class='ocrx_word' id='word_1_506' title='bbox 3181 623 3420 718; x_wconf 81' lang='lat' dir='ltr'><strong><em>regulam</em></strong></span> <span class='ocrx_word' id='word_1_507' title='bbox 3446 634 3623 692; x_wconf 86' lang='lat' dir='ltr'><strong><em>tuam,</em></strong></span> <span class='ocrx_word' id='word_1_508' title='bbox 3655 641 3734 718; x_wconf 85' lang='lat' dir='ltr'><strong><em>se-</em></strong></span> <span class='ocrx_word' id='word_1_509' title='bbox 3775 663 3777 718; x_wconf 50' lang='grc'><strong>1</strong></span> 
     </span>
    </p>
   </div>
   <div class='ocr_carea' id='block_1_66' title="bbox 2147 706 3736 785">
    <p class='ocr_par' dir='ltr' id='par_1_66' title="bbox 2147 706 3736 785">
     <span class='ocr_line' id='line_1_67' title="bbox 2147 706 3736 785; baseline 0.006 -25"><span class='ocrx_word' id='word_1_510' title='bbox 2147 706 2379 762; x_wconf 88' lang='lat' dir='ltr'><strong><em>cundum</em></strong></span> <span class='ocrx_word' id='word_1_511' title='bbox 2423 708 2666 780; x_wconf 84' lang='lat' dir='ltr'><strong><em>quaedam</em></strong></span> <span class='ocrx_word' id='word_1_512' title='bbox 2691 710 2856 766; x_wconf 87' lang='lat' dir='ltr'><strong><em>verba</em></strong></span> <span class='ocrx_word' id='word_1_513' title='bbox 2885 722 2974 766; x_wconf 87' lang='lat' dir='ltr'><strong><em>tua</em></strong></span> <span class='ocrx_word' id='word_1_514' title='bbox 3019 713 3071 768; x_wconf 93' lang='lat' dir='ltr'><strong><em>in</em></strong></span> <span class='ocrx_word' id='word_1_515' title='bbox 3115 713 3340 785; x_wconf 90' lang='lat' dir='ltr'><strong><em>epistola</em></strong></span> <span class='ocrx_word' id='word_1_516' title='bbox 3367 723 3480 782; x_wconf 87' lang='lat' dir='ltr'><strong><em>tua,</em></strong></span> <span class='ocrx_word' id='word_1_517' title='bbox 3509 718 3638 772; x_wconf 84' lang='lat' dir='ltr'><strong><em>sine</em></strong></span> <span class='ocrx_word' id='word_1_518' title='bbox 3662 717 3736 770; x_wconf 89' lang='lat' dir='ltr'><strong><em>nl-</em></strong></span> 
     </span>
    </p>
   </div>
   <div class='ocr_carea' id='block_1_67' title="bbox 2148 799 3737 864">
    <p class='ocr_par' dir='ltr' id='par_1_67' title="bbox 2148 799 3737 864">
     <span class='ocr_line' id='line_1_68' title="bbox 2148 799 3737 864; baseline 0.006 -10"><span class='ocrx_word' id='word_1_519' title='bbox 2148 799 2197 855; x_wconf 89' lang='lat' dir='ltr'><strong><em>la</em></strong></span> <span class='ocrx_word' id='word_1_520' title='bbox 2222 800 2533 858; x_wconf 89' lang='lat' dir='ltr'><strong><em>difficultate</em></strong></span> <span class='ocrx_word' id='word_1_521' title='bbox 2580 802 2908 859; x_wconf 87' lang='lat' dir='ltr'><strong><em>obtinuimus</em></strong></span> <span class='ocrx_word' id='word_1_522' title='bbox 2945 818 3159 860; x_wconf 84' lang='lat' dir='ltr'><strong><em>causam</em></strong></span> <span class='ocrx_word' id='word_1_523' title='bbox 3191 814 3452 863; x_wconf 90' lang='lat' dir='ltr'><strong><em>nostram.</em></strong></span> <span class='ocrx_word' id='word_1_524' title='bbox 3482 806 3564 863; x_wconf 85' lang='lat' dir='ltr'><strong><em>Tn</em></strong></span> <span class='ocrx_word' id='word_1_525' title='bbox 3599 809 3737 864; x_wconf 87' lang='lat' dir='ltr'><strong><em>enim</em></strong></span> 
     </span>
    </p>
   </div>
   <div class='ocr_carea' id='block_1_68' title="bbox 2144 891 3741 967">
    <p class='ocr_par' dir='ltr' id='par_1_68' title="bbox 2144 891 3741 967">
     <span class='ocr_line' id='line_1_69' title="bbox 2144 891 3741 967; baseline 0.005 -19"><span class='ocrx_word' id='word_1_526' title='bbox 2144 891 2324 949; x_wconf 83' lang='lat' dir='ltr'><strong><em>dixisti</em></strong></span> <span class='ocrx_word' id='word_1_527' title='bbox 2352 894 2404 950; x_wconf 90' lang='lat' dir='ltr'><strong><em>in</em></strong></span> <span class='ocrx_word' id='word_1_528' title='bbox 2445 895 2631 967; x_wconf 89' lang='lat' dir='ltr'><strong><em>primis</em></strong></span> <span class='ocrx_word' id='word_1_529' title='bbox 2681 896 2921 966; x_wconf 89' lang='lat' dir='ltr'><strong><em>partibus</em></strong></span> <span class='ocrx_word' id='word_1_530' title='bbox 2974 898 3269 954; x_wconf 88' lang='lat' dir='ltr'><strong><em>litterarum</em></strong></span> <span class='ocrx_word' id='word_1_531' title='bbox 3313 907 3546 965; x_wconf 83' lang='lat' dir='ltr'><strong><em>tuarum,</em></strong></span> <span class='ocrx_word' id='word_1_532' title='bbox 3597 901 3741 956; x_wconf 81' lang='lat' dir='ltr'><strong><em>velut</em></strong></span> 
     </span>
    </p>
   </div>
   <div class='ocr_carea' id='block_1_69' title="bbox 2143 987 3739 1064">
    <p class='ocr_par' dir='ltr' id='par_1_69' title="bbox 2143 987 3739 1064">
     <span class='ocr_line' id='line_1_70' title="bbox 2143 987 3739 1064; baseline 0.006 -26"><span class='ocrx_word' id='word_1_533' title='bbox 2143 993 2381 1040; x_wconf 89' lang='lat' dir='ltr'><strong><em>nostram</em></strong></span> <span class='ocrx_word' id='word_1_534' title='bbox 2409 987 2752 1057; x_wconf 86' lang='lat' dir='ltr'><strong><em>pertinaciam</em></strong></span> <span class='ocrx_word' id='word_1_535' title='bbox 2779 987 3137 1056; x_wconf 87' lang='lat' dir='ltr'><strong><em>criminando,</em></strong></span> <span class='ocrx_word' id='word_1_536' title='bbox 3171 999 3241 1045; x_wconf 89' lang='lat' dir='ltr'><strong><em>tot</em></strong></span> <span class='ocrx_word' id='word_1_537' title='bbox 3262 990 3570 1046; x_wconf 82' lang='lat' dir='ltr'><strong><em>documenta</em></strong></span> <span class='ocrx_word' id='word_1_538' title='bbox 3603 993 3739 1064; x_wconf 75' lang='lat' dir='ltr'><strong><em>lcga-</em></strong></span> 
     </span>
    </p>
   </div>
   <div class='ocr_carea' id='block_1_70' title="bbox 2142 1078 3735 1154">
    <p class='ocr_par' dir='ltr' id='par_1_70' title="bbox 2142 1078 3735 1154">
     <span class='ocr_line' id='line_1_71' title="bbox 2142 1078 3735 1154; baseline 0.006 -23"><span class='ocrx_word' id='word_1_539' title='bbox 2142 1078 2230 1144; x_wconf 89' lang='lat' dir='ltr'><strong><em>lia,</em></strong></span> <span class='ocrx_word' id='word_1_540' title='bbox 2261 1079 2398 1149; x_wconf 87' lang='lat' dir='ltr'><strong><em>quod</em></strong></span> <span class='ocrx_word' id='word_1_541' title='bbox 2434 1080 2613 1135; x_wconf 89' lang='lat' dir='ltr'><strong><em>melius</em></strong></span> <span class='ocrx_word' id='word_1_542' title='bbox 2646 1090 2696 1136; x_wconf 89' lang='lat' dir='ltr'><strong><em>et</em></strong></span> <span class='ocrx_word' id='word_1_543' title='bbox 2744 1081 2914 1136; x_wconf 82' lang='lat' dir='ltr'><strong><em>verius</em></strong></span> <span class='ocrx_word' id='word_1_544' title='bbox 2939 1091 3031 1148; x_wconf 87' lang='lat' dir='ltr'><strong><em>est,</em></strong></span> <span class='ocrx_word' id='word_1_545' title='bbox 3080 1081 3223 1138; x_wconf 86' lang='lat' dir='ltr'><strong><em>nobis</em></strong></span> <span class='ocrx_word' id='word_1_546' title='bbox 3265 1086 3578 1154; x_wconf 79' lang='lat' dir='ltr'><strong><em>persuadere</em></strong></span> <span class='ocrx_word' id='word_1_547' title='bbox 3639 1103 3735 1140; x_wconf 73' lang='lat' dir='ltr'><strong><em>non</em></strong></span> 
     </span>
    </p>
   </div>
   <div class='ocr_carea' id='block_1_71' title="bbox 2142 1169 3733 1244">
    <p class='ocr_par' dir='ltr' id='par_1_71' title="bbox 2142 1169 3733 1244">
     <span class='ocr_line' id='line_1_72' title="bbox 2142 1169 3733 1244; baseline 0.005 -20"><span class='ocrx_word' id='word_1_548' title='bbox 2142 1185 2304 1239; x_wconf 90' lang='lat' dir='ltr'><strong><em>posse.</em></strong></span> <span class='ocrx_word' id='word_1_549' title='bbox 2331 1169 2432 1226; x_wconf 86' lang='lat' dir='ltr'><strong><em>Ubi</em></strong></span> <span class='ocrx_word' id='word_1_550' title='bbox 2475 1185 2576 1242; x_wconf 89' lang='lat' dir='ltr'><strong><em>ego</em></strong></span> <span class='ocrx_word' id='word_1_551' title='bbox 2605 1170 2869 1228; x_wconf 90' lang='lat' dir='ltr'><strong><em>concludo</em></strong></span> <span class='ocrx_word' id='word_1_552' title='bbox 2915 1171 3211 1230; x_wconf 89' lang='lat' dir='ltr'><strong><em>secundum</em></strong></span> <span class='ocrx_word' id='word_1_553' title='bbox 3259 1175 3559 1231; x_wconf 79' lang='lat' dir='ltr'><strong><em>artiﬁcialis</em></strong></span> <span class='ocrx_word' id='word_1_554' title='bbox 3624 1185 3733 1244; x_wconf 89' lang='lat' dir='ltr'><strong><em>tua,</em></strong></span> 
     </span>
    </p>
   </div>
   <div class='ocr_carea' id='block_1_72' title="bbox 2133 1260 3738 1338">
    <p class='ocr_par' dir='ltr' id='par_1_72' title="bbox 2133 1260 3738 1338">
     <span class='ocr_line' id='line_1_73' title="bbox 2133 1260 3738 1338; baseline 0.005 -22"><span class='ocrx_word' id='word_1_555' title='bbox 2133 1260 2244 1332; x_wconf 84' lang='lat' dir='ltr'><strong><em>jam</em></strong></span> <span class='ocrx_word' id='word_1_556' title='bbox 2271 1277 2372 1318; x_wconf 92' lang='lat' dir='ltr'><strong><em>nos</em></strong></span> <span class='ocrx_word' id='word_1_557' title='bbox 2410 1279 2594 1318; x_wconf 90' lang='lat' dir='ltr'><strong><em>verum</em></strong></span> <span class='ocrx_word' id='word_1_558' title='bbox 2637 1273 2695 1320; x_wconf 90' lang='lat' dir='ltr'><strong><em>et</em></strong></span> <span class='ocrx_word' id='word_1_559' title='bbox 2737 1263 2935 1320; x_wconf 89' lang='lat' dir='ltr'><strong><em>bonum</em></strong></span> <span class='ocrx_word' id='word_1_560' title='bbox 2969 1273 3172 1332; x_wconf 90' lang='lat' dir='ltr'><strong><em>tenere,</em></strong></span> <span class='ocrx_word' id='word_1_561' title='bbox 3216 1267 3260 1322; x_wconf 90' lang='lat' dir='ltr'><strong><em>si</em></strong></span> <span class='ocrx_word' id='word_1_562' title='bbox 3305 1267 3447 1338; x_wconf 89' lang='lat' dir='ltr'><strong><em>quod</em></strong></span> <span class='ocrx_word' id='word_1_563' title='bbox 3471 1269 3659 1323; x_wconf 86' lang='lat' dir='ltr'><strong><em>verius</em></strong></span> <span class='ocrx_word' id='word_1_564' title='bbox 3687 1279 3738 1324; x_wconf 86' lang='lat' dir='ltr'><strong><em>et</em></strong></span> 
     </span>
    </p>
   </div>
   <div class='ocr_carea' id='block_1_73' title="bbox 2139 1353 3736 1429">
    <p class='ocr_par' dir='ltr' id='par_1_73' title="bbox 2139 1353 3736 1429">
     <span class='ocr_line' id='line_1_74' title="bbox 2139 1353 3736 1429; baseline 0.005 -23"><span class='ocrx_word' id='word_1_565' title='bbox 2139 1353 2332 1409; x_wconf 89' lang='lat' dir='ltr'><strong><em>melius</em></strong></span> <span class='ocrx_word' id='word_1_566' title='bbox 2359 1364 2462 1422; x_wconf 91' lang='lat' dir='ltr'><strong><em>est,</em></strong></span> <span class='ocrx_word' id='word_1_567' title='bbox 2507 1354 2660 1409; x_wconf 92' lang='lat' dir='ltr'><strong><em>nobis</em></strong></span> <span class='ocrx_word' id='word_1_568' title='bbox 2712 1355 3023 1426; x_wconf 87' lang='lat' dir='ltr'><strong><em>persuaderi</em></strong></span> <span class='ocrx_word' id='word_1_569' title='bbox 3053 1370 3160 1411; x_wconf 91' lang='lat' dir='ltr'><strong><em>non</em></strong></span> <span class='ocrx_word' id='word_1_570' title='bbox 3192 1365 3388 1427; x_wconf 90' lang='lat' dir='ltr'><strong><em>potest.</em></strong></span> <span class='ocrx_word' id='word_1_571' title='bbox 3419 1357 3556 1412; x_wconf 91' lang='lat' dir='ltr'><strong><em>Cum</em></strong></span> <span class='ocrx_word' id='word_1_572' title='bbox 3607 1376 3736 1429; x_wconf 85' lang='lat' dir='ltr'><strong><em>ergo</em></strong></span> 
     </span>
    </p>
   </div>
   <div class='ocr_carea' id='block_1_74' title="bbox 2138 1443 3736 1520">
    <p class='ocr_par' dir='ltr' id='par_1_74' title="bbox 2138 1443 3736 1520">
     <span class='ocr_line' id='line_1_75' title="bbox 2138 1443 3736 1520; baseline 0.004 -22"><span class='ocrx_word' id='word_1_573' title='bbox 2138 1458 2238 1498; x_wconf 89' lang='lat' dir='ltr'><strong><em>nos</em></strong></span> <span class='ocrx_word' id='word_1_574' title='bbox 2259 1459 2365 1499; x_wconf 92' lang='lat' dir='ltr'><strong><em>non</em></strong></span> <span class='ocrx_word' id='word_1_575' title='bbox 2391 1443 2779 1512; x_wconf 90' lang='lat' dir='ltr'><strong><em>rescindamus,</em></strong></span> <span class='ocrx_word' id='word_1_576' title='bbox 2815 1453 2873 1500; x_wconf 90' lang='lat' dir='ltr'><strong><em>ut</em></strong></span> <span class='ocrx_word' id='word_1_577' title='bbox 2899 1445 3193 1502; x_wconf 89' lang='lat' dir='ltr'><strong><em>secundum</em></strong></span> <span class='ocrx_word' id='word_1_578' title='bbox 3226 1456 3278 1503; x_wconf 91' lang='lat' dir='ltr'><strong><em>te</em></strong></span> <span class='ocrx_word' id='word_1_579' title='bbox 3305 1447 3518 1520; x_wconf 85' lang='lat' dir='ltr'><strong><em>loquar,</em></strong></span> <span class='ocrx_word' id='word_1_580' title='bbox 3550 1451 3736 1504; x_wconf 86' lang='lat' dir='ltr'><strong><em>verius</em></strong></span> 
     </span>
    </p>
   </div>
   <div class='ocr_carea' id='block_1_75' title="bbox 2135 1535 3735 1610">
    <p class='ocr_par' dir='ltr' id='par_1_75' title="bbox 2135 1535 3735 1610">
     <span class='ocr_line' id='line_1_76' title="bbox 2135 1535 3735 1610; baseline 0.003 -18"><span class='ocrx_word' id='word_1_581' title='bbox 2135 1545 2192 1592; x_wconf 90' lang='lat' dir='ltr'><strong><em>et</em></strong></span> <span class='ocrx_word' id='word_1_582' title='bbox 2219 1535 2410 1592; x_wconf 91' lang='lat' dir='ltr'><strong><em>melius</em></strong></span> <span class='ocrx_word' id='word_1_583' title='bbox 2461 1537 2727 1609; x_wconf 83' lang='lat' dir='ltr'><strong><em>Baptisma</em></strong></span> <span class='ocrx_word' id='word_1_584' title='bbox 2773 1546 3030 1606; x_wconf 88' lang='lat' dir='ltr'><strong><em>vestrum,</em></strong></span> <span class='ocrx_word' id='word_1_585' title='bbox 3072 1553 3240 1610; x_wconf 84' lang='lat' dir='ltr'><strong><em>quare</em></strong></span> <span class='ocrx_word' id='word_1_586' title='bbox 3281 1553 3378 1596; x_wconf 88' lang='lat' dir='ltr'><strong><em>vos</em></strong></span> <span class='ocrx_word' id='word_1_587' title='bbox 3424 1542 3735 1596; x_wconf 84' lang='lat' dir='ltr'><strong><em>rescinditis</em></strong></span> 
     </span>
    </p>
   </div>
   <div class='ocr_carea' id='block_1_76' title="bbox 2136 1619 3730 1696">
    <p class='ocr_par' dir='ltr' id='par_1_76' title="bbox 2136 1619 3730 1696">
     <span class='ocr_line' id='line_1_77' title="bbox 2136 1619 3730 1696; baseline 0.002 -13"><span class='ocrx_word' id='word_1_588' title='bbox 2136 1643 2320 1685; x_wconf 88' lang='lat' dir='ltr'><strong><em>verum</em></strong></span> <span class='ocrx_word' id='word_1_589' title='bbox 2362 1638 2417 1685; x_wconf 90' lang='lat' dir='ltr'><strong><em>et</em></strong></span> <span class='ocrx_word' id='word_1_590' title='bbox 2445 1630 2644 1686; x_wconf 90' lang='lat' dir='ltr'><strong><em>bonum</em></strong></span> <span class='ocrx_word' id='word_1_591' title='bbox 2668 1629 2952 1685; x_wconf 87' lang='lat' dir='ltr'><strong><em>nostrum?</em></strong></span> <span class='ocrx_word' id='word_1_592' title='bbox 2982 1627 3117 1686; x_wconf 87' lang='lat' dir='ltr'><strong><em>Item</em></strong></span> <span class='ocrx_word' id='word_1_593' title='bbox 3165 1645 3289 1686; x_wconf 89' lang='lat' dir='ltr'><strong><em>cum</em></strong></span> <span class='ocrx_word' id='word_1_594' title='bbox 3324 1619 3579 1696; x_wconf 81' lang='lat' dir='ltr'><strong><em>dixisses,</em></strong></span> <span class='ocrx_word' id='word_1_595' title='bbox 3621 1631 3730 1686; x_wconf 78' lang='lat' dir='ltr'><strong><em>Hoc</em></strong></span> 
     </span>
    </p>
   </div>
   <div class='ocr_carea' id='block_1_77' title="bbox 2134 1720 3730 1796">
    <p class='ocr_par' dir='ltr' id='par_1_77' title="bbox 2134 1720 3730 1796">
     <span class='ocr_line' id='line_1_78' title="bbox 2134 1720 3730 1796; baseline 0.002 -21"><span class='ocrx_word' id='word_1_596' title='bbox 2134 1731 2182 1775; x_wconf 93' lang='lat' dir='ltr'><strong><em>et</em></strong></span> <span class='ocrx_word' id='word_1_597' title='bbox 2197 1738 2289 1776; x_wconf 88' lang='lat' dir='ltr'><strong><em>nos</em></strong></span> <span class='ocrx_word' id='word_1_598' title='bbox 2309 1720 2565 1789; x_wconf 87' lang='lat' dir='ltr'><strong><em>volumus,</em></strong></span> <span class='ocrx_word' id='word_1_599' title='bbox 2602 1731 2656 1776; x_wconf 88' lang='lat' dir='ltr'><strong><em>ut</em></strong></span> <span class='ocrx_word' id='word_1_600' title='bbox 2672 1721 2902 1778; x_wconf 83' lang='lat' dir='ltr'><strong><em>Christus</em></strong></span> <span class='ocrx_word' id='word_1_601' title='bbox 2928 1723 2990 1778; x_wconf 86' lang='lat' dir='ltr'><strong><em>sit</em></strong></span> <span class='ocrx_word' id='word_1_602' title='bbox 3010 1721 3173 1794; x_wconf 83' lang='lat' dir='ltr'><strong><em>origo,</em></strong></span> <span class='ocrx_word' id='word_1_603' title='bbox 3201 1731 3248 1777; x_wconf 90' lang='lat' dir='ltr'><strong><em>et</em></strong></span> <span class='ocrx_word' id='word_1_604' title='bbox 3271 1722 3446 1788; x_wconf 73' lang='lat' dir='ltr'><strong><em>radix,</em></strong></span> <span class='ocrx_word' id='word_1_605' title='bbox 3473 1734 3730 1796; x_wconf 80' lang='lat' dir='ltr'><strong><em>caputque</em></strong></span> 
     </span>
    </p>
   </div>
   <div class='ocr_carea' id='block_1_78' title="bbox 2134 1812 3733 1886">
    <p class='ocr_par' dir='ltr' id='par_1_78' title="bbox 2134 1812 3733 1886">
     <span class='ocr_line' id='line_1_79' title="bbox 2134 1812 3733 1886; baseline 0.002 -19"><span class='ocrx_word' id='word_1_606' title='bbox 2134 1813 2432 1868; x_wconf 88' lang='lat' dir='ltr'><strong><em>christiani:</em></strong></span> <span class='ocrx_word' id='word_1_607' title='bbox 2457 1812 3024 1882; x_wconf 88' lang='lat' dir='ltr'><strong><em>coutinuosubjecisti,</em></strong></span> <span class='ocrx_word' id='word_1_608' title='bbox 3049 1812 3138 1868; x_wconf 87' lang='lat' dir='ltr'><strong><em>sed</em></strong></span> <span class='ocrx_word' id='word_1_609' title='bbox 3159 1815 3432 1885; x_wconf 69' lang='lat' dir='ltr'><strong><em>quarrimus</em></strong></span> <span class='ocrx_word' id='word_1_610' title='bbox 3461 1831 3556 1886; x_wconf 85' lang='lat' dir='ltr'><strong><em>per</em></strong></span> <span class='ocrx_word' id='word_1_611' title='bbox 3581 1833 3733 1885; x_wconf 74' lang='lat' dir='ltr'><strong><em>quem</em></strong></span> 
     </span>
    </p>
   </div>
   <div class='ocr_carea' id='block_1_79' title="bbox 2132 1902 3736 1976">
    <p class='ocr_par' dir='ltr' id='par_1_79' title="bbox 2132 1902 3736 1976">
     <span class='ocr_line' id='line_1_80' title="bbox 2132 1902 3736 1976; baseline 0.003 -18"><span class='ocrx_word' id='word_1_612' title='bbox 2132 1903 2228 1958; x_wconf 86' lang='lat' dir='ltr'><strong><em>hoc</em></strong></span> <span class='ocrx_word' id='word_1_613' title='bbox 2247 1903 2427 1958; x_wconf 86' lang='lat' dir='ltr'><strong><em>melius</em></strong></span> <span class='ocrx_word' id='word_1_614' title='bbox 2453 1903 2562 1972; x_wconf 74' lang='lat' dir='ltr'><strong><em>fiat.</em></strong></span> <span class='ocrx_word' id='word_1_615' title='bbox 2587 1902 2740 1972; x_wconf 93' lang='lat' dir='ltr'><strong><em>Quod</em></strong></span> <span class='ocrx_word' id='word_1_616' title='bbox 2787 1903 3016 1961; x_wconf 90' lang='lat' dir='ltr'><strong><em>dicendo</em></strong></span> <span class='ocrx_word' id='word_1_617' title='bbox 3069 1904 3252 1976; x_wconf 88' lang='lat' dir='ltr'><strong><em>utique</em></strong></span> <span class='ocrx_word' id='word_1_618' title='bbox 3298 1907 3652 1976; x_wconf 84' lang='lat' dir='ltr'><strong><em>concessisti,</em></strong></span> <span class='ocrx_word' id='word_1_619' title='bbox 3684 1917 3736 1963; x_wconf 86' lang='lat' dir='ltr'><strong><em>et</em></strong></span> 
     </span>
    </p>
   </div>
   <div class='ocr_carea' id='block_1_80' title="bbox 2132 1996 3732 2072">
    <p class='ocr_par' dir='ltr' id='par_1_80' title="bbox 2132 1996 3732 2072">
     <span class='ocr_line' id='line_1_81' title="bbox 2132 1996 3732 2072; baseline 0.004 -22"><span class='ocrx_word' id='word_1_620' title='bbox 2132 2011 2227 2067; x_wconf 87' lang='lat' dir='ltr'><strong><em>per</em></strong></span> <span class='ocrx_word' id='word_1_621' title='bbox 2255 1996 2453 2052; x_wconf 89' lang='lat' dir='ltr'><strong><em>malum</em></strong></span> <span class='ocrx_word' id='word_1_622' title='bbox 2479 1996 2783 2052; x_wconf 90' lang='lat' dir='ltr'><strong><em>ministrum</em></strong></span> <span class='ocrx_word' id='word_1_623' title='bbox 2799 1997 2938 2054; x_wconf 89' lang='lat' dir='ltr'><strong><em>bene</em></strong></span> <span class='ocrx_word' id='word_1_624' title='bbox 2981 1997 3118 2065; x_wconf 82' lang='lat' dir='ltr'><strong><em>ﬁeri,</em></strong></span> <span class='ocrx_word' id='word_1_625' title='bbox 3151 1997 3247 2054; x_wconf 88' lang='lat' dir='ltr'><strong><em>sed</em></strong></span> <span class='ocrx_word' id='word_1_626' title='bbox 3273 1999 3469 2056; x_wconf 88' lang='lat' dir='ltr'><strong><em>melius</em></strong></span> <span class='ocrx_word' id='word_1_627' title='bbox 3499 2015 3603 2072; x_wconf 84' lang='lat' dir='ltr'><strong><em>per</em></strong></span> <span class='ocrx_word' id='word_1_628' title='bbox 3632 2001 3732 2056; x_wconf 89' lang='lat' dir='ltr'><strong><em>bo-</em></strong></span> 
     </span>
    </p>
   </div>
   <div class='ocr_carea' id='block_1_81' title="bbox 2131 2086 3728 2163">
    <p class='ocr_par' dir='ltr' id='par_1_81' title="bbox 2131 2086 3728 2163">
     <span class='ocr_line' id='line_1_82' title="bbox 2131 2086 3728 2163; baseline 0.003 -21"><span class='ocrx_word' id='word_1_629' title='bbox 2131 2086 2624 2159; x_wconf 89' lang='lat' dir='ltr'><strong><em>num.Cumitaque</em></strong></span> <span class='ocrx_word' id='word_1_630' title='bbox 2675 2103 2775 2143; x_wconf 90' lang='lat' dir='ltr'><strong><em>uos</em></strong></span> <span class='ocrx_word' id='word_1_631' title='bbox 2817 2104 2924 2144; x_wconf 89' lang='lat' dir='ltr'><strong><em>non</em></strong></span> <span class='ocrx_word' id='word_1_632' title='bbox 2964 2089 3320 2146; x_wconf 86' lang='lat' dir='ltr'><strong><em>rescindimus</em></strong></span> <span class='ocrx_word' id='word_1_633' title='bbox 3365 2090 3728 2163; x_wconf 85' lang='lat' dir='ltr'><strong><em>Baptismum,</em></strong></span> 
     </span>
    </p>
   </div>
   <div class='ocr_carea' id='block_1_82' title="bbox 2130 2182 3727 2252">
    <p class='ocr_par' dir='ltr' id='par_1_82' title="bbox 2130 2182 3727 2252">
     <span class='ocr_line' id='line_1_83' title="bbox 2130 2182 3727 2252; baseline 0.006 -19"><span class='ocrx_word' id='word_1_634' title='bbox 2130 2193 2289 2249; x_wconf 90' lang='lat' dir='ltr'><strong><em>quem</em></strong></span> <span class='ocrx_word' id='word_1_635' title='bbox 2329 2195 2424 2249; x_wconf 88' lang='lat' dir='ltr'><strong><em>per</em></strong></span> <span class='ocrx_word' id='word_1_636' title='bbox 2472 2189 2710 2236; x_wconf 81' lang='lat' dir='ltr'><strong><em>vestrum</em></strong></span> <span class='ocrx_word' id='word_1_637' title='bbox 2743 2190 2995 2252; x_wconf 89' lang='lat' dir='ltr'><strong><em>tanquam</em></strong></span> <span class='ocrx_word' id='word_1_638' title='bbox 3033 2196 3132 2252; x_wconf 90' lang='lat' dir='ltr'><strong><em>per</em></strong></span> <span class='ocrx_word' id='word_1_639' title='bbox 3160 2182 3360 2239; x_wconf 91' lang='lat' dir='ltr'><strong><em>bonum</em></strong></span> <span class='ocrx_word' id='word_1_640' title='bbox 3409 2185 3727 2242; x_wconf 83' lang='lat' dir='ltr'><strong><em>ministrum</em></strong></span> 
     </span>
    </p>
   </div>
   <div class='ocr_carea' id='block_1_83' title="bbox 2129 2269 3731 2349">
    <p class='ocr_par' dir='ltr' id='par_1_83' title="bbox 2129 2269 3731 2349">
     <span class='ocr_line' id='line_1_84' title="bbox 2129 2269 3731 2349; baseline 0.005 -23"><span class='ocrx_word' id='word_1_641' title='bbox 2129 2269 2244 2326; x_wconf 89' lang='lat' dir='ltr'><strong><em>dari</em></strong></span> <span class='ocrx_word' id='word_1_642' title='bbox 2270 2270 2452 2330; x_wconf 90' lang='lat' dir='ltr'><strong><em>dicitis</em></strong></span> <span class='ocrx_word' id='word_1_643' title='bbox 2478 2290 2490 2328; x_wconf 90' lang='lat'><strong>:</strong></span> <span class='ocrx_word' id='word_1_644' title='bbox 2514 2287 2682 2342; x_wconf 90' lang='lat' dir='ltr'><strong><em>quare</em></strong></span> <span class='ocrx_word' id='word_1_645' title='bbox 2705 2286 2801 2328; x_wconf 89' lang='lat' dir='ltr'><strong><em>vos</em></strong></span> <span class='ocrx_word' id='word_1_646' title='bbox 2843 2273 3149 2330; x_wconf 86' lang='lat' dir='ltr'><strong><em>rescinditis</em></strong></span> <span class='ocrx_word' id='word_1_647' title='bbox 3182 2272 3541 2346; x_wconf 88' lang='lat' dir='ltr'><strong><em>Baptismum,</em></strong></span> <span class='ocrx_word' id='word_1_648' title='bbox 3569 2293 3731 2349; x_wconf 86' lang='lat' dir='ltr'><strong><em>quem</em></strong></span> 
     </span>
    </p>
   </div>
   <div class='ocr_carea' id='block_1_84' title="bbox 2130 2366 3730 2438">
    <p class='ocr_par' dir='ltr' id='par_1_84' title="bbox 2130 2366 3730 2438">
     <span class='ocr_line' id='line_1_85' title="bbox 2130 2366 3730 2438; baseline 0.004 -18"><span class='ocrx_word' id='word_1_649' title='bbox 2130 2379 2225 2435; x_wconf 90' lang='lat' dir='ltr'><strong><em>per</em></strong></span> <span class='ocrx_word' id='word_1_650' title='bbox 2250 2373 2489 2422; x_wconf 89' lang='lat' dir='ltr'><strong><em>nostrum</em></strong></span> <span class='ocrx_word' id='word_1_651' title='bbox 2513 2376 2762 2438; x_wconf 86' lang='lat' dir='ltr'><strong><em>tanquam</em></strong></span> <span class='ocrx_word' id='word_1_652' title='bbox 2793 2381 2890 2437; x_wconf 91' lang='lat' dir='ltr'><strong><em>per</em></strong></span> <span class='ocrx_word' id='word_1_653' title='bbox 2931 2366 3130 2422; x_wconf 83' lang='lat' dir='ltr'><strong><em>malum</em></strong></span> <span class='ocrx_word' id='word_1_654' title='bbox 3187 2368 3494 2425; x_wconf 88' lang='lat' dir='ltr'><strong><em>ministrum</em></strong></span> <span class='ocrx_word' id='word_1_655' title='bbox 3540 2371 3730 2426; x_wconf 84' lang='lat' dir='ltr'><strong><em>datum</em></strong></span> 
     </span>
    </p>
   </div>
   <div class='ocr_carea' id='block_1_85' title="bbox 2127 2455 3781 2533">
    <p class='ocr_par' dir='ltr' id='par_1_85' title="bbox 2127 2455 3781 2533">
     <span class='ocr_line' id='line_1_86' title="bbox 2127 2455 3781 2533; baseline 0.002 -21"><span class='ocrx_word' id='word_1_656' title='bbox 2127 2470 2248 2512; x_wconf 88' lang='lat' dir='ltr'><strong><em>esse</em></strong></span> <span class='ocrx_word' id='word_1_657' title='bbox 2267 2455 2628 2513; x_wconf 79' lang='lat' dir='ltr'><strong><em>contenditis?</em></strong></span> <span class='ocrx_word' id='word_1_658' title='bbox 2647 2457 2728 2512; x_wconf 87' lang='lat' dir='ltr'><strong><em>Tu</em></strong></span> <span class='ocrx_word' id='word_1_659' title='bbox 2748 2455 2892 2513; x_wconf 88' lang='lat' dir='ltr'><strong><em>enim</em></strong></span> <span class='ocrx_word' id='word_1_660' title='bbox 2913 2457 3116 2526; x_wconf 81' lang='lat' dir='ltr'><strong><em>dixisti,</em></strong></span> <span class='ocrx_word' id='word_1_661' title='bbox 3147 2458 3555 2532; x_wconf 69' lang='lat' dir='ltr'><strong><em>Quwrimurper</em></strong></span> <span class='ocrx_word' id='word_1_662' title='bbox 3576 2479 3728 2533; x_wconf 73' lang='lat' dir='ltr'><strong><em>qum</em></strong></span> <span class='ocrx_word' id='word_1_663' title='bbox 3780 2455 3781 2466; x_wconf 63' lang='grc'><em>“</em></span> 
     </span>
    </p>
   </div>
   <div class='ocr_carea' id='block_1_86' title="bbox 2126 2549 3731 2625">
    <p class='ocr_par' dir='ltr' id='par_1_86' title="bbox 2126 2549 3731 2625">
     <span class='ocr_line' id='line_1_87' title="bbox 2126 2549 3731 2625; baseline 0.004 -21"><span class='ocrx_word' id='word_1_664' title='bbox 2126 2549 2308 2605; x_wconf 84' lang='lat' dir='ltr'><strong><em>melius</em></strong></span> <span class='ocrx_word' id='word_1_665' title='bbox 2323 2550 2431 2620; x_wconf 76' lang='lat' dir='ltr'><strong><em>ﬁat.</em></strong></span> <span class='ocrx_word' id='word_1_666' title='bbox 2458 2550 2525 2606; x_wconf 86' lang='lat' dir='ltr'><strong><em>Et</em></strong></span> <span class='ocrx_word' id='word_1_667' title='bbox 2544 2559 2634 2606; x_wconf 89' lang='lat' dir='ltr'><strong><em>tua</em></strong></span> <span class='ocrx_word' id='word_1_668' title='bbox 2677 2550 2858 2622; x_wconf 88' lang='lat' dir='ltr'><strong><em>regula</em></strong></span> <span class='ocrx_word' id='word_1_669' title='bbox 2909 2559 3014 2616; x_wconf 84' lang='lat' dir='ltr'><strong><em>est,</em></strong></span> <span class='ocrx_word' id='word_1_670' title='bbox 3045 2549 3180 2619; x_wconf 82' lang='lat' dir='ltr'><strong><em>Quia</em></strong></span> <span class='ocrx_word' id='word_1_671' title='bbox 3202 2553 3393 2624; x_wconf 83' lang='lat' dir='ltr'><strong><em>gradus</em></strong></span> <span class='ocrx_word' id='word_1_672' title='bbox 3435 2553 3536 2609; x_wconf 85' lang='lat' dir='ltr'><strong><em>iste</em></strong></span> <span class='ocrx_word' id='word_1_673' title='bbox 3591 2555 3731 2625; x_wconf 72' lang='lat' dir='ltr'><strong><em>quod</em></strong></span> 
     </span>
    </p>
   </div>
   <div class='ocr_carea' id='block_1_87' title="bbox 2125 2642 3731 2719">
    <p class='ocr_par' dir='ltr' id='par_1_87' title="bbox 2125 2642 3731 2719">
     <span class='ocr_line' id='line_1_88' title="bbox 2125 2642 3731 2719; baseline 0.003 -21"><span class='ocrx_word' id='word_1_674' title='bbox 2125 2652 2242 2698; x_wconf 89' lang='lat' dir='ltr'><strong><em>ante</em></strong></span> <span class='ocrx_word' id='word_1_675' title='bbox 2268 2644 2490 2714; x_wconf 87' lang='lat' dir='ltr'><strong><em>positum</em></strong></span> <span class='ocrx_word' id='word_1_676' title='bbox 2510 2653 2580 2698; x_wconf 88' lang='lat' dir='ltr'><strong><em>est</em></strong></span> <span class='ocrx_word' id='word_1_677' title='bbox 2609 2653 2776 2715; x_wconf 85' lang='lat' dir='ltr'><strong><em>auget.</em></strong></span> <span class='ocrx_word' id='word_1_678' title='bbox 2802 2642 2956 2700; x_wconf 87' lang='lat' dir='ltr'><strong><em>Unde</em></strong></span> <span class='ocrx_word' id='word_1_679' title='bbox 2971 2644 3017 2699; x_wconf 89' lang='lat' dir='ltr'><strong><em>si</em></strong></span> <span class='ocrx_word' id='word_1_680' title='bbox 3040 2659 3138 2714; x_wconf 89' lang='lat' dir='ltr'><strong><em>per</em></strong></span> <span class='ocrx_word' id='word_1_681' title='bbox 3160 2654 3422 2714; x_wconf 86' lang='lat' dir='ltr'><strong><em>vestrum,</em></strong></span> <span class='ocrx_word' id='word_1_682' title='bbox 3448 2646 3601 2702; x_wconf 83' lang='lat' dir='ltr'><strong><em>sicut</em></strong></span> <span class='ocrx_word' id='word_1_683' title='bbox 3629 2661 3731 2719; x_wconf 79' lang='lat' dir='ltr'><strong><em>pn-</em></strong></span> 
     </span>
    </p>
   </div>
   <div class='ocr_carea' id='block_1_88' title="bbox 2127 2733 3730 2810">
    <p class='ocr_par' dir='ltr' id='par_1_88' title="bbox 2127 2733 3730 2810">
     <span class='ocr_line' id='line_1_89' title="bbox 2127 2733 3730 2810; baseline 0.002 -20"><span class='ocrx_word' id='word_1_684' title='bbox 2127 2743 2229 2802; x_wconf 90' lang='lat' dir='ltr'><strong><em>tas,</em></strong></span> <span class='ocrx_word' id='word_1_685' title='bbox 2249 2733 2439 2790; x_wconf 89' lang='lat' dir='ltr'><strong><em>melius</em></strong></span> <span class='ocrx_word' id='word_1_686' title='bbox 2466 2733 2562 2800; x_wconf 84' lang='lat' dir='ltr'><strong><em>ﬁt;</em></strong></span> <span class='ocrx_word' id='word_1_687' title='bbox 2594 2748 2723 2805; x_wconf 88' lang='lat' dir='ltr'><strong><em>ergo</em></strong></span> <span class='ocrx_word' id='word_1_688' title='bbox 2743 2742 2798 2790; x_wconf 90' lang='lat' dir='ltr'><strong><em>et</em></strong></span> <span class='ocrx_word' id='word_1_689' title='bbox 2815 2748 2914 2804; x_wconf 89' lang='lat' dir='ltr'><strong><em>per</em></strong></span> <span class='ocrx_word' id='word_1_690' title='bbox 2967 2742 3208 2790; x_wconf 90' lang='lat' dir='ltr'><strong><em>nostrum</em></strong></span> <span class='ocrx_word' id='word_1_691' title='bbox 3242 2736 3379 2792; x_wconf 87' lang='lat' dir='ltr'><strong><em>bene</em></strong></span> <span class='ocrx_word' id='word_1_692' title='bbox 3404 2735 3483 2792; x_wconf 84' lang='lat' dir='ltr'><strong><em>lit.</em></strong></span> <span class='ocrx_word' id='word_1_693' title='bbox 3518 2738 3608 2792; x_wconf 81' lang='lat' dir='ltr'><strong><em>Ac</em></strong></span> <span class='ocrx_word' id='word_1_694' title='bbox 3637 2753 3730 2810; x_wconf 87' lang='lat' dir='ltr'><strong><em>per</em></strong></span> 
     </span>
    </p>
   </div>
   <div class='ocr_carea' id='block_1_89' title="bbox 2125 2825 3724 2902">
    <p class='ocr_par' dir='ltr' id='par_1_89' title="bbox 2125 2825 3724 2902">
     <span class='ocr_line' id='line_1_90' title="bbox 2125 2825 3724 2902; baseline 0.004 -21"><span class='ocrx_word' id='word_1_695' title='bbox 2125 2825 2228 2881; x_wconf 92' lang='lat' dir='ltr'><strong><em>hoc</em></strong></span> <span class='ocrx_word' id='word_1_696' title='bbox 2244 2825 2456 2896; x_wconf 89' lang='lat' dir='ltr'><strong><em>quando</em></strong></span> <span class='ocrx_word' id='word_1_697' title='bbox 2473 2841 2570 2897; x_wconf 88' lang='lat' dir='ltr'><strong><em>per</em></strong></span> <span class='ocrx_word' id='word_1_698' title='bbox 2603 2841 2700 2884; x_wconf 90' lang='lat' dir='ltr'><strong><em>nos</em></strong></span> <span class='ocrx_word' id='word_1_699' title='bbox 2735 2825 3058 2896; x_wconf 79' lang='lat' dir='ltr'><strong><em>baptizatum</em></strong></span> <span class='ocrx_word' id='word_1_700' title='bbox 3103 2827 3464 2899; x_wconf 81' lang='lat' dir='ltr'><strong><em>rebaptizatis,</em></strong></span> <span class='ocrx_word' id='word_1_701' title='bbox 3497 2829 3550 2885; x_wconf 90' lang='lat' dir='ltr'><strong><em>id</em></strong></span> <span class='ocrx_word' id='word_1_702' title='bbox 3571 2831 3724 2902; x_wconf 88' lang='lat' dir='ltr'><strong><em>quod</em></strong></span> 
     </span>
    </p>
   </div>
   <div class='ocr_carea' id='block_1_90' title="bbox 2124 2917 3722 2991">
    <p class='ocr_par' dir='ltr' id='par_1_90' title="bbox 2124 2917 3722 2991">
     <span class='ocr_line' id='line_1_91' title="bbox 2124 2917 3722 2991; baseline 0.004 -15"><span class='ocrx_word' id='word_1_703' title='bbox 2124 2933 2192 2976; x_wconf 84' lang='lat' dir='ltr'><strong><em>ex</em></strong></span> <span class='ocrx_word' id='word_1_704' title='bbox 2216 2920 2317 2975; x_wconf 87' lang='lat' dir='ltr'><strong><em>ista</em></strong></span> <span class='ocrx_word' id='word_1_705' title='bbox 2344 2927 2433 2975; x_wconf 92' lang='lat' dir='ltr'><strong><em>tua</em></strong></span> <span class='ocrx_word' id='word_1_706' title='bbox 2464 2919 2644 2991; x_wconf 89' lang='lat' dir='ltr'><strong><em>regula</em></strong></span> <span class='ocrx_word' id='word_1_707' title='bbox 2669 2917 2806 2976; x_wconf 88' lang='lat' dir='ltr'><strong><em>bene</em></strong></span> <span class='ocrx_word' id='word_1_708' title='bbox 2837 2919 3032 2976; x_wconf 85' lang='lat' dir='ltr'><strong><em>factum</em></strong></span> <span class='ocrx_word' id='word_1_709' title='bbox 3060 2934 3181 2977; x_wconf 87' lang='lat' dir='ltr'><strong><em>esse</em></strong></span> <span class='ocrx_word' id='word_1_710' title='bbox 3211 2920 3526 2990; x_wconf 85' lang='lat' dir='ltr'><strong><em>conceditis,</em></strong></span> <span class='ocrx_word' id='word_1_711' title='bbox 3549 2925 3722 2982; x_wconf 76' lang='lat' dir='ltr'><strong><em>sacri-</em></strong></span> 
     </span>
    </p>
   </div>
   <div class='ocr_carea' id='block_1_91' title="bbox 2122 3009 3044 3082">
    <p class='ocr_par' dir='ltr' id='par_1_91' title="bbox 2122 3009 3044 3082">
     <span class='ocr_line' id='line_1_92' title="bbox 2122 3009 3044 3082; baseline 0 -17"><span class='ocrx_word' id='word_1_712' title='bbox 2122 3009 2238 3082; x_wconf 90' lang='lat' dir='ltr'><strong><em>lega</em></strong></span> <span class='ocrx_word' id='word_1_713' title='bbox 2263 3011 2678 3082; x_wconf 67' lang='lat' dir='ltr'><strong><em>praesumptione</em></strong></span> <span class='ocrx_word' id='word_1_714' title='bbox 2718 3009 3044 3066; x_wconf 87' lang='lat' dir='ltr'><strong><em>rescinditis.</em></strong></span> 
     </span>
    </p>
   </div>
   <div class='ocr_carea' id='block_1_92' title="bbox 2191 3079 3784 3200">
    <p class='ocr_par' dir='ltr' id='par_1_92' title="bbox 2191 3079 3784 3200">
     <span class='ocr_line' id='line_1_93' title="bbox 2191 3079 3784 3200; baseline 0.004 -42"><span class='ocrx_word' id='word_1_715' title='bbox 2191 3079 2421 3200; x_wconf 75' lang='lat' dir='ltr'><strong><em>CAPU’l‘</em></strong></span> <span class='ocrx_word' id='word_1_716' title='bbox 2459 3079 2740 3160; x_wconf 61' lang='lat' dir='ltr'><strong><em>LXXVIII.</em></strong></span> <span class='ocrx_word' id='word_1_717' title='bbox 2763 3131 2838 3200; x_wconf 51' lang='lat'><strong><em>—:</em></strong></span> <span class='ocrx_word' id='word_1_718' title='bbox 2861 3102 2951 3159; x_wconf 93' lang='lat'><strong><em>89.</em></strong></span> <span class='ocrx_word' id='word_1_719' title='bbox 2979 3102 3183 3200; x_wconf 67' lang='lat' dir='ltr'><strong><em>Vereor</em></strong></span> <span class='ocrx_word' id='word_1_720' title='bbox 3207 3119 3276 3160; x_wconf 92' lang='lat' dir='ltr'><strong><em>ne</em></strong></span> <span class='ocrx_word' id='word_1_721' title='bbox 3306 3103 3467 3200; x_wconf 75' lang='lat' dir='ltr'><strong><em>uinus</em></strong></span> <span class='ocrx_word' id='word_1_722' title='bbox 3492 3120 3723 3200; x_wconf 78' lang='lat' dir='ltr'><strong><em>urgeam</em></strong></span> 
     </span>
    </p>
   </div>
   <div class='ocr_carea' id='block_1_93' title="bbox 2122 3193 3784 3265">
    <p class='ocr_par' dir='ltr' id='par_1_93' title="bbox 2122 3193 3784 3265">
     <span class='ocr_line' id='line_1_94' title="bbox 2122 3193 3784 3265; baseline 0.004 -19"><span class='ocrx_word' id='word_1_723' title='bbox 2122 3193 2498 3250; x_wconf 89' lang='lat' dir='ltr'><strong><em>verecundiam</em></strong></span> <span class='ocrx_word' id='word_1_724' title='bbox 2556 3202 2698 3250; x_wconf 86' lang='lat' dir='ltr'><strong><em>tuam</em></strong></span> <span class='ocrx_word' id='word_1_725' title='bbox 2721 3235 2736 3258; x_wconf 96' lang='lat'><strong><em>,</em></strong></span> <span class='ocrx_word' id='word_1_726' title='bbox 2782 3193 2830 3250; x_wconf 91' lang='lat' dir='ltr'><strong><em>si</em></strong></span> <span class='ocrx_word' id='word_1_727' title='bbox 2873 3193 3153 3250; x_wconf 88' lang='lat' dir='ltr'><strong><em>ostendam</em></strong></span> <span class='ocrx_word' id='word_1_728' title='bbox 3210 3210 3369 3265; x_wconf 89' lang='lat' dir='ltr'><strong><em>quam</em></strong></span> <span class='ocrx_word' id='word_1_729' title='bbox 3413 3194 3624 3253; x_wconf 81' lang='lat' dir='ltr'><strong><em>leviter</em></strong></span> <span class='ocrx_word' id='word_1_730' title='bbox 3676 3209 3725 3255; x_wconf 91' lang='lat' dir='ltr'><strong><em>et</em></strong></span> <span class='ocrx_word' id='word_1_731' title='bbox 3782 3193 3784 3260; x_wconf 75' lang='grc' dir='ltr'>ἓ</span> 
     </span>
    </p>
   </div>
   <div class='ocr_carea' id='block_1_94' title="bbox 2119 3287 3728 3361">
    <p class='ocr_par' dir='ltr' id='par_1_94' title="bbox 2119 3287 3728 3361">
     <span class='ocr_line' id='line_1_95' title="bbox 2119 3287 3728 3361; baseline 0.003 -18"><span class='ocrx_word' id='word_1_732' title='bbox 2119 3287 2416 3344; x_wconf 87' lang='lat' dir='ltr'><strong><em>scurriliter</em></strong></span> <span class='ocrx_word' id='word_1_733' title='bbox 2441 3287 2686 3358; x_wconf 71' lang='lat' dir='ltr'><strong><em>quaedam</em></strong></span> <span class='ocrx_word' id='word_1_734' title='bbox 2721 3288 2882 3343; x_wconf 90' lang='lat' dir='ltr'><strong><em>etiam</em></strong></span> <span class='ocrx_word' id='word_1_735' title='bbox 2912 3288 3073 3344; x_wconf 87' lang='lat' dir='ltr'><strong><em>verba</em></strong></span> <span class='ocrx_word' id='word_1_736' title='bbox 3121 3303 3264 3355; x_wconf 87' lang='lat' dir='ltr'><strong><em>mea,</em></strong></span> <span class='ocrx_word' id='word_1_737' title='bbox 3291 3303 3414 3361; x_wconf 71' lang='lat' dir='ltr'><strong><em>quae</em></strong></span> <span class='ocrx_word' id='word_1_738' title='bbox 3458 3292 3728 3348; x_wconf 76' lang='lat' dir='ltr'><strong><em>translate</em></strong></span> 
     </span>
    </p>
   </div>
   <div class='ocr_carea' id='block_1_95' title="bbox 2121 3380 3726 3453">
    <p class='ocr_par' dir='ltr' id='par_1_95' title="bbox 2121 3380 3726 3453">
     <span class='ocr_line' id='line_1_96' title="bbox 2121 3380 3726 3453; baseline 0.002 -16"><span class='ocrx_word' id='word_1_739' title='bbox 2121 3381 2294 3453; x_wconf 90' lang='lat' dir='ltr'><strong><em>posui,</em></strong></span> <span class='ocrx_word' id='word_1_740' title='bbox 2339 3380 2567 3438; x_wconf 89' lang='lat' dir='ltr'><strong><em>frontem</em></strong></span> <span class='ocrx_word' id='word_1_741' title='bbox 2596 3396 2692 3452; x_wconf 87' lang='lat' dir='ltr'><strong><em>pro</em></strong></span> <span class='ocrx_word' id='word_1_742' title='bbox 2735 3380 2958 3452; x_wconf 87' lang='lat' dir='ltr'><strong><em>pudore,</em></strong></span> <span class='ocrx_word' id='word_1_743' title='bbox 2985 3395 3048 3437; x_wconf 89' lang='lat' dir='ltr'><strong><em>os</em></strong></span> <span class='ocrx_word' id='word_1_744' title='bbox 3072 3395 3170 3452; x_wconf 91' lang='lat' dir='ltr'><strong><em>pro</em></strong></span> <span class='ocrx_word' id='word_1_745' title='bbox 3193 3395 3466 3447; x_wconf 87' lang='lat' dir='ltr'><strong><em>sermone,</em></strong></span> <span class='ocrx_word' id='word_1_746' title='bbox 3509 3383 3726 3440; x_wconf 87' lang='lat' dir='ltr'><strong><em>tridens</em></strong></span> 
     </span>
    </p>
   </div>
   <div class='ocr_carea' id='block_1_96' title="bbox 2118 3472 3723 3549">
    <p class='ocr_par' dir='ltr' id='par_1_96' title="bbox 2118 3472 3723 3549">
     <span class='ocr_line' id='line_1_97' title="bbox 2118 3472 3723 3549; baseline 0.001 -18"><span class='ocrx_word' id='word_1_747' title='bbox 2118 3475 2282 3532; x_wconf 89' lang='lat' dir='ltr'><strong><em>telum</em></strong></span> <span class='ocrx_word' id='word_1_748' title='bbox 2312 3490 2409 3546; x_wconf 91' lang='lat' dir='ltr'><strong><em>pro</em></strong></span> <span class='ocrx_word' id='word_1_749' title='bbox 2447 3475 2710 3546; x_wconf 88' lang='lat' dir='ltr'><strong><em>tripartita</em></strong></span> <span class='ocrx_word' id='word_1_750' title='bbox 2736 3475 3004 3542; x_wconf 90' lang='lat' dir='ltr'><strong><em>oratione,</em></strong></span> <span class='ocrx_word' id='word_1_751' title='bbox 3032 3472 3319 3545; x_wconf 90' lang='lat' dir='ltr'><strong><em>tricipitem</em></strong></span> <span class='ocrx_word' id='word_1_752' title='bbox 3358 3473 3596 3532; x_wconf 75' lang='lat' dir='ltr'><strong><em>beStiam</em></strong></span> <span class='ocrx_word' id='word_1_753' title='bbox 3625 3493 3723 3549; x_wconf 89' lang='lat' dir='ltr'><strong><em>pro</em></strong></span> 
     </span>
    </p>
   </div>
   <div class='ocr_carea' id='block_1_97' title="bbox 2114 3565 3721 3639">
    <p class='ocr_par' dir='ltr' id='par_1_97' title="bbox 2114 3565 3721 3639">
     <span class='ocr_line' id='line_1_98' title="bbox 2114 3565 3721 3639; baseline 0.001 -16"><span class='ocrx_word' id='word_1_754' title='bbox 2114 3582 2302 3624; x_wconf 89' lang='lat' dir='ltr'><strong><em>errore</em></strong></span> <span class='ocrx_word' id='word_1_755' title='bbox 2343 3566 2512 3623; x_wconf 88' lang='lat' dir='ltr'><strong><em>tribus</em></strong></span> <span class='ocrx_word' id='word_1_756' title='bbox 2554 3565 2838 3622; x_wconf 89' lang='lat' dir='ltr'><strong><em>calumniis</em></strong></span> <span class='ocrx_word' id='word_1_757' title='bbox 2866 3565 3124 3622; x_wconf 86' lang='lat' dir='ltr'><strong><em>adversus</em></strong></span> <span class='ocrx_word' id='word_1_758' title='bbox 3168 3574 3248 3622; x_wconf 90' lang='lat' dir='ltr'><strong><em>tot</em></strong></span> <span class='ocrx_word' id='word_1_759' title='bbox 3275 3567 3609 3639; x_wconf 89' lang='lat' dir='ltr'><strong><em>populorum</em></strong></span> <span class='ocrx_word' id='word_1_760' title='bbox 3637 3570 3721 3624; x_wconf 83' lang='lat' dir='ltr'><strong><em>in-</em></strong></span> 
     </span>
    </p>
   </div>
   <div class='ocr_carea' id='block_1_98' title="bbox 2114 3657 3719 3730">
    <p class='ocr_par' dir='ltr' id='par_1_98' title="bbox 2114 3657 3719 3730">
     <span class='ocr_line' id='line_1_99' title="bbox 2114 3657 3719 3730; baseline 0.001 -15"><span class='ocrx_word' id='word_1_761' title='bbox 2114 3659 2416 3716; x_wconf 86' lang='lat' dir='ltr'><strong><em>nocentiam</em></strong></span> <span class='ocrx_word' id='word_1_762' title='bbox 2473 3660 2727 3717; x_wconf 77' lang='lat' dir='ltr'><strong><em>szeviente</em></strong></span> <span class='ocrx_word' id='word_1_763' title='bbox 2775 3657 2930 3730; x_wconf 86' lang='lat' dir='ltr'><strong><em>(Lib.</em></strong></span> <span class='ocrx_word' id='word_1_764' title='bbox 2975 3659 3001 3714; x_wconf 84' lang='grc'><strong><em>1</em></strong></span> <span class='ocrx_word' id='word_1_765' title='bbox 3067 3667 3244 3713; x_wconf 77' lang='lat' dir='ltr'><strong><em>contra</em></strong></span> <span class='ocrx_word' id='word_1_766' title='bbox 3297 3658 3518 3715; x_wconf 87' lang='lat' dir='ltr'><strong><em>Litteras</em></strong></span> <span class='ocrx_word' id='word_1_767' title='bbox 3578 3660 3719 3717; x_wconf 63' lang='lat' dir='ltr'><strong><em>Petio</em></strong></span> 
     </span>
    </p>
   </div>
   <div class='ocr_carea' id='block_1_99' title="bbox 2114 3749 3717 3822">
    <p class='ocr_par' dir='ltr' id='par_1_99' title="bbox 2114 3749 3717 3822">
     <span class='ocr_line' id='line_1_100' title="bbox 2114 3749 3717 3822; baseline 0.002 -17"><span class='ocrx_word' id='word_1_768' title='bbox 2114 3749 2273 3814; x_wconf 79' lang='lat' dir='ltr'><strong><em>(iani,</em></strong></span> <span class='ocrx_word' id='word_1_769' title='bbox 2324 3767 2378 3803; x_wconf 82' lang='grc' dir='ltr'><strong><em>η.</em></strong></span> <span class='ocrx_word' id='word_1_770' title='bbox 2427 3749 2569 3820; x_wconf 82' lang='grc'><strong>29),</strong></span> <span class='ocrx_word' id='word_1_771' title='bbox 2619 3749 2772 3821; x_wconf 90' lang='lat' dir='ltr'><strong><em>quasi</em></strong></span> <span class='ocrx_word' id='word_1_772' title='bbox 2824 3749 3061 3806; x_wconf 87' lang='lat' dir='ltr'><strong><em>urbanus</em></strong></span> <span class='ocrx_word' id='word_1_773' title='bbox 3113 3758 3167 3806; x_wconf 91' lang='lat' dir='ltr'><strong><em>et</em></strong></span> <span class='ocrx_word' id='word_1_774' title='bbox 3196 3749 3350 3806; x_wconf 87' lang='lat' dir='ltr'><strong><em>dicax</em></strong></span> <span class='ocrx_word' id='word_1_775' title='bbox 3391 3751 3717 3822; x_wconf 79' lang='lat' dir='ltr'><strong><em>exagitanda</em></strong></span> 
     </span>
    </p>
   </div>
   <div class='ocr_carea' id='block_1_100' title="bbox 2115 3843 3717 3917">
    <p class='ocr_par' dir='ltr' id='par_1_100' title="bbox 2115 3843 3717 3917">
     <span class='ocr_line' id='line_1_101' title="bbox 2115 3843 3717 3917; baseline 0.004 -20"><span class='ocrx_word' id='word_1_776' title='bbox 2115 3843 2407 3914; x_wconf 85' lang='lat' dir='ltr'><strong><em>putaveris.</em></strong></span> <span class='ocrx_word' id='word_1_777' title='bbox 2457 3843 2622 3900; x_wconf 88' lang='lat' dir='ltr'><strong><em>Serva</em></strong></span> <span class='ocrx_word' id='word_1_778' title='bbox 2651 3844 2830 3916; x_wconf 89' lang='lat' dir='ltr'><strong><em>potius</em></strong></span> <span class='ocrx_word' id='word_1_779' title='bbox 2859 3845 3082 3915; x_wconf 87' lang='lat' dir='ltr'><strong><em>puerilia</em></strong></span> <span class='ocrx_word' id='word_1_780' title='bbox 3113 3845 3312 3916; x_wconf 91' lang='lat' dir='ltr'><strong><em>pueris.</em></strong></span> <span class='ocrx_word' id='word_1_781' title='bbox 3343 3844 3531 3917; x_wconf 87' lang='lat' dir='ltr'><strong><em>Neque</em></strong></span> <span class='ocrx_word' id='word_1_782' title='bbox 3571 3849 3717 3904; x_wconf 76' lang='lat' dir='ltr'><strong><em>enim</em></strong></span> 
     </span>
    </p>
   </div>
   <div class='ocr_carea' id='block_1_101' title="bbox 2113 3934 3718 4008">
    <p class='ocr_par' dir='ltr' id='par_1_101' title="bbox 2113 3934 3718 4008">
     <span class='ocr_line' id='line_1_102' title="bbox 2113 3934 3718 4008; baseline 0.004 -18"><span class='ocrx_word' id='word_1_783' title='bbox 2113 3948 2200 3990; x_wconf 89' lang='lat' dir='ltr'><strong><em>me</em></strong></span> <span class='ocrx_word' id='word_1_784' title='bbox 2251 3943 2430 3991; x_wconf 88' lang='lat' dir='ltr'><strong><em>movet</em></strong></span> <span class='ocrx_word' id='word_1_785' title='bbox 2471 3935 2614 4006; x_wconf 90' lang='lat' dir='ltr'><strong><em>quod</em></strong></span> <span class='ocrx_word' id='word_1_786' title='bbox 2661 3934 2980 4008; x_wconf 85' lang='lat' dir='ltr'><strong><em>Neptunium</em></strong></span> <span class='ocrx_word' id='word_1_787' title='bbox 3029 3934 3191 3991; x_wconf 90' lang='lat' dir='ltr'><strong><em>telum</em></strong></span> <span class='ocrx_word' id='word_1_788' title='bbox 3244 3945 3460 4008; x_wconf 89' lang='lat' dir='ltr'><strong><em>propter</em></strong></span> <span class='ocrx_word' id='word_1_789' title='bbox 3511 3938 3718 3996; x_wconf 83' lang='lat' dir='ltr'><strong><em>triden-</em></strong></span> 
     </span>
    </p>
   </div>
   <div class='ocr_carea' id='block_1_102' title="bbox 2113 4024 3718 4101">
    <p class='ocr_par' dir='ltr' id='par_1_102' title="bbox 2113 4024 3718 4101">
     <span class='ocr_line' id='line_1_103' title="bbox 2113 4024 3718 4101; baseline 0.004 -21"><span class='ocrx_word' id='word_1_790' title='bbox 2113 4032 2219 4080; x_wconf 90' lang='lat' dir='ltr'><strong><em>tem</em></strong></span> <span class='ocrx_word' id='word_1_791' title='bbox 2245 4024 2380 4080; x_wconf 93' lang='lat' dir='ltr'><strong><em>dicis</em></strong></span> <span class='ocrx_word' id='word_1_792' title='bbox 2407 4027 2714 4098; x_wconf 90' lang='lat' dir='ltr'><strong><em>episcopum</em></strong></span> <span class='ocrx_word' id='word_1_793' title='bbox 2744 4041 2850 4081; x_wconf 91' lang='lat' dir='ltr'><strong><em>uon</em></strong></span> <span class='ocrx_word' id='word_1_794' title='bbox 2875 4027 3092 4094; x_wconf 90' lang='lat' dir='ltr'><strong><em>decere,</em></strong></span> <span class='ocrx_word' id='word_1_795' title='bbox 3136 4041 3260 4083; x_wconf 89' lang='lat' dir='ltr'><strong><em>cum</em></strong></span> <span class='ocrx_word' id='word_1_796' title='bbox 3289 4028 3359 4083; x_wconf 88' lang='lat' dir='ltr'><strong><em>sit</em></strong></span> <span class='ocrx_word' id='word_1_797' title='bbox 3381 4037 3437 4084; x_wconf 92' lang='lat' dir='ltr'><strong><em>et</em></strong></span> <span class='ocrx_word' id='word_1_798' title='bbox 3475 4029 3718 4101; x_wconf 88' lang='lat' dir='ltr'><strong><em>piscato-</em></strong></span> 
     </span>
    </p>
   </div>
   <div class='ocr_carea' id='block_1_103' title="bbox 2111 4115 3716 4190">
    <p class='ocr_par' dir='ltr' id='par_1_103' title="bbox 2111 4115 3716 4190">
     <span class='ocr_line' id='line_1_104' title="bbox 2111 4115 3716 4190; baseline 0.004 -19"><span class='ocrx_word' id='word_1_799' title='bbox 2111 4117 2251 4171; x_wconf 92' lang='lat' dir='ltr'><strong><em>rium</em></strong></span> <span class='ocrx_word' id='word_1_800' title='bbox 2271 4116 2311 4184; x_wconf 78' lang='grc' dir='ltr'><strong><em>ι,</em></strong></span> <span class='ocrx_word' id='word_1_801' title='bbox 2338 4131 2403 4173; x_wconf 83' lang='lat' dir='ltr'><strong><em>ac</em></strong></span> <span class='ocrx_word' id='word_1_802' title='bbox 2429 4131 2526 4188; x_wconf 91' lang='lat' dir='ltr'><strong><em>per</em></strong></span> <span class='ocrx_word' id='word_1_803' title='bbox 2551 4115 2653 4172; x_wconf 92' lang='lat' dir='ltr'><strong><em>hoc</em></strong></span> <span class='ocrx_word' id='word_1_804' title='bbox 2679 4116 3055 4190; x_wconf 86' lang='lat' dir='ltr'><strong><em>apostolicum,</em></strong></span> <span class='ocrx_word' id='word_1_805' title='bbox 3099 4132 3236 4188; x_wconf 90' lang='lat' dir='ltr'><strong><em>quos</em></strong></span> <span class='ocrx_word' id='word_1_806' title='bbox 3274 4132 3403 4173; x_wconf 85' lang='lat' dir='ltr'><strong><em>suos</em></strong></span> <span class='ocrx_word' id='word_1_807' title='bbox 3424 4120 3716 4190; x_wconf 79' lang='lat' dir='ltr'><strong><em>Apostolus</em></strong></span> 
     </span>
    </p>
   </div>
   <div class='ocr_carea' id='block_1_104' title="bbox 2113 4205 3711 4282">
    <p class='ocr_par' dir='ltr' id='par_1_104' title="bbox 2113 4205 3711 4282">
     <span class='ocr_line' id='line_1_105' title="bbox 2113 4205 3711 4282; baseline 0.003 -20"><span class='ocrx_word' id='word_1_808' title='bbox 2113 4205 2372 4262; x_wconf 90' lang='lat' dir='ltr'><strong><em>Dominus</em></strong></span> <span class='ocrx_word' id='word_1_809' title='bbox 2412 4208 2702 4277; x_wconf 84' lang='lat' dir='ltr'><strong><em>piscatores</em></strong></span> <span class='ocrx_word' id='word_1_810' title='bbox 2749 4207 3023 4264; x_wconf 91' lang='lat' dir='ltr'><strong><em>hominum</em></strong></span> <span class='ocrx_word' id='word_1_811' title='bbox 3071 4209 3195 4264; x_wconf 89' lang='lat' dir='ltr'><strong><em>fecit</em></strong></span> <span class='ocrx_word' id='word_1_812' title='bbox 3237 4207 3455 4282; x_wconf 79' lang='lat' dir='ltr'><strong><em>(Matth.</em></strong></span> <span class='ocrx_word' id='word_1_813' title='bbox 3485 4225 3565 4275; x_wconf 83' lang='lat' dir='ltr'><strong><em>tv,</em></strong></span> <span class='ocrx_word' id='word_1_814' title='bbox 3597 4209 3711 4282; x_wconf 85' lang='grc'><strong>19).</strong></span> 
     </span>
    </p>
   </div>
   <div class='ocr_carea' id='block_1_105' title="bbox 2111 4295 3712 4369">
    <p class='ocr_par' dir='ltr' id='par_1_105' title="bbox 2111 4295 3712 4369">
     <span class='ocr_line' id='line_1_106' title="bbox 2111 4295 3712 4369; baseline 0.003 -16"><span class='ocrx_word' id='word_1_815' title='bbox 2111 4295 2244 4353; x_wconf 83' lang='lat' dir='ltr'><strong><em>Nam</em></strong></span> <span class='ocrx_word' id='word_1_816' title='bbox 2270 4307 2324 4354; x_wconf 90' lang='lat' dir='ltr'><strong><em>et</em></strong></span> <span class='ocrx_word' id='word_1_817' title='bbox 2365 4298 2530 4354; x_wconf 91' lang='lat' dir='ltr'><strong><em>Deum</em></strong></span> <span class='ocrx_word' id='word_1_818' title='bbox 2557 4307 2800 4354; x_wconf 90' lang='lat' dir='ltr'><strong><em>nostrum</em></strong></span> <span class='ocrx_word' id='word_1_819' title='bbox 2823 4299 3098 4369; x_wconf 87' lang='lat' dir='ltr'><strong><em>Scriptura</em></strong></span> <span class='ocrx_word' id='word_1_820' title='bbox 3126 4299 3255 4355; x_wconf 91' lang='lat' dir='ltr'><strong><em>dicit</em></strong></span> <span class='ocrx_word' id='word_1_821' title='bbox 3279 4308 3334 4355; x_wconf 87' lang='lat' dir='ltr'><strong><em>et</em></strong></span> <span class='ocrx_word' id='word_1_822' title='bbox 3369 4298 3485 4355; x_wconf 89' lang='lat' dir='ltr'><strong><em>alas</em></strong></span> <span class='ocrx_word' id='word_1_823' title='bbox 3506 4300 3712 4358; x_wconf 85' lang='lat' dir='ltr'><strong><em>habere</em></strong></span> 
     </span>
    </p>
   </div>
   <div class='ocr_carea' id='block_1_106' title="bbox 2112 4387 3710 4469">
    <p class='ocr_par' dir='ltr' id='par_1_106' title="bbox 2112 4387 3710 4469">
     <span class='ocr_line' id='line_1_107' title="bbox 2112 4387 3710 4469; baseline 0.006 -25"><span class='ocrx_word' id='word_1_824' title='bbox 2112 4387 2287 4461; x_wconf 89' lang='lat' dir='ltr'><strong><em>(Psal.</em></strong></span> <span class='ocrx_word' id='word_1_825' title='bbox 2314 4406 2426 4458; x_wconf 73' lang='lat' dir='ltr'><strong><em>xvr,</em></strong></span> <span class='ocrx_word' id='word_1_826' title='bbox 2457 4391 2510 4456; x_wconf 88' lang='lat'><strong><em>8,</em></strong></span> <span class='ocrx_word' id='word_1_827' title='bbox 2544 4400 2594 4446; x_wconf 91' lang='lat' dir='ltr'><strong><em>et</em></strong></span> <span class='ocrx_word' id='word_1_828' title='bbox 2616 4407 2784 4458; x_wconf 80' lang='lat' dir='ltr'><strong><em>xxxv,</em></strong></span> <span class='ocrx_word' id='word_1_829' title='bbox 2814 4392 2869 4462; x_wconf 92' lang='lat'><strong>8)</strong></span> <span class='ocrx_word' id='word_1_830' title='bbox 2895 4399 2951 4448; x_wconf 91' lang='lat' dir='ltr'><strong><em>et</em></strong></span> <span class='ocrx_word' id='word_1_831' title='bbox 2972 4392 3191 4464; x_wconf 84' lang='lat' dir='ltr'><strong><em>sagittas</em></strong></span> <span class='ocrx_word' id='word_1_832' title='bbox 3216 4390 3391 4466; x_wconf 88' lang='lat' dir='ltr'><strong><em>(Psal.</em></strong></span> <span class='ocrx_word' id='word_1_833' title='bbox 3421 4410 3558 4464; x_wconf 87' lang='lat' dir='ltr'><strong><em>xvu,</em></strong></span> <span class='ocrx_word' id='word_1_834' title='bbox 3592 4396 3710 4469; x_wconf 83' lang='grc'><strong>15),</strong></span> 
     </span>
    </p>
   </div>
   <div class='ocr_carea' id='block_1_107' title="bbox 2111 4483 3032 4555">
    <p class='ocr_par' dir='ltr' id='par_1_107' title="bbox 2111 4483 3032 4555">
     <span class='ocr_line' id='line_1_108' title="bbox 2111 4483 3032 4555; baseline -0.001 -15"><span class='ocrx_word' id='word_1_835' title='bbox 2111 4498 2214 4540; x_wconf 88' lang='lat' dir='ltr'><strong><em>nec</em></strong></span> <span class='ocrx_word' id='word_1_836' title='bbox 2237 4492 2420 4539; x_wconf 83' lang='lat' dir='ltr'><strong><em>tamen</em></strong></span> <span class='ocrx_word' id='word_1_837' title='bbox 2447 4483 2760 4555; x_wconf 88' lang='lat' dir='ltr'><strong><em>Cupidinem</em></strong></span> <span class='ocrx_word' id='word_1_838' title='bbox 2786 4483 3032 4540; x_wconf 89' lang='lat' dir='ltr'><strong><em>colimus.</em></strong></span> 
     </span>
    </p>
   </div>
   <div class='ocr_carea' id='block_1_108' title="bbox 2181 4573 3709 4647">
    <p class='ocr_par' dir='ltr' id='par_1_108' title="bbox 2181 4573 3709 4647">
     <span class='ocr_line' id='line_1_109' title="bbox 2181 4573 3709 4647; baseline 0.004 -16"><span class='ocrx_word' id='word_1_839' title='bbox 2181 4573 2272 4631; x_wconf 87' lang='lat'><strong><em>90.</em></strong></span> <span class='ocrx_word' id='word_1_840' title='bbox 2300 4574 2438 4642; x_wconf 89' lang='lat' dir='ltr'><strong><em>Quin</em></strong></span> <span class='ocrx_word' id='word_1_841' title='bbox 2466 4576 2626 4631; x_wconf 90' lang='lat' dir='ltr'><strong><em>etiam</em></strong></span> <span class='ocrx_word' id='word_1_842' title='bbox 2654 4591 2740 4631; x_wconf 92' lang='lat' dir='ltr'><strong><em>me</em></strong></span> <span class='ocrx_word' id='word_1_843' title='bbox 2765 4576 3082 4647; x_wconf 87' lang='lat' dir='ltr'><strong><em>promissam</em></strong></span> <span class='ocrx_word' id='word_1_844' title='bbox 3108 4576 3162 4632; x_wconf 90' lang='lat' dir='ltr'><strong><em>in</em></strong></span> <span class='ocrx_word' id='word_1_845' title='bbox 3186 4576 3406 4633; x_wconf 87' lang='lat' dir='ltr'><strong><em>exordio</em></strong></span> <span class='ocrx_word' id='word_1_846' title='bbox 3427 4578 3709 4638; x_wconf 82' lang='lat' dir='ltr'><strong><em>lenitatem</em></strong></span> 
     </span>
    </p>
   </div>
   <div class='ocr_carea' id='block_1_109' title="bbox 2111 4668 3708 4742">
    <p class='ocr_par' dir='ltr' id='par_1_109' title="bbox 2111 4668 3708 4742">
     <span class='ocr_line' id='line_1_110' title="bbox 2111 4668 3708 4742; baseline 0.004 -19"><span class='ocrx_word' id='word_1_847' title='bbox 2111 4682 2223 4723; x_wconf 92' lang='lat' dir='ltr'><strong><em>non</em></strong></span> <span class='ocrx_word' id='word_1_848' title='bbox 2264 4682 2510 4724; x_wconf 88' lang='lat' dir='ltr'><strong><em>servasse</em></strong></span> <span class='ocrx_word' id='word_1_849' title='bbox 2566 4668 2938 4740; x_wconf 85' lang='lat' dir='ltr'><strong><em>reprehendis,</em></strong></span> <span class='ocrx_word' id='word_1_850' title='bbox 2989 4683 3056 4725; x_wconf 90' lang='lat' dir='ltr'><strong><em>eo</em></strong></span> <span class='ocrx_word' id='word_1_851' title='bbox 3107 4670 3249 4742; x_wconf 91' lang='lat' dir='ltr'><strong><em>quod</em></strong></span> <span class='ocrx_word' id='word_1_852' title='bbox 3289 4669 3708 4729; x_wconf 65' lang='lat' dir='ltr'><strong><em>Manichmorum</em></strong></span> 
     </span>
    </p>
   </div>
   <div class='ocr_carea' id='block_1_110' title="bbox 2110 4761 3703 4835">
    <p class='ocr_par' dir='ltr' id='par_1_110' title="bbox 2110 4761 3703 4835">
     <span class='ocr_line' id='line_1_111' title="bbox 2110 4761 3703 4835; baseline 0.003 -19"><span class='ocrx_word' id='word_1_853' title='bbox 2110 4762 2247 4817; x_wconf 88' lang='lat' dir='ltr'><strong><em>facta</em></strong></span> <span class='ocrx_word' id='word_1_854' title='bbox 2277 4763 2549 4819; x_wconf 91' lang='lat' dir='ltr'><strong><em>mentione</em></strong></span> <span class='ocrx_word' id='word_1_855' title='bbox 2577 4772 2851 4835; x_wconf 90' lang='lat' dir='ltr'><strong><em>permotus</em></strong></span> <span class='ocrx_word' id='word_1_856' title='bbox 2889 4761 3141 4829; x_wconf 80' lang='lat' dir='ltr'><strong><em>dixerim,</em></strong></span> <span class='ocrx_word' id='word_1_857' title='bbox 3175 4761 3319 4819; x_wconf 78' lang='lat' dir='ltr'><strong><em>Sicut</em></strong></span> <span class='ocrx_word' id='word_1_858' title='bbox 3355 4780 3460 4819; x_wconf 89' lang='lat' dir='ltr'><strong><em>non</em></strong></span> <span class='ocrx_word' id='word_1_859' title='bbox 3504 4774 3703 4833; x_wconf 88' lang='lat' dir='ltr'><strong><em>potest,</em></strong></span> 
     </span>
    </p>
   </div>
   <div class='ocr_carea' id='block_1_111' title="bbox 2107 4853 3701 4926">
    <p class='ocr_par' dir='ltr' id='par_1_111' title="bbox 2107 4853 3701 4926">
     <span class='ocr_line' id='line_1_112' title="bbox 2107 4853 3701 4926; baseline 0.002 -17"><span class='ocrx_word' id='word_1_860' title='bbox 2107 4854 2245 4926; x_wconf 83' lang='lat' dir='ltr'><strong><em>quod</em></strong></span> <span class='ocrx_word' id='word_1_861' title='bbox 2284 4853 2538 4910; x_wconf 85' lang='lat' dir='ltr'><strong><em>Dominus</em></strong></span> <span class='ocrx_word' id='word_1_862' title='bbox 2559 4854 2651 4919; x_wconf 90' lang='lat' dir='ltr'><strong><em>ait,</em></strong></span> <span class='ocrx_word' id='word_1_863' title='bbox 2680 4863 2888 4911; x_wconf 87' lang='lat' dir='ltr'><strong><em>satanas</em></strong></span> <span class='ocrx_word' id='word_1_864' title='bbox 2910 4864 3146 4910; x_wconf 88' lang='lat' dir='ltr'><strong><em>satanam</em></strong></span> <span class='ocrx_word' id='word_1_865' title='bbox 3181 4853 3446 4910; x_wconf 74' lang='lat' dir='ltr'><strong><em>excludere</em></strong></span> <span class='ocrx_word' id='word_1_866' title='bbox 3485 4856 3701 4926; x_wconf 69' lang='lat' dir='ltr'><strong><em>(Matth.</em></strong></span> 
     </span>
    </p>
   </div>
   <div class='ocr_carea' id='block_1_112' title="bbox 2111 4945 3707 5018">
    <p class='ocr_par' dir='ltr' id='par_1_112' title="bbox 2111 4945 3707 5018">
     <span class='ocr_line' id='line_1_113' title="bbox 2111 4945 3707 5018; baseline 0.002 -16"><span class='ocrx_word' id='word_1_867' title='bbox 2111 4962 2209 5013; x_wconf 89' lang='lat' dir='ltr'><strong><em>xu,</em></strong></span> <span class='ocrx_word' id='word_1_868' title='bbox 2241 4946 2356 5016; x_wconf 86' lang='grc'><strong>26),</strong></span> <span class='ocrx_word' id='word_1_869' title='bbox 2384 4948 2456 5002; x_wconf 90' lang='lat' dir='ltr'><strong><em>ita</em></strong></span> <span class='ocrx_word' id='word_1_870' title='bbox 2484 4963 2585 5002; x_wconf 90' lang='lat' dir='ltr'><strong><em>non</em></strong></span> <span class='ocrx_word' id='word_1_871' title='bbox 2614 4955 2778 5018; x_wconf 90' lang='lat' dir='ltr'><strong><em>potest</em></strong></span> <span class='ocrx_word' id='word_1_872' title='bbox 2799 4963 2941 5002; x_wconf 87' lang='lat' dir='ltr'><strong><em>error</em></strong></span> <span class='ocrx_word' id='word_1_873' title='bbox 2978 4945 3380 5002; x_wconf 78' lang='lat' dir='ltr'><strong><em>Manichtvoruns</em></strong></span> <span class='ocrx_word' id='word_1_874' title='bbox 3403 4946 3707 5005; x_wconf 71' lang='lat' dir='ltr'><strong><em>Donatista-</em></strong></span> 
     </span>
    </p>
   </div>
   <div class='ocr_carea' id='block_1_113' title="bbox 2109 5039 3702 5113">
    <p class='ocr_par' dir='ltr' id='par_1_113' title="bbox 2109 5039 3702 5113">
     <span class='ocr_line' id='line_1_114' title="bbox 2109 5039 3702 5113; baseline 0.004 -19"><span class='ocrx_word' id='word_1_875' title='bbox 2109 5055 2225 5095; x_wconf 89' lang='lat' dir='ltr'><strong><em>rum</em></strong></span> <span class='ocrx_word' id='word_1_876' title='bbox 2249 5057 2464 5096; x_wconf 89' lang='lat' dir='ltr'><strong><em>errorem</em></strong></span> <span class='ocrx_word' id='word_1_877' title='bbox 2487 5048 2702 5096; x_wconf 86' lang='lat' dir='ltr'><strong><em>evertere</em></strong></span> <span class='ocrx_word' id='word_1_878' title='bbox 2729 5039 2862 5113; x_wconf 87' lang='lat' dir='ltr'><strong><em>(Lib.</em></strong></span> <span class='ocrx_word' id='word_1_879' title='bbox 2896 5042 2921 5098; x_wconf 88' lang='grc'><strong><em>1</em></strong></span> <span class='ocrx_word' id='word_1_880' title='bbox 2953 5049 3132 5096; x_wconf 85' lang='lat' dir='ltr'><strong><em>contra</em></strong></span> <span class='ocrx_word' id='word_1_881' title='bbox 3161 5040 3376 5098; x_wconf 85' lang='lat' dir='ltr'><strong><em>Litteras</em></strong></span> <span class='ocrx_word' id='word_1_882' title='bbox 3417 5042 3665 5101; x_wconf 85' lang='lat' dir='ltr'><strong><em>Petiliani</em></strong></span> <span class='ocrx_word' id='word_1_883' title='bbox 3685 5086 3702 5113; x_wconf 92' lang='lat'><strong><em>,</em></strong></span> 
     </span>
    </p>
   </div>
   <div class='ocr_carea' id='block_1_114' title="bbox 2110 5131 3703 5203">
    <p class='ocr_par' dir='ltr' id='par_1_114' title="bbox 2110 5131 3703 5203">
     <span class='ocr_line' id='line_1_115' title="bbox 2110 5131 3703 5203; baseline 0.003 -17"><span class='ocrx_word' id='word_1_884' title='bbox 2110 5147 2165 5186; x_wconf 90' lang='lat' dir='ltr'><strong><em>n.</em></strong></span> <span class='ocrx_word' id='word_1_885' title='bbox 2209 5131 2302 5199; x_wconf 88' lang='grc'><strong>28)</strong></span> <span class='ocrx_word' id='word_1_886' title='bbox 2337 5149 2352 5185; x_wconf 90' lang='lat'><strong>:</strong></span> <span class='ocrx_word' id='word_1_887' title='bbox 2383 5131 2534 5203; x_wconf 90' lang='lat' dir='ltr'><strong><em>quasi</em></strong></span> <span class='ocrx_word' id='word_1_888' title='bbox 2575 5131 2894 5188; x_wconf 89' lang='lat' dir='ltr'><strong><em>Petilianum</em></strong></span> <span class='ocrx_word' id='word_1_889' title='bbox 2925 5139 3127 5188; x_wconf 65' lang='lat' dir='ltr'><strong><em>satana;</em></strong></span> <span class='ocrx_word' id='word_1_890' title='bbox 3155 5133 3609 5202; x_wconf 87' lang='lat' dir='ltr'><strong><em>comparaverim,</em></strong></span> <span class='ocrx_word' id='word_1_891' title='bbox 3640 5149 3703 5190; x_wconf 86' lang='lat' dir='ltr'><strong><em>ac</em></strong></span> 
     </span>
    </p>
   </div>
   <div class='ocr_carea' id='block_1_115' title="bbox 2109 5223 3703 5297">
    <p class='ocr_par' dir='ltr' id='par_1_115' title="bbox 2109 5223 3703 5297">
     <span class='ocr_line' id='line_1_116' title="bbox 2109 5223 3703 5297; baseline 0.003 -18"><span class='ocrx_word' id='word_1_892' title='bbox 2109 5237 2216 5281; x_wconf 89' lang='lat' dir='ltr'><strong><em>non</em></strong></span> <span class='ocrx_word' id='word_1_893' title='bbox 2244 5238 2505 5292; x_wconf 89' lang='lat' dir='ltr'><strong><em>errorem,</em></strong></span> <span class='ocrx_word' id='word_1_894' title='bbox 2529 5224 2682 5296; x_wconf 87' lang='lat' dir='ltr'><strong><em>cujus</em></strong></span> <span class='ocrx_word' id='word_1_895' title='bbox 2702 5239 2825 5282; x_wconf 91' lang='lat' dir='ltr'><strong><em>eum</em></strong></span> <span class='ocrx_word' id='word_1_896' title='bbox 2852 5223 3010 5294; x_wconf 86' lang='lat' dir='ltr'><strong><em>cupio</em></strong></span> <span class='ocrx_word' id='word_1_897' title='bbox 3033 5224 3238 5297; x_wconf 90' lang='lat' dir='ltr'><strong><em>laqueis</em></strong></span> <span class='ocrx_word' id='word_1_898' title='bbox 3264 5225 3523 5297; x_wconf 87' lang='lat' dir='ltr'><strong><em>expediri.</em></strong></span> <span class='ocrx_word' id='word_1_899' title='bbox 3554 5227 3703 5284; x_wconf 80' lang='lat' dir='ltr'><strong><em>Bene</em></strong></span> 
     </span>
    </p>
   </div>
   <div class='ocr_carea' id='block_1_116' title="bbox 2108 5316 3700 5391">
    <p class='ocr_par' dir='ltr' id='par_1_116' title="bbox 2108 5316 3700 5391">
     <span class='ocr_line' id='line_1_117' title="bbox 2108 5316 3700 5391; baseline 0.001 -18"><span class='ocrx_word' id='word_1_900' title='bbox 2108 5317 2251 5391; x_wconf 88' lang='lat' dir='ltr'><strong><em>quod</em></strong></span> <span class='ocrx_word' id='word_1_901' title='bbox 2281 5316 2569 5389; x_wconf 82' lang='lat' dir='ltr'><strong><em>Apostolus</em></strong></span> <span class='ocrx_word' id='word_1_902' title='bbox 2614 5332 2714 5374; x_wconf 91' lang='lat' dir='ltr'><strong><em>nos</em></strong></span> <span class='ocrx_word' id='word_1_903' title='bbox 2740 5316 2998 5374; x_wconf 88' lang='lat' dir='ltr'><strong><em>adversus</em></strong></span> <span class='ocrx_word' id='word_1_904' title='bbox 3027 5317 3166 5374; x_wconf 87' lang='lat' dir='ltr'><strong><em>tales</em></strong></span> <span class='ocrx_word' id='word_1_905' title='bbox 3207 5317 3504 5375; x_wconf 86' lang='lat' dir='ltr'><strong><em>calumnias</em></strong></span> <span class='ocrx_word' id='word_1_906' title='bbox 3546 5334 3700 5376; x_wconf 87' lang='lat' dir='ltr'><strong><em>com-</em></strong></span> 
     </span>
    </p>
   </div>
   <div class='ocr_carea' id='block_1_117' title="bbox 2109 5409 3698 5482">
    <p class='ocr_par' dir='ltr' id='par_1_117' title="bbox 2109 5409 3698 5482">
     <span class='ocr_line' id='line_1_118' title="bbox 2109 5409 3698 5482; baseline 0.002 -16"><span class='ocrx_word' id='word_1_907' title='bbox 2109 5409 2330 5466; x_wconf 90' lang='lat' dir='ltr'><strong><em>munivit</em></strong></span> <span class='ocrx_word' id='word_1_908' title='bbox 2377 5424 2443 5465; x_wconf 91' lang='lat' dir='ltr'><strong><em>eo</em></strong></span> <span class='ocrx_word' id='word_1_909' title='bbox 2486 5410 2602 5481; x_wconf 90' lang='lat' dir='ltr'><strong><em>ipso</em></strong></span> <span class='ocrx_word' id='word_1_910' title='bbox 2647 5411 2786 5479; x_wconf 90' lang='lat' dir='ltr'><strong><em>loco,</em></strong></span> <span class='ocrx_word' id='word_1_911' title='bbox 2835 5409 2928 5466; x_wconf 92' lang='lat' dir='ltr'><strong><em>ubi</em></strong></span> <span class='ocrx_word' id='word_1_912' title='bbox 2969 5425 3068 5467; x_wconf 90' lang='lat' dir='ltr'><strong><em>nos</em></strong></span> <span class='ocrx_word' id='word_1_913' title='bbox 3095 5411 3274 5478; x_wconf 90' lang='lat' dir='ltr'><strong><em>mites,</em></strong></span> <span class='ocrx_word' id='word_1_914' title='bbox 3326 5411 3618 5482; x_wconf 86' lang='lat' dir='ltr'><strong><em>patientes,</em></strong></span> <span class='ocrx_word' id='word_1_915' title='bbox 3648 5422 3698 5469; x_wconf 87' lang='lat' dir='ltr'><strong><em>et</em></strong></span> 
     </span>
    </p>
   </div>
   <div class='ocr_carea' id='block_1_118' title="bbox 2107 5501 3695 5576">
    <p class='ocr_par' dir='ltr' id='par_1_118' title="bbox 2107 5501 3695 5576">
     <span class='ocr_line' id='line_1_119' title="bbox 2107 5501 3695 5576; baseline 0.001 -17"><span class='ocrx_word' id='word_1_916' title='bbox 2107 5501 2382 5559; x_wconf 87' lang='lat' dir='ltr'><strong><em>modestos</em></strong></span> <span class='ocrx_word' id='word_1_917' title='bbox 2421 5517 2543 5560; x_wconf 89' lang='lat' dir='ltr'><strong><em>esse</em></strong></span> <span class='ocrx_word' id='word_1_918' title='bbox 2567 5501 2842 5572; x_wconf 84' lang='lat' dir='ltr'><strong><em>admonet,</em></strong></span> <span class='ocrx_word' id='word_1_919' title='bbox 2869 5503 3084 5574; x_wconf 88' lang='lat' dir='ltr'><strong><em>quando</em></strong></span> <span class='ocrx_word' id='word_1_920' title='bbox 3107 5502 3342 5576; x_wconf 84' lang='lat' dir='ltr'><strong><em>aliquem</em></strong></span> <span class='ocrx_word' id='word_1_921' title='bbox 3371 5503 3695 5562; x_wconf 84' lang='lat' dir='ltr'><strong><em>dissentien-</em></strong></span> 
     </span>
    </p>
   </div>
   <div class='ocr_carea' id='block_1_119' title="bbox 2109 5597 3693 5671">
    <p class='ocr_par' dir='ltr' id='par_1_119' title="bbox 2109 5597 3693 5671">
     <span class='ocr_line' id='line_1_120' title="bbox 2109 5597 3693 5671; baseline 0.004 -17"><span class='ocrx_word' id='word_1_922' title='bbox 2109 5603 2218 5654; x_wconf 86' lang='lat' dir='ltr'><strong><em>tem</em></strong></span> <span class='ocrx_word' id='word_1_923' title='bbox 2259 5597 2596 5669; x_wconf 89' lang='lat' dir='ltr'><strong><em>corripimus.</em></strong></span> <span class='ocrx_word' id='word_1_924' title='bbox 2643 5598 2778 5656; x_wconf 90' lang='lat' dir='ltr'><strong><em>Cum</em></strong></span> <span class='ocrx_word' id='word_1_925' title='bbox 2809 5598 2954 5656; x_wconf 89' lang='lat' dir='ltr'><strong><em>enim</em></strong></span> <span class='ocrx_word' id='word_1_926' title='bbox 2981 5597 3226 5671; x_wconf 81' lang='lat' dir='ltr'><strong><em>dixisset,</em></strong></span> <span class='ocrx_word' id='word_1_927' title='bbox 3269 5599 3486 5659; x_wconf 79' lang='lat' dir='ltr'><strong><em>Servum</em></strong></span> <span class='ocrx_word' id='word_1_928' title='bbox 3524 5613 3693 5660; x_wconf 71' lang='lat' dir='ltr'><strong><em>autem</em></strong></span> 
     </span>
    </p>
   </div>
   <div class='ocr_carea' id='block_1_120' title="bbox 2175 5710 3090 5778">
    <p class='ocr_par' dir='ltr' id='par_1_120' title="bbox 2175 5710 3090 5778">
     <span class='ocr_line' id='line_1_121' title="bbox 2175 5710 3090 5778; baseline 0.005 -19"><span class='ocrx_word' id='word_1_929' title='bbox 2175 5711 2192 5743; x_wconf 77' lang='grc'>³</span> <span class='ocrx_word' id='word_1_930' title='bbox 2213 5715 2285 5760; x_wconf 75' lang='lat' dir='ltr'><strong><em>Er.</em></strong></span> <span class='ocrx_word' id='word_1_931' title='bbox 2311 5710 2458 5776; x_wconf 82' lang='lat' dir='ltr'><strong><em>Lugd.</em></strong></span> <span class='ocrx_word' id='word_1_932' title='bbox 2486 5719 2628 5775; x_wconf 83' lang='lat' dir='ltr'><strong><em>ven.,</em></strong></span> <span class='ocrx_word' id='word_1_933' title='bbox 2651 5710 2964 5778; x_wconf 79' lang='lat' dir='ltr'><strong><em>piscatorum.</em></strong></span> <span class='ocrx_word' id='word_1_934' title='bbox 3029 5718 3090 5766; x_wconf 73' lang='grc' dir='ltr'><strong><em>ι.</em></strong></span> 
     </span>
    </p>
   </div>
  </div>
