3778 6188
25 226 77 290 ,5
1406 223 1610 286 uasa
1643 221 1960 290 manus.

25 342 183 398 omini
227 343 472 418 litigare
507 364 615 406 non
641 355 856 422 Oportet.
882 345 973 404 sed
995 361 1103 404 esse
1127 343 1298 401 mitem
1337 343 1407 399 ad
1431 358 1623 411 omnes,

25 439 268 506 ucibilem,
299 442 639 512 patientem,
676 443 729 497 in
757 440 999 496 modestia
1043 438 1395 510 corripientem
1435 436 1632 490 diversa

25 534 244 587 ntieutes
271 549 294 586 :
317 535 617 591 continuo
658 533 950 605 subiunxit,
981 530 1068 588 Ne
1096 534 1226 604 forte
1257 531 1341 585 det
1364 529 1466 583 illis
1490 526 1631 583 Deus

25 623 341 679 enitentiam
374 625 465 680 ad
518 624 892 699 agnoscendam
918 624 1198 692 veritatem,
1238 630 1284 676 et
1331 619 1631 691 resipiscam

26 715 257 770 diaboli
308 715 564 788 laqueis,
613 717 855 788 captioati
895 715 957 770 ab
997 716 1108 786 ipso
1145 713 1421 769 secundum
1466 711 1629 784 ipsius

26 810 290 864 luntatem
323 808 419 884 (ll
455 808 601 865 Tim.
643 824 703 875 ιι,
729 807 941 880 24-26).
969 807 1112 863 Ecce
1137 804 1432 876 apostolica
1470 818 1627 858 man-

25 901 198 956 etudo
234 919 249 954 :
285 916 438 957 cum
477 901 678 974 quibus
705 899 934 972 placide,
960 899 1253 972 patienter,
1279 896 1626 966 modesteque

25 996 49 1062 ;i
87 996 408 1067 praecepit,
473 1011 574 1052 eos
607 996 754 1068 ipsos
802 994 932 1050 dicit
960 1009 992 1050 a
1019 992 1235 1049 diabolo
1279 992 1621 1065 captivatos;

25 1104 66 1144 ac
105 1099 304 1144 tamen
355 1105 549 1160 quam
578 1086 1010 1156 commendabat,
1056 1084 1235 1141 amisit
1262 1085 1536 1141 lenitatem
1564 1084 1581 1116 ³
1603 1124 1619 1151 ,

26 1182 90 1236 iia
161 1197 298 1239 eam
376 1197 565 1254 quam
629 1179 895 1248 docebat,
951 1188 1133 1236 tacere
1195 1177 1364 1235 noluit
1422 1177 1621 1233 verita-

26 1289 96 1328 m.

39 1362 278 1422 CAPUT
325 1363 600 1424 LXXIX.
641 1395 714 1410 -—
745 1364 838 1422 9i.
892 1363 1001 1423 Sed
1044 1365 1163 1436 ipse
1223 1362 1422 1420 videris
1467 1362 1619 1434 cujus

25 1468 153 1512 ItleS
198 1473 372 1530 agas,
411 1459 518 1530 qui
546 1473 666 1515 mea
694 1457 858 1515 verba
902 1457 1047 1514 velut
1073 1456 1367 1514 convitiosa
1393 1464 1447 1512 et
1475 1469 1618 1512 saeva

25 1549 350 1615 iminando,
383 1565 501 1606 eos
525 1565 661 1621 quos
688 1549 755 1605 ad
780 1549 1158 1621 disputandum
1185 1547 1479 1604 convenire
1507 1563 1617 1604 non

27 1657 71 1708 s,
99 1641 168 1697 ad
192 1641 556 1712 litigandum
585 1642 771 1698 niteris
797 1641 1052 1698 excitare.
1078 1639 1215 1696 Nolo
1243 1640 1385 1696 enim
1410 1639 1612 1709 dicere,

25 1734 93 1789 aia
130 1743 189 1789 et
217 1743 277 1790 te
317 1734 558 1804 litigare
601 1733 850 1790 delectat.
882 1732 1102 1789 Parcius
1141 1733 1338 1804 quippe
1364 1746 1428 1788 ac
1453 1746 1613 1788 vere-

31 1825 228 1892 mdius,
264 1825 377 1882 sed
413 1826 578 1897 quasi
618 1841 684 1882 ex
723 1825 942 1897 obliquo
979 1823 1111 1880 mihi
1153 1823 1364 1896 obiicis,
1395 1839 1515 1894 qua:
1543 1821 1613 1878 ad

25 1932 64 1972 te
105 1917 350 1974 omnino
386 1933 509 1972 non
559 1916 848 1988 pertinent.
896 1915 1034 1986 Quid
1078 1916 1222 1972 enim
1259 1915 1497 1986 judicem
1545 1913 1613 1990 de

25 2011 422 2066 lanichaeorum
457 2009 976 2082 pestilentiosissima
1000 2016 1056 2065 et
1078 2006 1395 2065 Christianis
1434 2006 1612 2063 omni-

25 2123 80 2161 us
105 2104 539 2161 anathemanda
561 2104 813 2169 vanitate,
838 2104 885 2159 si
915 2112 1120 2159 tantum
1145 2101 1326 2158 dicere
1353 2099 1610 2166 solerem,

25 2215 50 2254 c
67 2216 168 2255 non
191 2199 376 2254 etiam
405 2197 736 2269 conscriptis
751 2195 902 2252 libris
923 2195 1107 2252 multis
1128 2193 1614 2264 multiplicibusque

25 2302 256 2356 astarer;
310 2307 392 2348 ne
454 2291 536 2348 sic
581 2289 796 2362 quidem
842 2300 985 2345 esset
1031 2288 1292 2344 adversus
1339 2303 1426 2343 me
1472 2287 1612 2342 ullus

26 2383 276 2438 alumnis:
323 2390 543 2438 vestrae
581 2380 754 2436 locus.
801 2377 986 2451 Neque
1023 2379 1166 2435 enim
1211 2393 1299 2434 me
1341 2377 1612 2434 Catholica

25 2472 162 2527 ilsoa
194 2472 368 2530 vobis
387 2472 552 2545 argui
577 2471 882 2540 miraretur,
915 2486 946 2526 a
976 2470 1172 2542 quibus
1195 2479 1340 2527 totus
1363 2470 1612 2527 christia-

25 2578 94 2619 ius
119 2564 272 2620 orbis
297 2579 438 2621 cum
469 2573 549 2620 tot
569 2563 827 2621 Ecclesiis
853 2563 1015 2620 etiam
1041 2563 1147 2618 illis
1172 2563 1359 2634 primis
1387 2572 1611 2633 aposto-

25 2655 95 2711 ico
136 2656 334 2714 labore
382 2657 720 2729 propagatis,
752 2655 903 2712 falsis
949 2656 1263 2712 criminibus
1305 2665 1608 2712 accusatur.

25 2745 127 2804 Cum
152 2766 286 2808 vero
311 2761 517 2807 contra
548 2749 895 2819 Manichaeos,
923 2752 1016 2821 qui
1042 2765 1129 2806 me
1155 2749 1610 2806 adolescentulum

25 2840 287 2910 tliquando
314 2842 679 2913 deceperant,
710 2857 826 2898 mea
853 2849 998 2896 tanta
1038 2840 1234 2910 scripta
1263 2840 1354 2910 qui
1383 2840 1614 2896 voluerit

25 2931 178 3004 legere
206 2937 412 3006 possit,
442 2951 550 2991 non
579 2951 748 3007 usque
771 2934 908 2991 adeo
930 2933 1145 3005 desipit,
1187 2941 1247 2988 ut
1269 2933 1337 2989 de
1378 2948 1464 2989 me
1489 2949 1612 2989 cre-

25 3022 95 3079 dat
137 3028 318 3096 potius
366 3028 557 3086 verbis
598 3026 811 3095 vestris,
859 3042 1020 3099 quam
1063 3026 1234 3083 oculis
1283 3034 1339 3083 et
1367 3026 1614 3082 sensibus

25 3118 135 3174 suis.

81 3209 304 3270 CAPUT
357 3212 582 3270 LXXX.
625 3241 698 3255 -ο
739 3212 830 3269 9‘2.
888 3210 996 3269 Sed
1046 3212 1342 3282 epistolam,
1393 3211 1610 3284 inquis,

29 3304 248 3375 principis
296 3308 482 3375 vestri,
529 3323 630 3377 qua
674 3307 838 3363 nescio
884 3306 1009 3379 quid
1055 3305 1119 3362 de
1161 3315 1207 3361 te
1251 3307 1474 3377 scripsit,
1497 3323 1613 3361 cum

30 3403 68 3448 te
119 3399 346 3456 ordinari
421 3400 615 3468 nollet,
680 3408 847 3455 tenent
907 3416 1010 3454 non
1076 3401 1228 3470 pauci
1301 3409 1608 3454 nostrorum.

28 3483 157 3542 illam
176 3506 305 3547 vero
331 3493 562 3549 minime
588 3507 855 3559 curarem,
875 3507 974 3548 nec
999 3491 1044 3547 si
1070 3493 1187 3562 ejus
1212 3508 1242 3546 a
1271 3508 1378 3563 quo
1410 3492 1608 3562 scripta

33 3574 220 3647 dicitur,
254 3597 365 3638 non
398 3583 682 3654 perspicua
720 3597 818 3654 pro
842 3583 996 3641 nobis
1022 3585 1289 3640 sententia
1321 3586 1608 3655 legeretur,

34 3667 160 3726 illam
183 3675 508 3732 calumniam
537 3676 930 3749 falsitatemque
973 3677 1338 3733 condemuans
1365 3695 1378 3731 :
1410 3688 1611 3750 quanto

37 3759 190 3817 minus
229 3780 351 3822 eam
397 3775 553 3823 curat
595 3767 857 3824 catholica
907 3767 1167 3836 Ecclesia,
1199 3769 1350 3840 cujus
1392 3784 1608 3825 causam

37 3863 196 3909 contra
223 3873 320 3914 vos
347 3860 580 3931 agimus,
609 3860 695 3916 cui
741 3869 816 3916 tot
840 3859 1038 3916 divinis
1078 3862 1395 3917 testimoniis
1426 3864 1610 3932 praesi-

41 3939 164 3998 denti
193 3949 235 4015 ',
267 3951 413 4005 nulla
451 3950 681 4006 humana
709 3950 779 4007 de
805 3967 1072 4022 quoquam
1120 3953 1332 4010 homine
1370 3953 1610 4009 testimo-

42 4033 111 4087 nia
130 4052 220 4093 seu
238 4055 365 4097 vera
387 4058 486 4100 seu
506 4041 662 4110 falsa,
683 4057 787 4114 qua
809 4043 1004 4114 gaudet
1023 4042 1266 4098 auferunt
1297 4044 1610 4100 veritatem?

45 4121 212 4185 Desine
253 4133 490 4190 talibus:
514 4148 651 4190 unus
689 4133 848 4190 homo
877 4150 1016 4200 sum,
1061 4134 1313 4190 Ecclesia:
1344 4136 1482 4190 inter
1511 4151 1610 4192 nos

45 4217 192 4285 agitur
227 4239 413 4293 causa,
464 4242 568 4282 non
600 4241 752 4292 mea;
784 4225 1060 4294 Ecclesim,
1108 4226 1344 4298 inquam,
1393 4245 1510 4298 qum
1555 4229 1608 4283 in

49 4309 171 4366 nullo
193 4313 406 4374 homine
432 4333 583 4389 spem
617 4333 813 4389 ponere
841 4335 872 4373 a
902 4333 1000 4374 suo
1025 4317 1208 4374 didicit
1231 4319 1607 4390 Redemptore.

48 4395 329 4476 Quanquam
363 4423 464 4464 nec
487 4408 556 4483 de
584 4425 671 4466 me
698 4410 814 4480 ipso
843 4409 1014 4476 vobis,
1046 4410 1253 4465 etiamsi
1282 4426 1452 4466 meam
1480 4427 1608 4466 con-

53 4498 375 4557 versationem
401 4504 652 4569 nossetis,
679 4512 826 4558 recte
853 4502 1164 4559 crederetur
1193 4503 1422 4558 inimicis
1452 4503 1604 4558 mihi.

54 4581 118 4638 Ad
152 4590 592 4650 existimationem
635 4595 908 4651 hominum
941 4612 1128 4667 magna
1162 4597 1373 4651 testium
1401 4597 1491 4668 qui
1523 4613 1610 4654 me

59 4687 302 4751 noverunt,
345 4687 582 4758 suppetit
626 4686 818 4758 copia;
863 4687 929 4742 ad
961 4687 1054 4742 Dei
1097 4703 1225 4744 vero
1263 4698 1608 4760 conspectum

58 4769 148 4824 sola
172 4779 506 4846 conscientia,
533 4795 695 4850 quam
737 4789 924 4836 contra
966 4787 1172 4836 vestras
1209 4781 1610 4840 criminationes

62 4871 158 4916 cum
198 4865 504 4942 intrepidam
549 4887 750 4943 geram,
798 4887 904 4928 non
954 4887 1043 4928 me
1083 4881 1259 4928 tamen
1296 4875 1398 4930 sub
1440 4876 1610 4933 oculis

61 4949 410 5029 Omnipolcntis
443 4964 740 5036 iustiﬁcam
777 4965 970 5032 audeo,
999 4965 1272 5037 magisque
1315 4966 1382 5022 ab
1410 4968 1503 5022 illo
1529 4968 1610 5022 af-

67 5043 278 5112 ﬂuentem
297 5059 678 5116 misericordia:
705 5059 1026 5130 largitatem,
1049 5076 1206 5131 quam
1227 5060 1411 5132 judicii
1458 5078 1608 5120 δυω-

117 5223 241 5301 LM“:
259 5235 330 5281 Et.
355 5240 410 5284 et
423 5239 530 5283 uss.
552 5234 798 5301 omittunt,
821 5231 1098 5296 lenitatem;
1120 5236 1235 5299 quia
1255 5235 1443 5288 scilicet
1465 5237 1610 5301 paulo

72 5286 160 5349 ante
180 5296 262 5349 est,
282 5293 609 5346 mansuetudo.

3215 243 3328 308 540

1739 359 1884 400 mum
1913 360 2135 404 examen
2165 357 2452 421 exspecto;
2482 351 2723 424 cogitans
2748 353 2890 426 quod
2933 357 3188 429 scriptum
3214 372 3322 429 est,

1737 432 1864 489 Cum
1901 453 1990 492 rex
2007 440 2179 509 justus
2209 441 2391 496 sederit
2427 441 2479 497 in
2516 443 2719 512 throno,
2762 446 2874 516 quis
2901 447 3200 519 gloriabitur
3235 468 3326 506 ca-

1735 537 1868 582 stum
1908 547 1964 584 se
2004 531 2186 588 habere
2221 535 2350 588 cor?
2377 544 2464 589 aut
2506 536 2618 605 quis
2656 537 2956 608 gloriabitur
2998 543 3242 597 mundum
3267 559 3323 600 se

1735 634 1842 675 esse
1863 636 1894 674 a
1913 631 2115 691 peccato
2151 622 2331 695 (Prov.
2361 641 2452 694 xx,
2480 626 2535 694 8,
2567 625 2644 698 9).

1805 709 2032 770 CAPUT
2079 713 2314 772 LXXXI.
2352 747 2425 758 —
2451 717 2538 775 95.
2593 718 2700 776 Sed
2728 720 2855 792 quid
2898 721 2966 778 ad
3010 739 3124 780 rem
3166 725 3322 798 cujus

1732 801 1871 860 inter
1894 819 1993 861 nos
2034 807 2258 864 vertitur
2296 810 2542 880 quzestio,
2572 812 2744 884 qualis
2788 815 2905 885 ipse
2941 817 3086 871 sim?
3111 834 3233 874 eum
3265 817 3320 875 in

1731 908 1855 951 area
1880 897 2146 954 dominica
2175 900 2278 955 sim
2305 901 2518 973 stipula,
2551 903 2598 959 si
2627 904 2838 972 malus;
2867 922 3113 979 granum,
3141 911 3186 966 si
3218 911 3318 968 bo-

1729 1001 1853 1043 nus.
1882 987 1990 1045 Vos
2018 998 2194 1047 tamen
2221 992 2266 1048 si
2289 1009 2454 1064 grana
2479 997 2691 1068 essetis,
2716 998 2922 1069 paleam
2946 1004 3314 1072 commixtam,

1727 1081 1867 1138 sicut
1905 1082 2157 1142 admonet
2205 1087 2367 1144 etiam
2421 1089 2536 1160 ipse
2573 1089 2890 1165 Cyprianus,
2941 1107 3066 1154 ante
3109 1108 3320 1172 tempus

1726 1173 2088 1232 ventilationis
2129 1192 2235 1233 non
2283 1177 2618 1252 refugeretis.
2661 1183 2893 1244 Proinde
2921 1203 3040 1256 uos,
3083 1190 3128 1246 si
3155 1207 3315 1263 quem

1725 1264 2024 1334 reperimus
2070 1267 2123 1322 in
2172 1268 2323 1325 vobis
2367 1281 2555 1328 notum
2583 1271 2856 1333 hominem
2895 1280 3117 1350 malum,
3166 1293 3317 1342 recte

1723 1355 1876 1410 vobis
1900 1356 2199 1428 objicimus.
2247 1361 2322 1416 lbi
2366 1365 2508 1420 enim
2551 1374 2661 1423 tota
2705 1367 2946 1427 defensio
2971 1384 3146 1430 vestra
3183 1389 3316 1431 con-

1723 1447 1884 1516 sistit,
1929 1450 2052 1520 quia
2095 1463 2382 1525 propterea
2423 1465 2521 1513 Vos
2567 1463 2876 1531 separastis,
2910 1481 2976 1521 ne
3018 1466 3316 1526 alienorum
3399 1449 3404 1455 ’

1721 1551 2062 1612 peccatorum
2085 1549 2401 1618 contagione
2429 1551 2676 1622 periretis
2701 1572 2716 1609 :
2739 1554 2879 1612 unde
2920 1572 3115 1613 novum
3143 1576 3315 1631 genus

1719 1649 1864 1693 areae
1892 1652 1986 1694 vos
2023 1636 2214 1695 iecisse
2251 1640 2573 1712 gloriamini,
2605 1655 2697 1700 aut
2732 1663 2850 1718 qua:
2877 1649 3050 1704 solum
3079 1651 3314 1710 triticum

1719 1724 2057 1803 habeat,_aut
2099 1729 2154 1786 in
2180 1747 2282 1804 qua
2311 1733 2485 1789 solum
2527 1736 2758 1794 triticum
2788 1752 3060 1811 appareat,
3091 1744 3178 1799 cui
3203 1760 3312 1802 non

1718 1817 1792 1874 sit
1821 1822 2157 1878 necessarius
2199 1823 2504 1893 ventilator,
2551 1827 2647 1882 sed
2687 1841 3066 1900 perscrutalor.
3097 1833 3230 1890 Nam
3257 1847 3312 1892 et

1718 1907 2104 1968 Parmenianus
2149 1923 2327 1972 vester
2370 1907 2679 1986 prmclaram
2710 1929 2946 1977 vestram
2991 1925 3309 1985 munditiam

1715 2003 1866 2059 velut
1894 2003 2246 2062 immunditia:
2272 2016 2471 2064 nostris
2498 2026 2530 2064 a
2557 2013 2827 2068 contrario
2853 2029 3190 2088 comparans,
3215 2035 3311 2076 au-

1715 2106 1809 2148 sus
1851 2103 1935 2149 est
1984 2094 2326 2168 interponere
2371 2101 2690 2156 sententiam
2738 2105 3013 2175 prophetae
3061 2106 3311 2166 Jeremite

1719 2185 1857 2258 (Lib.
1894 2189 1928 2242 5
1952 2199 2130 2243 contra
2170 2189 2454 2261 Epistolam
2483 2191 2836 2262 Parmenioni,
2860 2215 2912 2251 η.
2943 2198 3056 2270 17),
3093 2200 3181 2255 ubi
3207 2202 3303 2270 ait,

1721 2276 1857 2342 Quid
1889 2279 2050 2349 palea:
2075 2281 2092 2311 ί
2115 2297 2231 2334 cum
2274 2282 2440 2337 tritico
2469 2281 2682 2356 (Jerem.
2709 2301 2860 2354 mu,
2885 2287 3016 2359 28)?
3045 2289 3195 2360 Quod
3221 2292 3310 2349 ille

1716 2367 1871 2438 dixit,
1905 2381 1962 2427 ut
2008 2372 2121 2442 ipsa
2153 2374 2355 2430 indicat
2381 2375 2561 2444 lectio,
2590 2376 2848 2434 adversus
2877 2395 2971 2436 eos
2999 2383 3089 2452 qui
3113 2381 3308 2441 divinis

1716 2465 1946 2521 oraculis
1977 2479 2073 2522 sua
2118 2469 2324 2523 somnia
2354 2470 2722 2541 coaequabant.
2763 2472 3080 2551 erogantia
3129 2484 3310 2533 tamen

1716 2567 1895 2613 vestra
1924 2567 1980 2612 et
2009 2559 2272 2616 horrenda
2320 2562 2571 2632 superbia
2619 2563 2956 2620 Parmeniani
2996 2567 3187 2623 litteris
3209 2567 3308 2626 de-

1715 2648 1967 2717 claratur,
1996 2649 2086 2705 ubi
2120 2666 2215 2707 vos
2242 2661 2426 2708 contra
2453 2653 2759 2724 Scripturas
2783 2657 3010 2726 divinas,
3043 2668 3098 2716 et
3121 2671 3307 2718 contra

1715 2743 1917 2798 monita
1941 2743 2212 2816 Cypriani,
2253 2755 2380 2802 ante
2423 2747 2664 2803 ultimam
2701 2751 3104 2807 ventilationem
3147 2769 3307 2825 quam

1715 2832 1946 2889 mundus
1973 2844 2283 2905 exspectat,
2319 2846 2566 2908 tanquam
2600 2849 2881 2911 purgatum
2913 2859 2943 2896 a
2974 2844 3123 2914 palea
3165 2846 3306 2902 triti-

1714 2940 1836 2982 cum
1867 2926 2196 2998 praedicavit.

1785 3016 2016 3075 CAPUT
2049 3018 2479 3078 LXXXIl.—94.
2503 3023 2640 3092 Quid
2666 3040 2792 3096 ergo
2813 3025 3025 3098 dignius
3048 3027 3308 3087 adversus

1715 3110 1855 3168 hanc
1881 3110 2276 3170 lallacissimam
2316 3116 2624 3185 elationem,
2651 3133 2814 3189 quam
2843 3136 3004 3176 causa
3036 3121 3309 3178 Maximia-

1715 3205 1984 3274 nensium,
2013 3207 2164 3263 vobis
2191 3208 2361 3279 potuit
2387 3211 2710 3280 procurari?
2738 3212 3098 3286 Qumcumque
3127 3217 3179 3271 in
3206 3232 3308 3274 nos

1715 3296 1894 3353 dicere
1925 3307 2174 3369 tanquam
2205 3299 2574 3356 in‘traditores
2601 3302 2809 3368 soletis,
2841 3305 2893 3358 in
2921 3305 3305 3364 Maximianen-

1714 3405 1823 3456 ses,
1848 3404 1984 3460 quos
2008 3391 2285 3461 recepistis
2313 3391 2611 3460 damnatos,
2642 3395 2858 3465 quando
2893 3395 3130 3454 damnati
3158 3409 3307 3468 sunt,

1713 3483 1961 3553 graviora
2003 3482 2232 3538 dixistis.
2285 3484 2360 3540 De
2404 3485 2820 3556 imperatoribus
2865 3490 3308 3564 nobis.tanquam

1713 3573 2146 3642 persecutoribus
2193 3573 2365 3630 facitis
2392 3574 2644 3634 invidiam
2687 3595 2827 3636 :vos
2874 3581 3014 3650 apud
3055 3582 3264 3653 judices
3287 3627 3305 3653 ,

1713 3682 1849 3738 quos
1899 3666 2000 3738 ipsi
2053 3667 2403 3739 imperatores
2451 3670 2750 3740 miserunt,
2801 3674 3308 3734 Maximianensibus

1715 3762 2140 3830 persecutionem
2205 3759 2428 3819 fecistis.
2501 3761 2832 3836 Baptismum
2884 3768 3137 3825 Ecclesia:
3189 3769 3309 3827 dari

1714 3864 1862 3907 exuo
1902 3851 2196 3908 Ecclesiam
2245 3868 2352 3910 non
2398 3869 2558 3926 posse
2599 3857 2921 3914 contenditis
2955 3878 2969 3915 :
3002 3875 3099 3916 vos
3125 3860 3306 3932 Bapti-

1713 3957 1910 4012 smum,
1937 3959 2094 4016 quem
2144 3945 2196 4000 in
2237 3946 2462 4002 crimine
2505 3948 2810 4004 schismatis
2857 3949 3306 4008 Maximianenscs

1714 4033 1998 4104 dederunt,
2043 4035 2097 4090 in
2142 4038 2372 4108 receptis
2397 4039 2478 4094 eis
2520 4040 2714 4110 quibus
2759 4041 3044 4110 dederunt,
3083 4059 3189 4099 non
3221 4059 3310 4101 rc-

1712 4125 1966 4182 scidistis.
1997 4127 2052 4183 Si
2081 4127 2197 4184 hazc
2244 4145 2340 4199 pro
2386 4145 2516 4200 pace
2554 4133 2772 4189 unitatis
2802 4133 2917 4189 ﬁeri
2964 4135 3301 4204 debuerunt,

1714 4220 1856 4274 unde
1893 4236 1992 4276 nos
2033 4224 2296 4278 accusetis
2323 4237 2429 4279 non
2470 4224 2720 4280 invenitis
2750 4242 2765 4279 :
2796 4226 2840 4281 si
2868 4236 3045 4282 autem
3074 4243 3179 4282 non
3207 4227 3304 4283 de-

1712 4312 1961 4378 buerunt,
1990 4329 2094 4368 non
2138 4329 2238 4370 nos
2277 4317 2542 4372 accusetis
2572 4319 2615 4384 ⁸,
2646 4318 2746 4372 nisi
2789 4334 2885 4374 vos
2916 4320 3060 4389 ipsos
3084 4319 3306 4376 damna-

1713 4405 1916 4461 veritis.
1962 4404 2098 4462 Nolo
2143 4415 2196 4462 te
2241 4422 2336 4477 per
2381 4407 2544 4463 multa
2583 4408 2896 4476 distendas;
2943 4426 3066 4464 nam
3110 4421 3165 4468 et
3204 4427 3305 4482 ego

1712 4513 1926 4570 possem
1955 4497 2184 4554 breviter
2208 4510 2268 4551 ea
2306 4514 2427 4569 quae
2454 4510 2638 4556 contra
2666 4511 2718 4557 te
2743 4501 2882 4558 dicta
2912 4513 3056 4570 sunt,
3105 4506 3154 4560 in
3187 4521 3304 4561 me-

1714 4590 1936 4646 moriam
1966 4604 2218 4646 revocare
2252 4608 2265 4643 :
2295 4591 2390 4646 sed
2437 4590 2564 4647 hinc
2595 4593 2766 4648 solum
2795 4595 2986 4665 cogita,
3041 4595 3307 4651 Maximin-

1714 4685 1959 4740 nensium
2009 4698 2226 4739 causam
2276 4683 2370 4739 tibi
2396 4695 2521 4741 ante
2556 4687 2740 4744 oculos
2768 4702 2908 4758 pone
2937 4689 2997 4754 ³;
3029 4688 3076 4744 si
3109 4689 3177 4746 de
3208 4690 3308 4746 hac

1714 4779 1868 4834 nobis
1881 4777 2204 4848 respondere
2221 4777 2477 4848 potueris,
2492 4780 2782 4851 mredere
2801 4787 2993 4835 caetera
3013 4797 3028 4847 ;
3056 4781 3100 4836 si
3119 4791 3297 4837 autem

1714 4884 1820 4925 non
1847 4869 2104 4941 potueris,
2144 4868 2334 4927 melius
2358 4869 2602 4942 quiescas
2635 4886 2794 4944 quam
2841 4871 3019 4929 calces
3047 4872 3304 4931 adversus

1717 4961 1988 5018 stimulum
2009 4960 2199 5031 jacias.

1780 5115 1798 5146 π
1824 5123 1924 5164 Am.
1950 5119 2023 5163 Er.
2052 5119 2105 5164 et
2120 5119 2251 5177 Mss,
2275 5111 2433 5177 palea.

1778 5179 1798 5208 ³
1823 5184 1932 5226 Hinc
1953 5188 2088 5236 nunc,
2105 5176 2256 5225 verba
2276 5176 2600 5225 restituuntur
2617 5188 2680 5225 ex
2702 5182 2830 5236 Mss...
2853 5189 2947 5228 nou
2969 5176 3187 5230 invenitis
3217 5191 3234 5231 :
3257 5179 3300 5230 si

1711 5245 1872 5312 αιιίεεει
1892 5250 1987 5312 ’Ψ
2008 5235 2396 5312 deletus!“
2417 5238 2784 5312 messem.-
2830 5299 2841 5310 .
2997 5300 3009 5312 .

1778 5301 1887 5365 {sic
1910 5307 2014 5349 Mss.
2040 5304 2094 5365 at
2118 5305 2194 5348 Er.
2220 5303 2274 5348 et
2291 5304 2424 5362 Lov.,
2449 5301 2605 5365 cogito
2637 5301 3089 5355 Haximianensium
3101 5313 3300 5355 causam

1711 5360 1797 5414 tibi
1816 5367 1925 5413 tmte
1941 5360 2103 5413 oculos
2121 5371 2319 5424 ponere.

1467 5532 1855 5614 ηοω
