3784 6170
436 242 544 323 ατ

1222 242 1492 319 CONTRA
1535 238 1972 302 CRESCONIUM
2010 236 2463 315 DONATISTAM,
2507 238 2564 295 S.
2606 232 2975 297 AUGUSTINI

3778 49 3782 137 ι

3631 232 3746 293 με
3779 186 3781 313 1

3779 324 3781 459 φ

1382 456 1855 591 LIBER
1940 449 2387 581 QUI/1R
2407 451 2723 560 TUS.

440 665 509 720 ad
529 672 702 717 onmes
714 667 909 715 rursum
929 647 1155 718 Epistolas
1167 648 1407 711 crescenti
1430 652 1598 711 Panes
1616 639 2035 753 respondetéffsj:

2178 636 2398 748 ltangimus
2421 640 2472 697 et
2493 633 2757 686 calumnias
2779 636 3063 713 singillatim
3077 650 3142 689 ex
3165 636 3272 709 sola
3295 638 3747 711 Maximianensim

1932 804 2249 861 @WQ

513 940 742 1001 CAPUT
779 935 1066 998 PRIMUM.
1091 963 1164 983 -ς-
1195 933 1250 990 I.
1278 928 1530 998 Quamvis
1565 926 1674 998 iam
1719 923 1888 989 tribus
1931 937 2029 989 nec

443 1037 624 1113 parvis
646 1032 1006 1097 voluminibus
1029 1027 1272 1101 epistolas
1298 1033 1423 1090 tute,
1450 1019 1727 1088 Cresconi,
1754 1018 2031 1090 diligenter

445 1130 685 1201 satisque
724 1122 1122 1197 responderim,
1165 1133 1272 1191 qua
1311 1113 1559 1183 Petiliani
1598 1112 1805 1171 litteras
1850 1118 2036 1173 contra

447 1238 569 1280 mea
599 1220 797 1292 scripta
816 1259 831 1286 ,
861 1216 1055 1289 quibus
1082 1210 1497 1274 reiellebanmr,
1539 1203 1900 1265 defendendas
1938 1218 2037 1273 pu-

446 1315 575 1372 testi
602 1332 614 1367 :
644 1322 823 1370 tamen
850 1310 1011 1367 etiam
1036 1306 1141 1363 hoc
1159 1302 1390 1362 breviori
1415 1313 1579 1372 opere
1601 1296 1806 1359 institui
1833 1294 1901 1351 de
1920 1294 2039 1357 sola

448 1423 611 1465 causa
647 1400 1142 1467 Masimianensium
1186 1407 1362 1455 tecum
1403 1408 1597 1466 agere,
1626 1400 1682 1455 et
1709 1406 1777 1449 ex
1809 1388 1910 1453 hac
1932 1402 2040 1453 una

447 1498 737 1558 ostendere
759 1494 939 1553 omnia
975 1507 1096 1565 qua
1133 1491 1190 1547 in
1227 1489 1319 1549 illa
1342 1486 1569 1559 epistola
1598 1483 1851 1556 posuisti,
1878 1494 2043 1553 quam

449 1592 681 1657 frustra,
711 1603 872 1660 quam
900 1585 1130 1643 inaniter
1159 1580 1378 1649 dixeris.
1429 1578 1615 1651 Neque
1660 1576 1804 1639 enim
1850 1581 2040 1637 conte-

448 1681 740 1740 mnendum
763 1688 848 1736 est
874 1676 1193 1743 beneﬁcium
1223 1672 1342 1741 Dei,
1368 1670 1514 1744 quod
1531 1677 1588 1733 et
1609 1668 1677 1727 ad
1701 1675 1901 1751 nasum
1923 1665 2039 1727 dis—

452 1774 783 1849 pensationis
817 1770 1193 1842 compendium
1212 1810 1229 1836 ,
1256 1775 1311 1829 et
1354 1764 1423 1824 ad
1446 1774 1642 1823 vestrm
1666 1760 2036 1826 correctionis,

447 1869 496 1925 si
537 1866 790 1939 sapiatis,
834 1862 1156 1934 adjutorium
1201 1866 1460 1931 praestare
1501 1855 1751 1929 dignatus
1789 1862 1874 1911 est
1903 1870 1920 1908 :
1950 1850 2045 1923 qui

449 1957 809 2017 nescientibus
830 1955 1002 2021 vobis,
1038 1967 1212 2025 neque
1239 1950 1294 2008 id
1316 1948 1599 2022 agentibus
1622 1946 1797 2015 nobis,
1838 1946 1911 2003 ita
1943 1959 2045 2003 γθη

449 2058 684 2107 atrorum
706 2049 1078 2120 episcoporum
1109 2043 1379 2101 mentibus
1399 2040 1705 2099 dominatus
1728 2047 1840 2107 est,
1872 2037 2045 2108 utqui

449 2143 634 2201 orbem
673 2140 1022 2199 christianum
1062 2152 1160 2210 per
1199 2133 1629 2193 communionem
1669 2131 2044 2189 Sacramenta-

448 2249 568 2291 rum
592 2231 923 2295 maculatum
936 2229 1172 2301 peccatis
1191 2224 1609 2297 criminabantur
1627 2222 1836 2290 alienis,
1855 2235 2044 2291 quam—

450 2328 532 2384 vis
570 2326 731 2383 etiam
772 2323 901 2394 ipsis
938 2320 1089 2378 falsis
1123 2328 1180 2377 et
1214 2335 1329 2376 non
1354 2317 1624 2390 probatis,
1657 2315 1712 2373 in
1737 2312 2044 2371 Maximiani

449 2435 613 2477 causa
657 2425 975 2495 cogerentur
1013 2414 1203 2483 fateri,
1233 2429 1421 2481 aprum
1460 2426 1596 2484 quos
1632 2410 2039 2476 damnaverunt,

452 2510 687 2584 peccatis
712 2524 821 2565 non
847 2508 1013 2564 fuisse
1036 2505 1332 2564 maculatos
1360 2504 1415 2561 in
1443 2518 1551 2559 una
1575 2502 2044 2559 Sacramentorum

451 2602 833 2660 communione
864 2599 1216 2665 constitutos,
1249 2610 1347 2654 eos
1374 2594 1568 2667 quibus
1604 2602 1859 2665 tanquam
1886 2592 2045 2651 ianos

451 2695 699 2759 cantibus
726 2694 794 2750 ad
824 2690 1198 2750 revertendum
1237 2688 1549 2746 dilationem
1590 2685 1887 2750 dederunt,
1919 2683 2046 2747 etsi

454 2805 562 2847 non
582 2785 981 2845 ordinatoribus
998 2781 1328 2848 Maximiani,
1342 2788 1526 2837 tamen
1545 2777 1599 2835 in
1618 2777 1738 2848 ejus
1754 2783 1906 2850 parte
1923 2791 2047 2835 com

452 2883 651 2939 stitutis
695 2876 1096 2936 damnatoribus
1139 2872 1395 2931 Primiani
1433 2889 1446 2925 :
1487 2879 1542 2926 et
1582 2869 1674 2941 qui
1715 2868 2046 2940 Baptismutn

452 2975 653 3033 Christi
676 2971 928 3028 nolebant
951 2981 1264 3039 agnoscere,
1288 2979 1391 3021 nec
1410 2963 1464 3019 in
1482 2963 1561 3020 eis
1579 2961 1837 3021 Ecclesiis
1860 2959 2047 3019 datum

451 3082 586 3142 quas
615 3064 994 3137 Apostolorum
1037 3061 1189 3125 labor
1230 3055 1543 3130 propagavit
1580 3063 1740 3125 atque
1781 3051 2043 3120 fundavit,

452 3159 840 3220 contendentes
867 3166 1017 3217 extra
1045 3168 1208 3211 unam
1236 3150 1531 3211 Ecclesiam
1561 3148 1891 3221 Baptismum
1928 3145 2048 3207 dari

454 3270 561 3311 non
589 3267 767 3326 posse,
795 3264 1003 3321 nosque
1028 3248 1307 3318 culpantes
1330 3243 1471 3315 quod
1502 3257 1598 3315 per
1619 3256 1717 3298 eos
1737 3239 1920 3299 datum
1946 3239 2050 3299 Bav

456 3349 708 3422 ptisrnum
732 3360 842 3401 non
863 3341 1315 3407 rescinderemus,
1335 3351 1474 3409 quos
1496 3350 1620 3403 esse
1636 3335 1693 3393 in
1713 3349 1840 3393 vere
1861 3333 2049 3391 Eccle-

453 3444 534 3501 sia
575 3453 927 3513 negaremus,
971 3436 1308 3508 susciperent
1346 3434 1401 3489 in
1440 3430 1747 3488 Maximiani
1786 3428 2050 3499 sacrilego

453 3534 742 3593 schismate
768 3530 1064 3602 baptizatos
1080 3569 1096 3595 ,
1120 3533 1182 3583 et
1202 3526 1258 3582 in
1279 3524 1361 3581 eis
1384 3524 1713 3594 Baptismum
1740 3518 2049 3589 rescindere

455 3642 564 3685 non
606 3626 865 3682 auderent
891 3641 905 3677 :
930 3631 987 3678 et
1025 3621 1116 3692 qui
1156 3620 1226 3676 de
1261 3617 1467 3691 legibus
1502 3616 1918 3683 cbristianorum
1943 3614 2048 3671 ita,

454 3728 783 3793 peratorum,
810 3716 1005 3787 quibus
1024 3726 1211 3777 eorum
1234 3709 1559 3782 perversitas
1577 3707 1889 3780 corrigenda
1914 3721 2051 3779 prm-

350 3872 359 3877 _
456 3812 674 3883 cipitur,
708 3822 806 3865 nos
835 3816 1086 3878 tanquam
1114 3803 1337 3859 crimine
1363 3801 1751 3873 persecutionis
1772 3806 2046 3864 accusant,

457 3905 669 3961 adirent
691 3900 898 3973 jodices
926 3898 994 3953 ab
1018 3896 1151 3968 ipsis
1174 3894 1587 3965 imperatoribus
1613 3893 1834 3959 missos,
1865 3899 1921 3947 et
1943 3890 2050 3945 Ma-

457 3997 748 4054 ximianum
770 4007 832 4048 ac
854 3993 1030 4049 socios
1050 3989 1167 4061 ejus
1188 3988 1326 4059 apud
1346 4002 1441 4044 eos
1465 3988 1702 4059 graviter
1717 3990 2046 4051 accusarent,

457 4099 516 4149 et
541 4088 822 4147 concilium
853 4099 958 4157 quo
997 4097 1092 4140 eos
1120 4082 1534 4146 damnaverunt,
1564 4079 1729 4150 gestis
1756 4091 2049 4148 proconsu-

459 4182 664 4239 laribus
706 4178 1031 4250 allegarent,
1068 4188 1133 4230 ac
1171 4172 1438 4244 jussiones
1480 4171 1677 4243 quibus
1714 4170 1791 4225 illi
1833 4167 2050 4225 sedibus

458 4272 823 4347 pellerentur,
854 4266 1257 4325 efﬁcacissimas
1287 4266 1650 4346 impetrarent.
1681 4262 1775 4317 His
1801 4259 2051 4317 omnibus

458 4380 490 4421 a
521 4379 581 4420 se
606 4361 800 4434 gestis,
828 4357 1003 4415 adhuc
1030 4356 1254 4413 nebulas
1281 4355 1542 4427 imperitis
1570 4360 1831 4409 conantur
1871 4351 2048 4407 oli'un-

459 4458 587 4514 dere
613 4475 626 4513 :
652 4471 757 4512 non
787 4454 962 4510 solum
987 4450 1276 4522 Scripturis
1296 4451 1513 4517 sanctis,
1535 4457 1590 4505 et
1608 4448 1847 4518 priorum
1867 4461 2048 4511 rerum

459 4560 729 4622 gestarum
771 4544 984 4617 quando
1024 4558 1086 4599 se
1125 4542 1193 4598 ab
1230 4540 1431 4597 unitate
1460 4545 1841 4611 separaverunt
1869 4536 2050 4592 multis

461 4643 728 4711 certisque
748 4635 1104 4700 documentis,
1132 4647 1319 4689 verum
1345 4632 1505 4688 etiam
1532 4628 1913 4687 recentissimis
1937 4627 2049 4683 suis

462 4734 616 4790 factis
644 4742 698 4788 et
725 4727 987 4800 exemplis
1011 4724 1409 4787 evidentissima
1435 4723 1689 4794 superati.

533 4824 758 4881 CAPUT
799 4823 860 4878 ll.
883 4850 956 4864 ——-
978 4820 1036 4876 ἢ.
1065 4818 1202 4877 Hine
1225 4831 1355 4889 ergo
1381 4824 1583 4872 tantum
1613 4830 1764 4887 agam
1786 4857 1801 4881 ,
1831 4815 1956 4871 hinc
1982 4813 2048 4871 ad

462 4932 651 4975 omnes
676 4915 913 4988 epistolte
936 4922 1042 4969 tua:
1062 4918 1261 4983 partes,
1288 4918 1542 4980 quantum
1568 4906 1821 4962 Dominus
1846 4922 1933 4962 me
1956 4905 2050 4960 ad-

460 5011 629 5083 juvat,
660 5009 775 5064 sine
804 5007 912 5063 ulla
938 5002 1268 5067 difﬁcultate,
1300 5000 1410 5056 imo
1438 5014 1559 5055 cum
1585 5013 1771 5069 magna
1798 4995 2048 5052 facilitate

355 5117 363 5123 '
464 5099 837 5172 respondeam.
865 5098 943 5154 Ac
967 5097 1141 5169 primo
1168 5094 1300 5152 illud
1323 5092 1464 5166 quod
1491 5091 1583 5163 tibi
1612 5091 1724 5162 ipse
1750 5089 2049 5159 contrarius

464 5197 775 5266 eloquenter
799 5192 1157 5263 eloquentiam
1184 5190 1490 5266 vituperare
1517 5186 1729 5240 voluisti
1749 5226 1764 5249 ,
1799 5192 2047 5254 tanquam

463 5256 607 5345 esset
631 5284 867 5341 veritatis
898 5256 1132 5351 inimica,
1164 5264 1217 5337 et
1242 5256 1467 5352 patrona
1492 5276 1666 5353 potius
1695 5273 1959 5340 falsitatis,
1993 5282 2050 5330 ut

462 5396 529 5437 eo
557 5377 716 5435 modo
743 5390 829 5432 me
868 5375 1019 5446 quasi
1056 5374 1393 5445 eloquentem
1436 5369 1729 5426 cavendum
1772 5378 1930 5438 atque
1963 5366 2049 5449 iu-

463 5470 713 5546 giendum
742 5465 1057 5525 ostenderes
1085 5465 1343 5537 imperitis
1374 5482 1386 5518 :
1414 5462 1460 5519 si
1499 5478 1684 5519 revera
1726 5469 1867 5517 tanta
1906 5469 2049 5518 esset

464 5562 764 5636 eloquentia
792 5575 932 5628 mea,
963 5567 1211 5632 quantam
1238 5556 1369 5612 mihi
1386 5597 1402 5623 ,
1428 5556 1673 5628 quamvis
1700 5553 2045 5619 accusatorie,

465 5658 654 5715 tribuis
677 5657 731 5724 l;
761 5670 940 5712 nonne
977 5653 1200 5711 recitato
1238 5650 1453 5706 decreto
1486 5648 1695 5706 concilii
1722 5647 2042 5719 Bagaiensis,

528 5772 549 5806 ι
575 5769 763 5836 Aliquot
786 5780 912 5834 Msa,
936 5765 1152 5835 qumvis
1171 5770 1419 5819 accusator
1438 5762 1673 5815 attribuis.

2141 937 2282 997 quo,
2311 923 2451 989 sicut
2473 922 2549 987 ibi
2576 920 2831 995 scriptum
2861 927 2945 981 est
2966 961 2982 990 ,
3012 917 3387 995 Maximianus:
3425 920 3552 991 ﬁdei
3578 937 3746 977 cmu-

2140 1016 2248 1069 lum
2269 1055 2286 1083 ,
2331 1014 2554 1100 veritatis
2596 1013 2914 1083 adulterum,
2961 1010 3205 1068 Ecclesia:
3243 1012 3421 1067 matris
3454 1013 3744 1079 inimicam,

2142 1105 2360 1172 Datim,
2391 1106 2587 1177 ϐιιηοτς,
2618 1116 2665 1171 et
2688 1106 2880 1175 Abiton
2917 1104 3241 1185 ministrum,
3269 1105 3333 1159 de
3372 1107 3515 1175 pacis
3548 1108 3744 1178 gremio

2143 1200 2401 1254 sententia:
2427 1198 2623 1271 fulmen
2648 1199 2898 1265 excussit,
2930 1195 3148 1252 laudare
3177 1195 3543 1268 eloquentiam
3580 1214 3745 1277 coge-

2143 1291 2317 1357 rerisi
2343 1290 2512 1355 Porro
2530 1290 2577 1347 si
2600 1290 2732 1347 mibi
2753 1289 3005 1355 materies
3030 1288 3119 1365 illa
3139 1299 3554 1363 proponeretur,
3577 1307 3749 1360 quan-

2145 1381 2216 1449 do
2245 1397 2456 1455 pOS$em
2484 1382 2691 1448 dicere,
2719 1381 2857 1439 Licet
2883 1380 3069 1452 viperei
3101 1380 3306 1435 seminis
3344 1382 3531 1437 noxios
3562 1394 3753 1453 partes
3780 1410 3781 1413 η

2146 1476 2375 1539 venenati
2396 1476 2527 1533 uteri
2551 1476 2724 1532 alveus
2749 1476 2838 1532 diu
2863 1475 3061 1542 texerit,
3086 1483 3132 1529 et
3157 1477 3387 1546 concepti
3408 1477 3621 1532 sceleris
3644 1480 3755 1533 uda

2148 1575 2363 1647 anagnia,
2400 1575 2454 1633 in
2487 1576 2722 1649 aspidum
2760 1575 2983 1643 membra
3026 1575 3172 1633 tardo
3210 1591 3265 1631 se
3301 1575 3476 1641 calore
3514 1590 3748 1646 vapora-

2148 1670 2304 1733 verint
2321 1687 2341 1737 ;
2383 1680 2551 1731 tamen
2587 1680 2884 1743 conceptum
2921 1670 3057 1733 virus
3098 1680 3418 1729 evanescente
3442 1668 3745 1733 umbraculo

2150 1762 2394 1825 occultari
2413 1779 2513 1821 non
2533 1763 2713 1839 patuit.
2739 1759 2879 1819 Nam
2904 1762 2994 1823 etsi
3017 1776 3127 1816 sero
3147 1803 3161 1826 ,
3190 1759 3446 1835 publicum
3470 1759 3676 1831 facinus
3696 1768 3745 1813 et

2149 1855 2481 1943 parricidium
2498 1872 2647 1921 suum
2666 1855 2769 1926 [eis
2793 1855 3034 1923 «deum
3060 1862 3173 1921 uota
3199 1854 3541 1926 pepererunt?
3568 1852 3743 1931 Quan-

2148 1948 2219 2007 do
2247 1963 2333 2011 me
2359 1948 2414 2013 in
2440 1948 2555 2013 haec
2588 1946 2749 2013 verba
2783 1945 3111 2018 exquirenda
3133 1945 3499 2013 coarctare'm?
3530 1945 3747 2017 quando

2149 2038 2204 2103 in
2245 2038 2593 2110 exprimenda
2638 2037 3046 2110 provolverem?
3078 2036 3290 2113 quando
3329 2046 3479 2101 tanto
3515 2037 3751 2109 impetu,

2150 2142 2299 2199 tanta
2326 2135 2504 2201 sonitu
2535 2135 2589 2193 in
2617 2133 2799 2195 odium
2825 2133 3104 2201 noxiorum
3136 2132 3346 2197 lectoris
3371 2131 3458 2189 vel
3482 2132 3749 2187 auditoris

2149 2228 2386 2291 animum
2404 2225 2768 2291 concitarent?
2788 2223 2924 2281 Num
2943 2224 3062 2281 ideo
3080 2223 3196 2285 haec
3211 2224 3265 2291 in
3280 2238 3412 2307 quos
3432 2223 3575 2283 dicta
3598 2232 3746 2289 sunt,

2150 2319 2328 2383 minus
2350 2316 2611 2383 veraciter
2633 2316 2777 2385 dicta
2802 2316 2964 2389 sunt?
2990 2315 3127 2385 Num
3156 2314 3257 2373 bac
3278 2314 3585 2387 elaquentia
3616 2313 3747 2381 tanti

2150 2411 2365 2475 cuneilii
2408 2409 2543 2475 fides
2573 2409 2865 2479 mitigatur,
2894 2408 2985 2479 vel
3025 2407 3375 2483 hbeiactautr
3415 2408 3745 2467 auctoritas?

2149 2501 2358 2574 Nempe
2397 2502 2529 2569 illud
2567 2518 2673 2577 quo
2708 2503 2883 2570 visum
2911 2510 2995 2565 est
3020 2501 3386 2577 clementius.
3414 2516 3485 2569 ea.
3522 2502 3745 2581 putissi-

2151 2612 2298 2661 mum
2317 2596 2546 2661 electum
2570 2606 2674 2666 est.
2702 2596 2846 2669 quod
2866 2611 3055 2667 omnes
3072 2611 3194 2667 esse
3213 2611 3371 2671 suum
3390 2594 3616 2667 vellent
3639 2609 3747 2669 sua
3780 2620 3781 2671 ι

2152 2705 2260 2753 uno
2291 2699 2649 2755 trecentorum
2687 2698 2741 2753 et
2774 2688 2961 2765 decen)
2991 2703 3085 2761 ora
3115 2689 3341 2759 tacentia
3370 2699 3743 2761 persultarent.

2152 2781 2295 2843 Ecce
2336 2781 2639 2852 eloquentia
2668 2795 2828 2852 quam
2859 2780 3171 2852 vituperasti
3190 2822 3206 2847 ,
3237 2796 3396 2852 quam
3424 2780 3569 2838 velut
3598 2780 3747 2855 sedi-

2153 2875 2380 2942 tiosam,
2411 2885 2467 2932 et
2503 2890 2680 2946 graeco
2720 2876 2881 2933 etiam
2923 2874 3140 2939 nomine
3178 2874 3446 2931 malitiose
3486 2874 3743 2951 artiﬁcia.
3780 2854 3781 2899 Ῑ

2153 2980 2268 3027 sam
2292 2967 2334 3034 ί,
2362 2956 2763 3035 detestandam,
2794 2965 3170 3038 vitandumque
3208 2965 3495 3039 meruisti.
3536 2946 3742 3045 “milia
3780 3024 3781 3035 χ

2154 3058 2435 3129 permulsit
2464 3067 2540 3112 tot
2569 3058 2848 3129 episcopos
2877 3065 2999 3113 tuos
3018 3098 3034 3125 ,
3072 3065 3130 3110 ut
3159 3056 3212 3112 in
3240 3056 3484 3127 plenario
3515 3058 3742 3131 concilio
3780 3056 3781 3129 ξ

2155 3163 2253 3217 suo
2296 3148 2463 3204 nollet
2503 3164 2657 3205 suam
2702 3149 2929 3221 quisque
2972 3146 3212 3220 proferre
3251 3149 3612 3219 sententiam,
3650 3147 3745 3221 sed

2155 3256 2315 3303 unam
2345 3256 2464 3312 qutc
2491 3241 2559 3296 ab
2589 3255 2696 3296 uno
2733 3240 2839 3299 dici
2876 3239 3127 3301 disertius
3166 3240 3514 3315 ornatiusque
3546 3241 3742 3327 potuit,

2155 3350 2276 3401 eam
2322 3333 2499 3391 cuncti
2541 3332 2782 3403 iacerent
2823 3348 2996 3391 suam.
3029 3332 3212 3393 Liceat
3243 3333 3404 3411 igitur
3443 3318 3602 3409 nobis
3629 3318 3747 3407 sine

2156 3426 2353 3495 invidia
2383 3442 2489 3485 non
2521 3441 2898 3499 usquequaque
2929 3426 3168 3497 impolita
3193 3436 3381 3499 contra
3404 3442 3622 3497 errares
3649 3428 3748 3499 bo-

2156 3518 2360 3589 minum
2386 3517 2688 3590 disputare,
2720 3517 2767 3572 si
2794 3516 2941 3587 licuit
2968 3524 3046 3583 tot
3073 3530 3137 3589 ac
3162 3516 3320 3585 tantis
3348 3518 3619 3591 episcopis
3648 3534 3745 3585 ve-

2154 3608 2284 3675 stris
2328 3608 2475 3679 ipsos
2503 3607 2746 3665 homines
2773 3615 2883 3667 tam
2911 3606 3110 3675 diserte
3137 3616 3427 3685 ornateque
3463 3592 3740 3685 damnare.

2228 3699 2451 3757 CAPUT
2490 3699 2576 3756 lll.
2611 3730 2684 3741 —
2721 3701 2774 3756 5.
2807 3699 2942 3756 Illud
2985 3700 3145 3775 etiam
3188 3702 3333 3774 (πυρά
3371 3703 3613 3775 studium
3651 3721 3742 3779 pre
3780 3710 3781 3779 Ῐ

2156 3792 2379 3857 veritate
2420 3791 2695 3859 certandi,
2736 3792 2860 3863 quia
2896 3806 3041 3864 sape
3083 3792 3352 3859 γοιηίωυε
3392 3808 3516 3865 cum
3553 3776 3741 3865 νώ
3773 3776 3782 3813 λ

2156 3881 2441 3952 conferre,
2484 3891 2542 3939 ut
2568 3897 2755 3940 errore
2792 3882 3037 3953 sublato,
3065 3884 3297 3951 fraterna
3333 3886 3566 3957 charitas
3603 3890 3742 3960 pacis
3780 3896 3781 3960 ξ

2156 3974 2369 4031 vinculo
2398 3982 2702 4031 necteretur
2728 3975 2772 4043 ’,
2801 3976 3158 4043 contentionis
3196 3984 3251 4043 et
3286 3934 3638 4045 animositati;
3665 3934 3743 4051 vi:

2159 4067 2296 4123 tioso
2322 4066 2538 4123 nomine
2563 4065 2913 4138 reprehendis
2938 4085 2953 4123 :
2975 4082 3154 4133 nonne
3180 4068 3391 4141 melius,
3417 4070 3645 4143 elisech
3669 4081 3739 4141 te,

2159 4175 2318 4217 causa
2347 4159 2588 4217 veritatis
2614 4168 2669 4216 et
2697 4160 2914 4215 unitatis
2954 4161 3190 4233 pacificis
3217 4162 3396 4233 verbis
3423 4172 3478 4221 et
3507 4168 3741 4238 pacatio-

2156 4253 2303 4313 ribus
2332 4253 2466 4310 locis
2493 4254 2632 4310 inter
2657 4254 2935 4326 episcopos
2960 4263 3226 4327 ageretur,
3258 4271 3416 4328 quam
3449 4258 3503 4329 in
3532 4257 3654 4327 Iuro
3677 4260 3736 4331 ab

2157 4349 2423 4420 episcopis
2462 4363 2557 4418 per
2595 4347 2882 4405 advocatos
2921 4348 3254 4420 litigaretur?
3279 4350 3419 4422 quod
3448 4366 3482 4409 a
3507 4354 3735 4423 partibus

2156 4439 2411 4503 Primiani
2439 4438 2876 4510 Carthaginensis
2903 4439 3138 4512 episcopi
3165 4442 3327 4501 vestri
3353 4440 3614 4511 adversus
3638 4443 3735 4511 ita-

2156 4532 2485 4601 ximianum,
2518 4541 2572 4588 et
2610 4533 2867 4590 adversus
2911 4548 3006 4591 eos
3046 4534 3137 4606 qui
3180 4550 3303 4603 cum
3346 4506 3436 4601 illo
3460 4506 3736 4610 itast-ticum

2154 4624 2384 4680 concilio
2426 4596 2662 4679 damnati
2698 4633 2825 4681 sunt
2861 4625 2999 4695 apud
3040 4596 3277 4697 legatum
3685 4639 3735 4695 et

2154 4717 2295 4788 apud
2338 4726 2567 4788 quatuor
2616 4717 2698 4775 vel
2740 4680 2972 4789 amplius
3012 4680 3735 4791 praeputium;

2153 4808 2313 4865 Certe
2341 4809 2394 4864 in
2424 4808 2710 4865 collatione
2737 4808 3112 4881 disputationis
3152 4810 3255 4868 hoc
3294 4813 3589 4883 cavendum
3631 4824 3726 4881 est,

2156 4917 2222 4961 ne
2248 4911 2629 4975 prorumpatur
2657 4903 2709 4959 in
2737 4903 2909 4973 litem,
2932 4913 2987 4971 ct
3013 4906 3190 4967 caveri
3218 4921 3252 4967 α
3274 4906 3531 4983 modestis
3555 4924 3619 4967 ac
3640 4910 3727 4965 mi-

2157 4994 2297 5055 tibus
2324 5004 2379 5052 et
2403 5004 2600 5067 potest,
2625 5005 2681 5052 et
2703 4996 2843 5063 solet
2866 5016 2879 5052 :
2906 5012 3025 5057 cum
3051 5012 3179 5054 vero
3201 4997 3469 5067 advocatis
3492 5001 3725 5072 utrinque

2156 5089 2477 5146 luctantibus
2508 5090 2559 5144 in
2593 5090 2706 5146 foro
2734 5091 3096 5147 controversia
3126 5093 3377 5158 vertitur,
3406 5092 3514 5163 jam
3555 5095 3723 5165 procul

2154 5185 2316 5242 dubio
2344 5185 2597 5257 litigatur.
2630 5184 2814 5255 Neque
2847 5184 2951 5241 hoc
2989 5184 3040 5241 in
3079 5187 3269 5241 vestris
3299 5186 3658 5256 reprehendo.
3683 5187 3723 5240 si
3780 5186 3781 5257 ἢ

2155 5280 2223 5336 ad
2256 5280 2357 5336 hoc
2394 5294 2498 5334 non
2531 5294 2713 5334 amore
2742 5279 2979 5353 litigandi
2999 5322 3013 5344 ,
3042 5279 3135 5349 sed
3161 5279 3470 5351 consulendi
3500 5279 3721 5343 necessi-

2157 5380 2265 5429 tate
2301 5371 2559 5442 compulsi
2589 5380 2714 5426 sunt
2751 5389 2764 5426 :
2800 5380 3164 5427 verumtamen
3203 5371 3464 5427 admoneo
3504 5381 3557 5427 te
3594 5371 3721 5427 bono

2221 5574 2238 5635 t
2265 5568 2454 5635 Aliquot
2474 5577 2600 5632 Mss,
2618 5574 2663 5621 et
2683 5581 2845 5635 grwco
2864 5568 3010 5627 etiam
3030 5567 3216 5620 nomine
3251 5567 3539 5622 malitiesam
3552 5576 3597 5622 et
3618 5577 3716 5621 ara-

2154 5632 2440 5808 :Eowes
2462 5701 2589 5757 Mss,
2613 5691 2876 5747 uetaretur.
2901 5694 2972 5745 Sic
2992 5695 3137 5746 etiam
3178 5695 3223 5745 in
3250 5695 3497 5759 Augustini
3533 5692 3719 5759 epistola
