3784 6132
0 242 135 325 sui

1392 250 1594 329 tinea
1630 236 1968 327 animus,

3232 260 3339 330 550

2 380 258 453 ingenio
288 377 568 452 praeditum
596 376 768 441 virum
786 416 802 447 ,
829 383 888 447 ut
923 373 1201 447 advertas,
1230 381 1284 441 ut
1313 373 1515 431 sentias
1535 414 1550 439 ,
1580 381 1639 431 ut
1746 370 2055 429 Nummasio
2078 371 2217 443 {cum
2251 374 2505 445 dixisset,
2536 376 2671 449 Lege
2701 379 2987 451 episcopale
3003 382 3258 453 judicium
3280 387 3334 453 ις

1 475 312 550 intelligas
352 490 448 531 eos
489 473 579 547 qui
625 470 893 531 forensem
936 470 1215 542 strepitum
1259 477 1315 527 et
1351 468 1636 541 iudiciaria

0 565 231 640 iurgia,
260 567 456 641 quibus
484 574 764 627 accusatos
790 565 1192 633 convincerent,
1221 570 1278 631 et
1302 563 1633 635 expellerent

0 675 168 733 quos
191 661 249 717 in
272 659 500 716 concilio
515 658 626 731 jam
649 657 1052 726 damnaverant,
1075 670 1183 723 non
1201 655 1630 724 declinaverunt,

3 752 122 808 sed
157 759 517 823 susceperunt
544 758 598 819 et
624 757 1012 818 exercuerunt,
1044 747 1215 817 multo
1242 748 1521 807 nobiscum
1553 747 1633 804 l'a-

5 845 192 902 cilius
218 844 442 918 pacitice
467 843 709 911 conferre
739 843 976 916 potuisse
994 883 1010 912 ,
1038 843 1143 905 nisi
1168 842 1393 903 mallent
1418 857 1637 903 causam

8 938 237 997 malam
296 937 575 1010 cooperire
627 935 972 1001 excusatione
991 978 1010 1006 ,
1064 951 1225 1010 quam
1275 934 1638 1008 disputatione

8 1029 213 1088 linire.

88 1123 340 1183 CAPUT
373 1123 463 1182 IV.
489 1155 562 1166 —
587 1126 642 1191 4.
674 1124 792 1187 Jam
816 1139 945 1184 vero
972 1125 1115 1198 quod
1139 1134 1426 1198 antequam
1451 1124 1639 1185 venias

10 1214 87 1270 ad
112 1230 437 1274 sermonem
456 1232 636 1283 meum
660 1232 769 1291 (ilio
787 1217 1112 1290 reprehendi
1130 1217 1473 1287 Petilianum,
1499 1233 1530 1275 a
1549 1232 1639 1275 me

10 1306 254 1365 interim
291 1308 487 1380 qumris
513 1323 544 1367 a
570 1323 679 1380 quo
714 1316 771 1377 te
809 1309 1069 1380 baptizari
1107 1310 1425 1379 conveniat,
1456 1318 1637 1367 utrum

10 1399 89 1455 ab
120 1416 198 1457 eo
227 1401 407 1473 potius
445 1417 605 1473 quem
639 1412 695 1461 et
726 1417 827 1475 ego
854 1402 1185 1476 Baptismum
1211 1404 1410 1462 habere
1437 1404 1637 1463 contir-

13 1508 118 1549 mo
141 1536 158 1560 ,
194 1508 266 1550 an
297 1494 365 1555 ab
388 1510 454 1555 eo
479 1511 639 1568 quem
670 1505 792 1561 tutis
819 1496 924 1559 hoc
950 1513 1062 1565 non
1096 1497 1298 1558 habere
1321 1497 1634 1555 contendit:

16 1585 150 1643 haec
176 1588 345 1653 etiam
362 1591 586 1659 qumstio
607 1605 704 1665 per
722 1589 1025 1657 Maximiani
1048 1605 1265 1650 causam
1286 1591 1358 1648 de
1380 1607 1515 1648 vana
1536 1592 1640 1647 im—

14 1678 336 1749 peritorum
374 1679 695 1752 loquacitate
732 1681 941 1746 sublata
979 1690 1062 1745 est
1081 1725 1097 1751 ,
1128 1691 1384 1754 quantum
1422 1683 1638 1756 quidem

15 1768 93 1825 ad
127 1786 235 1829 vos
259 1771 483 1843 attinet;
510 1788 633 1835 nam
661 1773 804 1845 apud
827 1773 976 1845 ipsos
994 1774 1440 1837 Maximianenses
1463 1776 1641 1833 adhuc

17 1871 245 1920 manet.
286 1863 462 1925 Vestri
501 1865 681 1934 enim,
733 1864 987 1929 damnato
1038 1875 1258 1941 propter
1301 1869 1638 1940 sacrilegium

18 1956 349 2017 scliismatis
371 1957 709 2027 Maximiano,
735 1976 895 2033 quem
920 1960 1205 2019 diaconum
1227 1977 1386 2019 suum
1410 1962 1640 2019 Primia-

20 2064 134 2103 nus
168 2048 552 2118 damnaverat,
584 2058 640 2108 et
669 2067 763 2122 per
788 2067 949 2123 quem
986 2054 1415 2126 conSpirantibus
1443 2054 1640 2115 adver-

23 2154 158 2196 sum
196 2154 260 2196 se
289 2141 530 2213 plurimis
559 2142 779 2215 collegis
815 2143 1099 2205 damnatus
1134 2145 1341 2213 fuerat,
1385 2147 1642 2204 continuo

21 2249 162 2290 cum
193 2249 266 2292 eo
290 2234 571 2295 duodecim
594 2235 932 2299 ordinatores
956 2238 1200 2310 ejusdem
1218 2240 1523 2299 Maximiani
1545 2255 1639 2299 ea-

22 2324 164 2382 dem
206 2328 474 2387 sententia
510 2327 918 2389 domaverunt.
946 2331 1030 2388 Ex
1057 2331 1254 2404 quibus
1281 2332 1450 2404 duos,
1491 2333 1640 2390 Prte-

26 2427 308 2479 textatum
335 2421 709 2485 Assuritanum
734 2433 792 2481 et
811 2423 1172 2492 Felicianum,
1201 2443 1326 2485 cum
1349 2442 1446 2485 eos
1472 2428 1528 2483 in
1549 2426 1642 2500 ju-

24 2511 187 2568 dicio
208 2514 576 2584 proconsulari
592 2526 958 2585 accusassent,
975 2533 1097 2575 eum
1116 2520 1394 2592 Bsgaiensi
1412 2522 1643 2579 concilio

26 2605 328 2665 damnatos
355 2608 576 2680 alleuata
607 2626 705 2682 per
727 2611 1015 2680 advocatos
1041 2612 1231 2671 eadem
1259 2616 1522 2673 sententia
1548 2616 1645 2673 de-

29 2708 473 2772 monstrassent,
500 2717 621 2760 eum
641 2703 867 2775 iubente
892 2708 1211 2777 proconsule
1235 2708 1369 2767 locis
1394 2724 1529 2780 quos
1556 2716 1642 2765 te.

30 2795 270 2860 nabant,
302 2794 508 2866 pellere
530 2797 731 2866 conati,
760 2797 984 2859 minime
1007 2799 1331 2870 valuissent;
1361 2802 1440 2858 sic
1460 2811 1644 2874 postea

30 2895 438 2959 susceperunt,
465 2897 525 2947 ut
548 2904 674 2947 cum
697 2890 779 2946 eis
805 2890 862 2946 in
886 2890 1180 2951 honoribus
1210 2909 1397 2951 eorum
1424 2894 1645 2965 integris

33 2980 538 3051 communicarent,
567 2993 623 3039 et
648 2981 813 3039 simul
849 2983 904 3039 in
940 2999 1128 3055 pacem
1165 2986 1398 3043 redactis
1434 2985 1646 3059 populis

33 3087 238 3128 eorum
258 3114 272 3139 ,
300 3086 367 3129 ex
393 3071 478 3128 bis
501 3088 638 3146 quos
667 3074 724 3131 in
747 3074 1037 3133 schismate
1073 3076 1498 3149 baptizsverant,
1526 3079 1649 3134 nul-

34 3166 159 3223 lum
186 3164 593 3236 rebaptisarent.

114 3261 174 3318 5.
218 3259 409 3317 Exstat
442 3260 718 3318 decretum
746 3262 1053 3336 Bagaiensis
1076 3265 1289 3322 concilii
1309 3307 1324 3334 ,
1357 3265 1644 3337 allegatum

38 3353 191 3426 apud
219 3353 615 3425 proconsulem,
639 3354 899 3413 advocato
924 3367 1285 3429 prosequente
1310 3359 1642 3428 Nummasio,

38 3462 173 3504 enm
208 3456 393 3519 ageret
435 3456 496 3504 ut
535 3447 791 3506 Primiani
833 3451 1196 3510 communioni
1236 3453 1646 3510 Membresitana

39 3541 283 3598 ecclesia
311 3539 609 3597 traderetur
631 3542 861 3612 expulso
883 3543 1094 3611 Salvio,
1140 3545 1231 3616 qui
1269 3559 1388 3602 eam
1430 3546 1648 3602 tenebat

37 3632 378 3705 antiquitus,
406 3632 499 3691 ubi
534 3634 898 3706 episc0patum
939 3648 1208 3693 meruerat
1243 3639 1299 3693 in
1342 3648 1493 3710 parte
1537 3639 1644 3695 Do-

41 3727 180 3784 nati.
223 3726 333 3784 Sed
377 3726 661 3798 peliendus
700 3738 983 3800 propterea
1024 3730 1335 3801 petebatur,
1372 3733 1493 3803 quia
1521 3747 1644 3789 eum

39 3819 362 3876 damnuum
386 3819 662 3891 Bagaiensi
683 3821 912 3879 concilio
930 3822 1186 3879 recitabat
1205 3824 1344 3881 inter
1361 3824 1643 3881 duodecim

40 3910 353 3967 Maximiani
380 3911 735 3980 ordinatores,
767 3928 901 3985 quos
930 3914 1070 3971 idem
1098 3915 1439 3973 Nummasius
1467 3918 1521 3973 in
1546 3935 1645 3975 nu-

40 4018 203 4060 rnero
228 4018 416 4060 errans
443 4003 694 4061 undecim
717 4003 868 4061 dicit.
901 4004 1052 4063 Hanc
1078 4005 1372 4064 Nummasii
1403 4009 1642 4082 postula-

39 4097 253 4153 tionem
292 4098 536 4155 recitavit
563 4109 749 4171 postea
778 4098 1049 4168 Titianus,
1088 4117 1345 4174 expresse
1382 4118 1447 4160 se
1470 4105 1650 4161 nomi-

40 4190 217 4247 natim
275 4206 440 4265 agens
482 4194 633 4264 apud
690 4194 939 4255 eumdem
976 4198 1351 4266 proconsulem
1390 4198 1646 4255 adversus

43 4283 434 4341 Prmtextatnm
454 4294 507 4342 et
527 4285 853 4343 Feiicianum
882 4306 894 4341 :
924 4288 1076 4359 cuius
1101 4288 1343 4345 advocati
1365 4291 1524 4347 verba
1544 4292 1645 4348 ista

44 4377 194 4431 sun‘t.
229 4375 337 4432 Sed
363 4377 487 4444 suis,
520 4377 712 4450 inquit,
741 4380 980 4435 institutis
1008 4381 1247 4451 iniquitas
1275 4382 1573 4453 delectatur,
1599 4395 1647 4441 et

45 4470 378 4541 semetipsum
408 4487 509 4525 non
533 4471 748 4541 deserit,
778 4489 895 4527 cum
916 4474 1069 4528 semel
1094 4475 1412 4547 praecipitata
1443 4492 1646 4532 corruco

45 4563 135 4617 rit.
165 4560 317 4617 Idem
342 4579 557 4634 namque
577 4563 922 4621 Maximianus
943 4575 1157 4638 coeptam
1174 4567 1333 4622 nutrit
1350 4568 1642 4639 audaciam,

46 4665 95 4710 et
119 4656 253 4711 alios
280 4656 475 4713 sibimet
501 4658 755 4713 consociat
782 4658 850 4713 ad
877 4659 1119 4730 furorem.
1156 4658 1301 4716 Inter
1335 4677 1460 4733 quos
1495 4663 1646 4719 etiam

47 4748 348 4805 Felicianus
374 4752 579 4823 quidam
598 4795 612 4820 ,
652 4754 740 4825 qui
777 4754 940 4826 primo
967 4764 1102 4811 recta
1129 4764 1374 4823 sectatus,
1401 4756 1649 4830 deprava-

48 4844 205 4899 lionis
232 4844 385 4915 hujus
408 4846 792 4903 atlaminatione
810 4847 1054 4918 fuscatur,
1078 4849 1131 4903 in
1154 4849 1434 4904 Mnstitana
1453 4850 1647 4922 positus

51 4935 272 5001 ciuitate,
294 4933 405 4992 Deo
428 4938 759 5010 omnipotenti
787 4940 1002 5011 parietes
1025 4950 1359 5010 consecratos,
1386 4943 1648 4999 ecclesiam

50 5030 391 5086 venerandam
428 5032 576 5105 quasi
614 5032 835 5105 quadam
863 5033 1145 5091 obsessione
1173 5034 1386 5091 credidit
1422 5037 1647 5092 retinen-

55 5122 191 5179 dum.
228 5122 385 5178 Hunc
414 5122 755 5181 Prtetcxtatus
792 5126 945 5181 etiam
982 5125 1037 5181 in
1076 5126 1391 5184 Assuritanis
1416 5129 1649 5201 partibus

53 5214 296 5273 imitatur.
332 5215 439 5275 Sed
473 5233 588 5271 cum
630 5218 882 5290 (equitetis
923 5229 1024 5275 tua:
1058 5219 1387 5278 innotesceret
1413 5223 1647 5293 potestati

57 5313 360 5367 consortium
386 5313 735 5384 sacerdotum,
752 5317 977 5388 jussisti,
1009 5326 1067 5372 ut
1089 5326 1231 5391 gesta
1262 5326 1529 5387 testantur,
1558 5337 1650 5375 es:-

51 5404 196 5474 ploso
234 5407 374 5461 omni
410 5407 824 5465 contradictionis
852 5406 1030 5477 effectu
1050 5452 1065 5479 ,
1095 5412 1447 5468 sacratissimis
1477 5429 1651 5469 sacer-

51 5497 249 5553 dotibus
278 5515 310 5553 a
338 5500 569 5571 profanis
604 5500 852 5556 mentibus
893 5501 1135 5577 ecclesias
1168 5505 1447 5562 vindicatus
1488 5524 1645 5579 apor-

52 5600 155 5648 tere
188 5591 408 5648 restitui.
441 5592 647 5651 Deinde
686 5594 845 5665 paulo
879 5603 1033 5665 post,
1083 5606 1141 5651 ut
1177 5596 1319 5654 idem
1358 5598 1647 5655 advocatus

51 5686 299 5742 ostendat
321 5687 446 5759 quid
470 5687 675 5759 jnssum
698 5689 787 5755 sit,
809 5689 999 5745 recitat
1019 5689 1311 5748 Nummasii
1337 5694 1648 5764 postulatio-

52 5792 172 5836 nem
218 5796 376 5853 quam
420 5796 580 5853 supra
624 5783 1037 5839 commemoravi
1069 5802 1081 5839 :
1113 5785 1165 5840 in
1210 5801 1315 5856 qua
1360 5788 1644 5856 proconsui

1744 462 1874 525 illud
1921 464 2209 537 Bagaiense
2256 468 2537 525 recitatum
2582 478 2694 540 est,
2740 471 2795 528 in
2838 488 2945 543 quo
2984 474 3337 535 Maximianus

1742 556 2029 619 damnatur
2057 560 2141 617 his
2168 561 2345 619 verbis
2373 580 2386 617 :
2417 562 2790 621 Maximianum
2816 567 2938 636 ﬁdei
2965 570 3224 639 tantulum,
3250 587 3337 627 ve-

1740 649 1905 705 ritatis
1933 650 2221 708 adulterum
2239 692 2256 719 ,
2298 652 2543 712 Ecclesiae
2578 658 2755 713 matris
2794 659 3082 728 inimicum,
3129 661 3333 734 Datlue,

1742 738 1925 806 Chore,
1956 751 2006 797 et
2032 742 2221 799 Abiron
2249 744 2568 813 ministrum,
2599 748 2664 802 de
2690 749 2829 818 pacis
2858 752 3048 822 gremio
3078 756 3339 811 sententia

1741 832 1935 905 fulmen
1961 835 2179 892 excussit
2197 852 2216 891 :
2239 846 2286 893 et
2309 837 2446 910 quod
2468 838 2636 895 adhuc
2659 842 2888 899 eumdem
2913 843 3175 903 dehiscens
3204 854 3339 902 terra

1740 942 1845 985 non
1872 929 2066 984 sorbuit
2096 929 2285 1003 (Num.
2324 931 2449 1006 xvr)
2469 974 2486 1001 ,
2513 934 2581 990 ad
2609 935 2778 1006 majus
2808 936 3114 1008 supplicium
3136 941 3337 1012 superis

1740 1022 2027 1078 reservavit.
2061 1023 2261 1097 Raptus
2288 1025 2422 1081 enim
2446 1042 2648 1097 poenam
2670 1044 2815 1084 suam
2842 1031 3139 1103 compendio
3166 1032 3338 1089 lucra-

1740 1123 1880 1173 uerat
1898 1115 2128 1186 funeris;
2153 1133 2334 1179 usuras
2352 1134 2486 1175 nunc
2504 1121 2757 1190 grauiores
2778 1123 2969 1196 colligit
2988 1125 3198 1197 fenoris,
3220 1142 3336 1181 cum

1741 1215 1970 1267 mortuus
2006 1208 2213 1268 interest
2248 1210 2389 1267 uiuis.
2421 1210 2625 1267 Deinde
2653 1213 2705 1268 in
2732 1213 2854 1270 illos
2878 1214 3161 1273 duodecim
3193 1219 3335 1275 ordi-

1741 1309 1958 1359 natores
1984 1300 2103 1372 ejus
2140 1302 2214 1358 ita
2258 1302 2525 1373 profertur
2556 1304 2844 1377 Bagaitana
2882 1311 3147 1367 sententia
3178 1329 3193 1366 :
3227 1311 3337 1368 Nec

1741 1390 1908 1447 solum
1931 1391 2067 1448 hunc
2085 1435 2100 1462 ,
2133 1393 2413 1465 inquiunt,
2438 1394 2640 1453 scelais
2663 1398 2745 1454 sui
2770 1415 2905 1455 mors
2924 1401 3074 1473 justo
3095 1404 3337 1460 condem-

1742 1491 1865 1551 nat;
1888 1485 2044 1541 trahit
2061 1486 2213 1543 etiam
2230 1487 2301 1542 ad
2318 1489 2627 1545 consortium
2648 1491 2872 1547 criminis
2891 1493 3138 1565 plurimos
3161 1508 3338 1552 catena

1740 1574 2028 1647 sacrilegii,
2056 1576 2121 1633 de
2142 1576 2322 1649 quibus
2344 1581 2593 1652 scriptum
2621 1590 2694 1637 cst
2712 1624 2729 1650 ,
2763 1600 2784 1637 ι
2821 1581 3080 1640 Venenum
3101 1588 3339 1659 aspidum

1740 1664 1832 1721 sub
1868 1666 2017 1724 labiis
2053 1684 2227 1724 eorum
2244 1688 2266 1737 ;
2289 1687 2505 1742 quorum
2532 1688 2588 1729 os
2613 1674 2967 1731 maledictione
3003 1687 3054 1733 et
3086 1683 3338 1736 amaritu-

1743 1761 1861 1819 dine
1887 1763 2093 1834 plenum
2116 1771 2226 1831 est,
2254 1765 2446 1822 veloces
2485 1766 2637 1838 pedes
2673 1784 2845 1824 eorum
2878 1769 2949 1824 ad
2975 1770 3340 1839 effundendum

1743 1857 2060 1928 sanguinem.
2093 1856 2461 1915 Contribulatio
2483 1870 2530 1915 et
2556 1862 2820 1918 calamitas
2844 1865 2899 1919 in
2923 1865 3017 1920 uiis
3052 1881 3227 1921 eorum
3248 1910 3262 1935 ,
3290 1877 3340 1924 ct

1742 1947 1879 2005 uiam
1918 1948 2057 2020 pacis
2097 1966 2203 2007 non
2243 1961 2619 2024 cognoverunt;
2646 1970 2749 2009 non
2786 1964 2858 2010 est
2897 1957 3049 2012 timor
3085 1957 3184 2014 Dei
3220 1969 3339 2016 ante

1742 2040 1917 2101 oculos
1945 2057 2121 2097 eorum
2150 2061 2170 2096 ι
2208 2041 2380 2116 (Psal.
2408 2060 2536 2111 xm,
2564 2045 2641 2116 ὅ).
2685 2044 2955 2107 Nollcmus
2983 2049 3186 2121 quidem
3221 2060 3335 2107 tan-

1742 2145 1898 2201 quam
1920 2148 1949 2187 e
1973 2134 2169 2204 proprii
2195 2135 2424 2205 corporis
2445 2136 2692 2207 junctum
2719 2140 2964 2210 praecidi;
2989 2141 3079 2196 sed
3102 2143 3341 2213 quoniam

1743 2222 2036 2281 tabescentis
2060 2225 2283 2282 vulneris
2311 2228 2523 2299 putredo
2551 2229 2790 2302 pestifera
2823 2232 2940 2302 plus
2976 2232 3124 2289 habet
3160 2235 3215 2290 in
3248 2235 3341 2289 ab-

1744 2317 1961 2374 scisionc
1981 2317 2267 2388 salaminis,
2293 2335 2448 2391 quam
2471 2321 2527 2377 in
2551 2322 2845 2378 remissione
2862 2325 3230 2396 medicaminis,
3255 2328 3342 2383 in-

1745 2418 1894 2467 uenta
1917 2419 1991 2467 est
2026 2429 2185 2469 causa
2212 2412 2468 2470 salubrior
2484 2457 2501 2485 ,
2528 2432 2593 2471 ne
2614 2433 2705 2488 per
2731 2426 2913 2473 cuncta
2935 2421 3160 2476 membra
3187 2423 3346 2494 pesti-

1746 2504 1856 2561 lens
1878 2506 2073 2578 irrepat
2098 2508 2255 2575 uirus,
2284 2517 2341 2563 ut
2364 2510 2723 2581 compendiosa
2746 2511 2924 2569 dolore
2944 2522 3119 2570 natum
3144 2515 3347 2572 decidat

1746 2599 1949 2655 uulnus.
1978 2598 2193 2656 Famost
2219 2617 2340 2673 ergo
2362 2602 2590 2658 criminis
2610 2620 2744 2673 reos,
2782 2605 3125 2662 Victorianus:
3151 2606 3345 2665 Carca-

1747 2689 2053 2758 bianeuscm,
2083 2691 2400 2751 Matianum
2429 2694 2790 2765 Sullectinum,
2821 2696 3068 2753 Beianum
3091 2697 3348 2756 Baianen-

1748 2801 1887 2853 sem,
1916 2783 2150 2841 Saleium
2172 2783 2554 2858 Ausaphensem
2572 2830 2587 2857 ,
2623 2787 2946 2845 Theodorum
2977 2791 3281 2850 Usulcnsem
3299 2797 3342 2863 ’,

1749 2878 2010 2963 Donatum
2050 2880 2408 2938 Sabratenscm
2427 2925 2443 2952 ,
2492 2882 2782 2956 Miggenem
2820 2883 3344 2957 Elephantaricnsem,

1750 2972 2123 3030 Prtetextatum
2156 2974 2515 3031 Assuritanum
2540 3019 2555 3045 ,
2603 2976 2837 3033 Salvium
2879 2978 3349 3049 Membrcsitanum,

1759 3064 2019 3122 Valerium
2039 3066 2393 3134 Melzitanum,
2419 3066 2740 3124 Felicianum
2762 3067 3118 3141 llustitanum,
3145 3080 3192 3127 et
3212 3071 3351 3128 Mar-

1752 3158 1924 3214 tialem
1950 3158 2306 3215 Pcrtuscnsem
2326 3200 2343 3224 ,
2372 3160 2460 3232 qui
2498 3162 2697 3232 funesto
2738 3177 2888 3231 opere
2930 3163 3231 3233 perditionis
3261 3180 3350 3221 vas

1751 3250 2016 3306 sordidum
2037 3251 2249 3306 collecta
2274 3251 2560 3321 fceculentia
2583 3252 2903 3323 glutinarunt
2917 3240 3049 3317 {sed
3072 3264 3119 3308 et
3137 3255 3347 3311 clericos

1752 3343 2025 3414 aliquando
2048 3342 2293 3398 Ecclesia:
2319 3343 2660 3414 Carthaginis,
2696 3345 2781 3413 qui
2807 3343 2928 3399 dum
2951 3345 3168 3414 facinori
3195 3346 3351 3401 inter-

1751 3445 1869 3493 sunt
1887 3480 1902 3506 ,
1928 3435 2107 3492 illicito
2131 3435 2343 3491 incestui
2371 3435 2674 3491 lenocinium
2703 3437 3058 3507 prwbucrunt;
3084 3437 3184 3493 Dei
3211 3456 3345 3509 pra:-

1751 3527 1962 3584 sidentis
1989 3526 2198 3581 arbitrio
2216 3567 2231 3592 ,
2287 3526 2583 3583 uniuersalis
2626 3527 2825 3582 concilii
2865 3543 2952 3583 ore
2990 3528 3206 3585 veridico
3243 3530 3345 3586 da-

1754 3629 1955 3675 mnatos
1984 3636 2091 3675 esse
2116 3620 2416 3692 cognoscite.
2448 3619 2577 3675 Post
2597 3620 2818 3676 istorum
2842 3620 3258 3691 damnationem,
3293 3625 3346 3681 in

1753 3712 1946 3785 quibus
1967 3712 2216 3784 leguntur
2234 3712 2587 3769 Prtetextatus
2606 3712 2950 3770 Assuritanns
2973 3722 3028 3771 et
3046 3714 3349 3775 Felicianus

1752 3804 2089 3872 Mustitanns,
2118 3818 2241 3861 cum
2264 3804 2478 3876 quibus,
2504 3812 2564 3860 ut
2588 3815 2712 3861 ante
2736 3804 2867 3873 dixi,
2896 3807 3230 3877 proconsulis
3254 3809 3350 3865 ad-

1753 3914 1943 3955 versus
1971 3913 2066 3955 eos
2094 3898 2374 3970 impetrata
2396 3898 2639 3969 jussione
2677 3897 3135 3956 concordaverunt
3154 3900 3208 3969 ³;
3239 3917 3347 3959 ca:-

1753 3991 1886 4048 teris
1919 3990 1975 4046 in
2002 3990 2194 4047 eodem
2219 3989 2523 4045 Maximiani
2548 3990 2835 4048 schismate
2864 3993 3199 4063 constitutis,
3228 3993 3348 4052 Pri-

1754 4085 1918 4141 miani
1947 4085 2107 4142 etiam
2148 4084 2580 4151 damnatoribus,
2625 4091 2827 4140 tantum
2870 4085 2995 4156 quia
3037 4102 3142 4143 non
3181 4087 3349 4145 inter-

1754 4175 1970 4232 fuerant
2003 4175 2311 4230 Maximiani
2349 4174 2703 4242 ordinationi,
2733 4174 3044 4232 dilationem
3086 4176 3350 4236 dederunt

1755 4269 1811 4323 in
1836 4268 2025 4325 eodem
2047 4267 2323 4339 Bagaiensi
2345 4265 2573 4322 concilio
2596 4273 2746 4323 certo
2774 4266 2878 4322 diei
2905 4268 3132 4325 termino
3157 4268 3350 4326 deﬁni-

1754 4371 1886 4430 tam,
1910 4376 2029 4433 qusc
2049 4360 2352 4416 continetur
2378 4359 2461 4415 his
2480 4359 2657 4416 verbis
2683 4377 2696 4413 :
2725 4358 2834 4416 Eos
2858 4370 3048 4429 autem,
3079 4362 3344 4434 inquiunt,

1752 4472 1882 4529 quos
1907 4453 2141 4525 sacrilegi
2180 4451 2352 4510 seaculi
2394 4468 2495 4507 non
2533 4453 2761 4525 polluere
2798 4453 3087 4524 plantaria,
3131 4457 3225 4510 hoc
3251 4465 3344 4525 est,

1753 4550 1842 4621 qui
1868 4566 1900 4603 a
1928 4547 2230 4603 Maximiani
2263 4547 2426 4618 capite
2453 4545 2686 4618 proprias
2714 4562 2895 4600 manus
2920 4546 3199 4602 uerecundo
3230 4548 3352 4618 ﬁdei

1758 4641 1954 4714 pudore
1997 4648 2345 4704 retraxerunt,
2377 4636 2446 4691 ad
2483 4645 2695 4692 matrem
2720 4636 3003 4694 Ecclesium
3031 4640 3194 4695 redire
3230 4656 3348 4711 per.

1757 4735 2007 4790 misimus.
2042 4732 2299 4801 Quantum
2338 4731 2469 4785 enim
2511 4731 2574 4786 de
2613 4747 2812 4786 reorum
2852 4742 3010 4787 morte
3048 4749 3347 4804 purgamur,

1757 4836 1897 4883 tanta
1918 4827 1980 4881 de
1999 4824 2336 4881 innocentium
2358 4824 2523 4879 reditu
2543 4824 2879 4895 gratulamur.
2907 4824 2981 4878 Ac
2999 4841 3061 4880 ne
3080 4836 3351 4898 angustum

1754 4918 2079 4977 redeuntibus
2109 4926 2305 4988 tempus
2339 4933 2478 4988 spent
2518 4915 2697 4970 salutis
2736 4924 2943 4971 arctam:
2980 4915 3079 4971 dici
3118 4934 3351 4987 pressura

1756 5014 2020 5082 subducat,
2051 5013 2435 5084 agnoscentibus
2458 5012 2634 5083 quibus
2665 5012 2796 5078 licet,
2830 5013 3145 5070 manentibus
3169 5013 3191 5048 "
3220 5032 3331 5088 pro:

1756 5109 2044 5165 cedentibus
2088 5107 2321 5172 statutis,
2366 5105 2609 5160 universis
2650 5122 2810 5177 usque
2848 5107 2916 5161 ad
2951 5107 3083 5163 diem
3122 5118 3351 5173 actarum

1759 5204 2087 5260 colendarum
2102 5199 2334 5273 januarii
2360 5200 2586 5270 proxime
2612 5201 2901 5270 futurarum
2925 5201 3198 5273 agnitionis
3223 5221 3352 5273 pan-

1761 5299 1927 5353 dimus
1958 5297 2208 5369 januam,
2241 5303 2296 5348 ut
2324 5293 2504 5365 integri
2540 5292 2748 5348 honoris
2776 5309 2837 5346 ac
2863 5294 2986 5365 ﬁdei
3014 5296 3227 5367 regressi
3255 5298 3349 5350 Iza-

1823 5415 1841 5445 ί
1867 5411 2060 5477 Aliquot
2077 5416 2206 5477 M_ss.,
2245 5406 2298 5477 in
2320 5404 2712 5477 quq_proconsuli
2743 5420 2776 5457 a
2797 5406 3087 5473 Nummasio,
3112 5423 3219 5460 cum
3242 5422 3351 5459 erc-

1757 5477 1903 5542 gisset
1926 5468 2020 5539 légi
2040 5468 2581 5542 episcppatejudicium.

1822 5532 1997 5605 tussi,
2021 5532 2354 5605 Musulcnsem.
2510 5595 2521 5605 ‘
2818 5595 2829 5605 _
2947 5600 2957 5605 _
3026 5601 3034 5605 _
3129 5593 3140 5604 .
3229 5592 3238 5601 .

1823 5604 1845 5635 ³
1867 5602 2004 5659 Ediii,
2048 5594 2411 5663 proconsularcs
2454 5595 2687 5647 adversus
2708 5609 2786 5648 cos
2811 5595 3083 5659 impetrata:
3110 5594 3350 5657 jussis-nes

1759 5664 2185 5730 εοηεοῖμβυίξηιητυ
2608 5721 2619 5730 .
2705 5727 2712 5730 _
2770 5719 2781 5730 .

1822 5728 1844 5759 ἰ
1868 5718 2004 5781 Fxliti,
2041 5721 2177 5786 longe
2216 5718 2529 5793 manentibus.
2573 5719 2919 5832 Abest,.lonaqc,
2939 5732 2966 5769 a
2992 5719 3346 5794 manuscriptis,

1822 5806 1857 5832 »η
1883 5798 1925 5832 (ιι
1954 5788 2016 5832 ab
2039 5786 2155 5832 iusis
2179 5783 2326 5832 editis
2346 5783 2518 5832 aberat
2538 5796 2701 5832 supra.
2723 5781 2806 5832 itb.
2864 5817 2877 5832 .
2899 5796 2948 5832 ιι.
2969 5781 3048 5831 (ιο.

1760 5795 1857 5844 imo
1883 5798 1929 5842 ct
1954 5788 2016 5837 ab
2039 5781 2155 5849 ipsis
2179 5783 2326 5834 editis
2346 5783 2518 5833 aberat
2538 5796 2701 5846 supra,
2723 5781 2806 5833 lib.
2829 5781 2877 5844 3,
2899 5796 2948 5833 ιι.
2969 5781 3048 5831 υο.
