3784 6162
1202 268 1470 327 CONTRA
1511 260 1938 324 cnescoruun
1979 262 2437 337 DONATISTAM,
2474 267 2536 326 s.
2575 267 2944 328 AUGUSTth
3637 260 3775 336 55,}

2136 378 2305 436 etesia:
2329 396 2443 450 qua
2465 390 2583 437 ante
2619 398 2721 437 non
2749 382 2936 452 fuerat,
2983 380 3076 439 sed
3115 400 3150 438 a
3189 383 3392 443 Christo
3429 388 3674 446 deducta
3701 403 3747 446 et

441 272 536 332 55l

441 389 586 443 beant
610 386 940 457 fundamenta
965 399 984 438 :
1005 399 1154 453 quam
1177 384 1222 434 si
1244 382 1509 451 quisquam
1533 380 1732 450 ingredi
1757 377 2027 448 nequiverit

441 481 586 550 pigra
625 477 837 548 segnitia
857 517 870 539 ,
913 474 1038 529 sciat
1067 473 1160 527 sibi
1187 472 1256 526 ad
1285 489 1454 527 omnes
1497 471 1714 526 veniales
1743 469 1909 523 aditus
1935 485 2029 524 sua

441 572 692 624 roluntate
723 570 850 622 riam
879 584 986 622 esse
1009 566 1324 621 subductam.
1362 564 1584 620 Manebit
1612 564 1742 616 enim
1783 562 1916 615 circa
1944 578 2028 617 eos

440 665 572 716 dicta
601 662 879 723 sententia,
911 669 956 713 et
997 668 1108 731 post
1151 657 1492 729 praestitutum
1534 656 1666 711 diem
1708 655 2026 711 redeuntibus

439 757 544 825 fixa
580 752 889 824 pwnilentia.

509 843 734 899 (ZAPUI‘
775 843 912 896 V.—
938 842 992 898 6.
1036 841 1111 896 Ex
1162 840 1244 897 his
1290 840 1449 912 igitur
1489 839 1741 894 omnibus
1769 837 2019 909 quoniam

437 936 660 993 rediisse
697 936 903 1006 aliquos
943 933 1011 989 ad
1053 934 1484 988 communionem
1512 941 1743 986 vestram
1791 945 1890 986 nec
1929 945 2024 986 vos

437 1029 660 1099 negatis,
691 1037 746 1082 et
772 1027 823 1080 in
857 1035 962 1080 tam
1006 1024 1205 1080 recenti
1237 1026 1514 1090 memoria,
1543 1023 1717 1079 adhuc
1761 1023 1921 1078 etiam
1945 1023 2027 1077 vi-

437 1121 682 1176 ventibus
707 1117 1012 1174 hominibus
1039 1117 1106 1172 de
1125 1117 1316 1187 quibus
1336 1116 1509 1186 agitur
1527 1117 1567 1178 ί.
1596 1115 1949 1170 celeberrima
1972 1124 2028 1171 et

437 1214 577 1268 clara
623 1211 808 1266 notitia
838 1218 941 1272 est,
979 1225 1099 1264 cum
1149 1216 1203 1262 ct
1247 1207 1317 1262 illi
1347 1206 1538 1278 quibus
1575 1207 1758 1260 dilatio
1783 1206 1904 1261 data
1945 1217 2028 1261 est

438 1301 890 1378 (quandoquidem
915 1301 1054 1355 sicut
1078 1299 1239 1355 verba
1269 1298 1482 1354 concilii
1521 1297 1760 1366 ejusdem
1790 1298 1920 1353 satis
1946 1297 2027 1351 in-

437 1398 637 1463 dicant,
677 1411 770 1452 eos
799 1395 862 1449 ad
906 1403 1128 1448 matrem
1169 1392 1460 1448 Ecclesiam
1493 1393 1668 1448 redire
1696 1393 1937 1458 invitant,
1972 1401 2027 1448 et

438 1505 622 1543 eorum
655 1499 904 1557 tanquam
933 1485 1000 1538 de
1042 1484 1402 1539 innocentium
1447 1483 1619 1539 reditu
1647 1484 2022 1556 gratulantur),

439 1591 490 1633 ct
517 1580 586 1633 illi
617 1593 752 1649 quos
777 1593 898 1633 cum
922 1576 1238 1631 Maximiano
1263 1575 1410 1630 nulla
1433 1575 1743 1646 interposita
1768 1577 2025 1632 dilatione

439 1671 841 1734 dmutaveruut,
871 1679 1018 1723 extra
1058 1675 1289 1722 vestram
1313 1667 1609 1722 Ecclesiam
1643 1677 1754 1721 toto
1777 1669 1866 1722 illo
1893 1678 2028 1724 tem-

445 1777 571 1830 pore
622 1759 1005 1830 baptizavcrint
1037 1776 1050 1812 :
1083 1759 1196 1813 sive
1243 1773 1412 1827 usque
1454 1758 1518 1810 ad
1568 1757 1710 1813 diem
1757 1759 2025 1814 dilationis

437 1854 648 1924 quando
685 1869 802 1909 cum
848 1852 1166 1908 Maximiano
1207 1851 1692 1919 communicabant,
1734 1861 1788 1906 et
1817 1852 1868 1906 in
1909 1853 2023 1923 ejus

437 1958 590 2004 erant
635 1946 924 2003 schismate
964 1944 1258 2010 constituti,
1299 1943 1412 1998 sive
1450 1946 1608 1998 etiam
1649 1954 1917 2000 transacto
1944 1945 2026 2002 di-

439 2040 648 2095 lationis
688 2039 794 2104 die,
843 2037 1055 2108 quando
1098 2037 1337 2091 Titianus
1383 2035 1670 2090 advocatus
1713 2039 2023 2093 nominatim

440 2133 812 2187 Prwtestatutn
843 2138 897 2182 ct
924 2129 1247 2184 Feliciaunm
1280 2128 1404 2198 pelli
1432 2128 1499 2182 de
1521 2127 1754 2183 basilicis
1783 2129 2023 2199 postula-

439 2225 544 2288 bat,
580 2239 700 2277 cum
726 2221 918 2293 quibus
945 2222 996 2275 in
1029 2221 1232 2276 honore
1265 2221 1473 2290 integro
1512 2219 1814 2275 Primianus
1842 2229 2025 2288 postea

437 2313 780 2371 concordavit
810 2313 1116 2384 :quomodo
1155 2311 1364 2366 audetis
1383 2311 1494 2380 jam
1521 2311 1701 2366 dicere
1728 2327 1888 2364 unutn
1921 2310 2024 2365 Ba-

439 2408 652 2479 plisma,
686 2406 786 2462 nisi
814 2407 865 2461 in
895 2421 996 2461 una
1027 2403 1268 2460 Ecclesia
1310 2402 1422 2458 dari
1453 2417 1557 2457 non
1589 2417 1780 2472 posse;
1813 2417 1934 2458 cum
1957 2402 2026 2457 ab

439 2501 556 2557 istis
593 2500 773 2554 datum
821 2499 870 2553 in
913 2497 1172 2567 sacrilego
1215 2495 1505 2550 schismate
1544 2494 1870 2564 Baptismum
1909 2495 2027 2551 sine

440 2591 546 2646 ulla
590 2589 951 2645 controversia
995 2586 1372 2658 cognoveritis,
1417 2586 1781 2656 susceperitis,
1821 2586 2025 2641 rescin-

435 2682 566 2740 dere
595 2697 701 2738 non
742 2681 856 2737 ausi
896 2679 1137 2735 fueritis?
1181 2679 1288 2734 Nec
1318 2681 1532 2735 tamen’
1561 2679 1780 2750 potestis
1820 2679 2023 2749 dicere,

437 2773 571 2830 nihil
600 2789 696 2830 vos
733 2772 1046 2843 praestitisse
1092 2771 1216 2837 illis,
1258 2786 1392 2840 quos
1435 2770 1486 2824 in
1525 2769 1711 2825 eodem
1756 2770 2026 2841 Baptismo

437 2863 770 2934 suscepistis.
803 2863 860 2918 Si
904 2877 1033 2933 ergo
1059 2876 1292 2932 qmcram
1321 2860 1446 2931 quid
1481 2861 1861 2930 prccstiteritis;
1897 2876 2024 2932 pro-

436 2954 530 3014 aut
555 2954 719 3010 dubio
745 2953 1133 3022 respondebitis
1157 2969 1170 3006 :
1199 2949 1276 3006 Ne
1322 2951 1436 3020 ipso
1459 2952 1740 3023 sacrilegio
1769 2951 2027 3008 schisma-

439 3047 510 3100 tis
541 3045 802 3115 perirent;
832 3058 900 3100 ne
928 3041 1256 3112 Baptismum
1279 3041 1473 3098 Christi
1502 3058 1607 3097 non
1628 3042 1695 3098 ad
1725 3044 2020 3114 prtemium,

438 3136 533 3192 sed
563 3134 630 3191 ad
652 3134 936 3207 judicium,
977 3149 1082 3188 non
1111 3133 1178 3189 ad
1205 3133 1453 3199 salutem,
1498 3133 1591 3190 sed
1617 3133 1683 3188 ad
1711 3135 2024 3204 perniciem,

438 3231 579 3289 sicut
598 3240 682 3286 est
708 3228 911 3284 militia:
931 3228 1209 3284 character
1235 3227 1287 3281 in
1317 3227 1700 3293 desertoribus,
1734 3227 2022 3284 haberent:

438 3323 783 3396 praestitimus
827 3337 1031 3392 pacem,
1073 3321 1416 3393 praestitimus
1461 3321 1738 3386 unitatem,
1780 3321 2029 3392 praestiti-

437 3431 558 3472 mus
589 3415 845 3472 Ecclesirc
873 3413 1203 3478 societatem,
1233 3420 1290 3467 ut
1315 3427 1436 3467 eum
1462 3427 1561 3484 per
1594 3428 1755 3483 quem
1793 3411 2026 3470 charitas

437 3506 747 3563 dill‘unditur
777 3508 828 3560 in
857 3504 1110 3560 cordibus
1139 3504 1357 3567 nostris,
1385 3503 1642 3574 Spiritum
1671 3511 1912 3560 sanctum
1937 3519 2026 3562 ac-

436 3603 620 3673 cipere
661 3608 1016 3664 mererentur,
1057 3597 1174 3652 sine
1218 3611 1324 3666 quo
1364 3611 1522 3651 nemo
1549 3596 1790 3666 pervenit
1830 3596 1898 3652 ad
1941 3612 2028 3654 re-

437 3708 598 3761 gnum
629 3691 910 3755 caelorum,
935 3689 1144 3744 etiamsi
1183 3687 1544 3743 Sacrarnentis
1573 3686 1820 3744 omnibus
1847 3688 2024 3760 legiti.

438 3784 542 3838 mis
568 3781 854 3836 imbuatur.
883 3780 1008 3834 llzec
1041 3779 1434 3847 responderetis
1464 3780 1745 3846 veraciter,
1770 3781 1814 3836 si
1844 3796 2022 3836 veram

438 3872 733 3928 Ecclesiam
776 3870 1050 3927 teneretis.
1092 3869 1470 3926 Verumtamen
1502 3871 1568 3925 ad
1606 3871 2022 3930 admonitionem

439 3977 672 4019 vestram
717 3962 936 4030 sufficit,
992 3971 1052 4017 ut
1089 3961 1192 4017 hoc
1234 3978 1330 4017 vos
1372 3973 1686 4032 accepturos
1723 3963 2024 4035 intelligatis

439 4058 492 4112 in
522 4070 646 4112 vera
684 4053 941 4121 Ecclesia,
969 4053 1108 4124 quod
1143 4067 1238 4110 eos
1267 4068 1400 4124 quos
1439 4054 1490 4108 iu
1523 4053 1822 4109 Maximiani
1853 4057 2023 4111 sacri-

439 4148 558 4219 lego
603 4145 888 4202 schismate
917 4144 1252 4215 baptizarunt
1286 4145 1374 4215 qui
1415 4159 1538 4200 cum
1573 4145 1652 4201 eis
1682 4144 1748 4201 ad
1781 4161 1871 4201 vos
1901 4146 2026 4203 inde

441 4239 734 4303 redierunt,
781 4236 832 4292 in
863 4244 1039 4292 vestra
1069 4237 1446 4292 communione
1484 4237 1758 4307 accepisse
1796 4237 2025 4294 credidi-

438 4333 574 4388 stis:
607 4341 766 4402 atque
807 4330 878 4385 ita
926 4343 1021 4385 vos
1062 4329 1220 4385 etiam
1265 4337 1485 4398 accepto
1523 4329 1794 4400 Baptismo
1831 4329 2024 4387 Christi

439 4441 558 4481 esse
595 4423 910 4495 puniendos,
935 4422 980 4478 si
1010 4422 1266 4478 unitatem
1309 4421 1586 4478 catholica
1615 4423 1872 4479 Ecclesia:
1912 4439 2019 4480 non

442 4517 736 4580 teuucritis,
783 4515 921 4570 sicut
962 4513 1016 4569 in
1062 4513 1363 4569 Maximiani
1403 4513 1688 4572 schismate
1729 4513 2024 4585 baptizatos

442 4607 625 4679 procul
663 4607 826 4663 dubio
874 4604 1170 4677 puniendos
1213 4620 1319 4661 non
1358 4604 1696 4672 dubiuretis.
1743 4606 1788 4662 si
1833 4616 2026 4664 vestra:

443 4702 807 4757 communioni
835 4716 942 4756 non
972 4699 1368 4769 copularentur,
1400 4698 1452 4754 in
1479 4697 1668 4769 quibus
1687 4698 1756 4754 ad
1786 4711 1881 4755 vos
1903 4699 2025 4756 inde

443 4793 776 4850 venientibus
802 4807 910 4848 non
937 4789 1344 4848 rescindendum
1373 4789 1700 4860 Baptismum
1723 4791 2022 4862 judicastis.

444 4883 606 4940 Vides
643 4885 820 4955 itaque
850 4883 1010 4939 etiam
1049 4881 1174 4948 hoc,
1203 4881 1343 4952 quod
1375 4890 1426 4936 te
1470 4881 1717 4936 movebat
1739 4881 1806 4936 de
1841 4882 2027 4952 Bapti-

446 4975 544 5029 smi
585 4982 939 5041 sacramento,
983 4972 1035 5029 in
1065 4987 1226 5030 causa
1266 4971 1758 5028 Maximianensium
1782 4974 1893 5044 jam
1936 4988 2026 5031 so-

442 5069 630 5122 lutum.

515 5158 740 5216 CAPUT
781 5157 868 5215 Vl.
897 5190 959 5199 —
987 5160 1038 5214 7.
1082 5158 1198 5214 Jutll
1227 5173 1368 5215 nunc
1394 5157 1479 5213 illa
1509 5156 1804 5223 videamus,
1837 5159 2029 5230 quibus

441 5254 720 5326 epistolam
761 5267 932 5308 meam
974 5262 1026 5309 te
1063 5251 1310 5309 refellere
1348 5250 1639 5307 credidisti.
1687 5249 1766 5306 Ac
1799 5251 2027 5322 primum

445 5346 584 5420 quod
630 5345 942 5417 interrogas,
990 5361 1146 5415 quare
1192 5353 1376 5398 vestros
1415 5341 1709 5397 Donatistas
1753 5341 2025 5412 appellem,

446 5440 759 5512 adjungens,
793 5437 930 5509 quod
956 5435 1186 5492 Donatus
1225 5452 1326 5491 non
1351 5443 1529 5490 auctor
1557 5444 1607 5490 st
1638 5435 1895 5491 institutor
1927 5434 2024 5490 Ec-

512 5659 525 5687 ε
556 5655 689 5725 runt,
718 5653 789 5725 de
807 5653 980 5717 quibus
1002 5649 1349 5725 celeberrima;
1370 5651 1567 5714 omisso,
1588 5650 1769 5716 agitur,
1791 5649 1924 5716 quod
1949 5650 2034 5704 sd-

445 5719 596 5784 ditunt
620 5717 698 5768 hic
722 5723 796 5766 est
822 5729 884 5765 ex
911 5717 1260 5784 manuscriptis.

511 5783 530 5810 ²
555 5781 627 5828 sic
664 5788 766 5828 uss.
794 5787 848 5827 At
885 5779 1020 5838 editi,
1035 5779 1159 5838 jam.

2131 470 2356 540 antiqua:
2393 487 2527 526 unus
2551 488 2614 528 ea:
2639 473 2891 544 episcOpis
2929 474 3123 546 fuerit:
3147 491 3327 534 nonne
3353 480 3590 536 attendis
3636 483 3744 537 hoc

2131 561 2203 617 de
2244 575 2303 617 se
2351 563 2468 633 ipso
2510 571 2566 619 et
2601 564 2979 621 Maximianum
3015 565 3216 634 dicere,
3261 585 3330 626 ex
3365 573 3519 642 cujus
3553 582 3740 630 tamen

2134 655 2352 710 nomine
2404 657 2709 713 universam
2759 657 2878 729 ejus
2921 661 3353 718 communionem
3410 665 3740 736 appellatis?

2133 746 2321 819 Neque
2349 748 2582 806 schisma
2611 748 2756 819 quod
2792 749 2936 818 fecit,
2971 751 3081 808 ullo
3105 753 3364 810 vocabulo
3391 771 3423 812 a
3466 758 3623 813 vobis
3653 760 3739 813 vel

2131 838 2200 894 ab
2219 839 2338 894 aliis
2363 840 2526 896 sectis
2551 839 2878 908 discernitis,
2909 842 3012 898 nisi
3037 853 3128 899 aut
3164 843 3608 913 Maximianistas,
3643 861 3740 904 aut

2132 931 2600 1003 Maximianenses,
2625 945 2716 991 aut
2729 935 3006 1005 quodlibet
3023 937 3187 1006 aliud,
3207 939 3352 1009 quod
3370 956 3400 995 a
3423 941 3740 998 Maximiani

2131 1027 2348 1081 nomine
2375 1026 2666 1094 derivetur,
2693 1036 2787 1082 aut
2811 1037 2960 1085 certe
2995 1029 3288 1100 simplicius
3312 1042 3368 1088 et
3389 1033 3510 1090 sine
3539 1035 3740 1090 timore

2129 1119 2595 1185 grammaticarum
2631 1119 2943 1188 ferularum,
2977 1130 3182 1192 partem
3211 1122 3514 1179 Maximiani
3544 1129 3730 1181 nomi-

2130 1211 2287 1266 netis.
2317 1211 2580 1283 Numquid
2602 1211 2704 1268 hoc
2723 1211 2963 1268 dicturus
2983 1229 3066 1282 es,
3089 1214 3465 1272 Maximianum
3488 1233 3520 1273 a
3551 1229 3735 1274 vestra

2128 1303 2506 1358 communione
2543 1303 2774 1359 schisma
2815 1305 3028 1372 iecisse,
3067 1309 3168 1363 hoc
3206 1317 3384 1364 autem
3425 1325 3456 1364 a
3485 1326 3738 1367 commu-

2129 1395 2291 1452 nione
2317 1395 2581 1452 catholica
2610 1413 2717 1452 non
2743 1396 2937 1454 fecisse
2969 1399 3274 1455 Donatum?
3317 1400 3425 1457 Sed
3455 1402 3738 1460 Maximia-

2129 1503 2231 1542 nus
2278 1503 2384 1542 non
2429 1487 2533 1544 hoc
2584 1487 2732 1554 dicit,
2779 1490 2869 1558 qui
2929 1490 3254 1548 Primianum
3312 1496 3488 1563 potius
3529 1505 3588 1552 et
3633 1513 3739 1553 vos

2127 1594 2315 1634 omnes
2340 1581 2571 1637 afﬁrmat
2589 1597 2620 1637 a
2646 1593 2798 1654 parte
2816 1584 3029 1650 Donati,
3051 1584 3104 1640 in
3132 1602 3236 1658 qua
3263 1587 3378 1658 ipse
3407 1592 3733 1660 permansit,

2128 1671 2357 1727 schisma
2388 1672 2600 1740 fecisse,
2643 1684 2699 1731 et
2727 1678 2918 1732 recitat
2945 1676 3160 1734 decreta
3190 1681 3543 1737 conciliorum
3570 1697 3588 1738 :
3619 1684 3732 1753 pri-

2127 1781 2294 1831 mum,
2323 1766 2464 1836 quod
2504 1769 2645 1838 apud
2684 1769 3059 1841 Carthaginem
3095 1785 3127 1826 a
3157 1773 3510 1846 quadraginta
3554 1785 3614 1832 et
3641 1777 3731 1832 tri-

2128 1857 2228 1912 bus
2255 1857 2449 1914 factum
2475 1870 2579 1927 est,
2616 1875 2723 1933 quo
2750 1862 3142 1932 prmdamnatus
3169 1876 3252 1921 est
3276 1867 3616 1936 Primianus;
3645 1871 3729 1925 al-

2129 1956 2323 2014 terum,
2367 1951 2511 2022 quod
2545 1951 2863 2008 Cebarsussi
2903 1965 3118 2011 centum
3153 1957 3236 2012 vel
3284 1960 3515 2029 amplius
3558 1962 3732 2016 vestri

2128 2052 2254 2098 tunc
2290 2044 2525 2116 episcopi
2573 2045 2948 2115 condiderunt,
2993 2063 3101 2118 quo
3129 2049 3363 2119 perfecte
3405 2051 3730 2122 pleniusque

2125 2136 2408 2194 damnatus
2453 2147 2556 2194 est.
2605 2138 2703 2194 Cui
2747 2140 2868 2194 talia
2897 2141 3220 2197 documenta
3272 2143 3568 2213 proferenti
3600 2147 3732 2216 quid

2129 2229 2498 2298 respondebis,
2542 2231 2644 2285 nisi
2675 2231 2892 2302 majoris
2915 2247 3036 2289 esse
3068 2235 3403 2292 auctoritatis
3432 2235 3734 2307 Bagaiense

2126 2320 2432 2385 concilium,
2480 2321 2531 2375 in
2561 2336 2667 2392 quo
2697 2323 2917 2378 trecenti
2963 2332 3020 2379 et
3048 2323 3232 2380 decem
3278 2324 3526 2382 eumdem
3557 2327 3730 2381 Maxi-

2126 2413 2362 2466 mianum
2393 2421 2450 2468 et
2474 2413 2590 2484 ejus
2621 2414 2797 2470 socios
2817 2414 3223 2482 damnavenmt,
3254 2416 3470 2488 quando
3497 2416 3731 2472 Primia-

2127 2517 2228 2556 nus
2262 2517 2370 2557 non
2412 2503 2554 2574 apud
2585 2518 2680 2560 eos
2711 2516 2962 2576 tanquam
3001 2505 3308 2576 purgandus
3334 2507 3553 2564 dicebat
3595 2524 3731 2563 can-

2128 2608 2265 2661 sam,
2310 2594 2405 2650 sed
2454 2610 2574 2650 cum
2628 2595 2705 2650 eis
2755 2605 3003 2667 tanquam
3040 2596 3202 2667 judex
3250 2597 3730 2655 innocentissimus

2126 2685 2457 2750 consido-bat,
2497 2686 2798 2757 proferebat
2839 2690 3161 2744 sententiam
3207 2699 3392 2746 contra
3438 2690 3728 2746 Maximia-
3774 2735 3775 2742 η

2126 2794 2254 2834 num
2295 2789 2350 2835 et
2404 2779 2685 2835 duodecim
2730 2780 2907 2836 socios
2958 2781 3075 2852 ejus
3125 2783 3322 2853 quibus
3368 2785 3730 2854 praesentibus

2127 2871 2402 2926 ordinatus
2431 2880 2534 2935 est,
2579 2880 2634 2926 et
2669 2870 2791 2926 data
2824 2872 3079 2930 dilatione
3117 2883 3367 2946 tanquam
3407 2875 3728 2934 innocentes

2126 2964 2192 3019 ad
2225 2980 2408 3035 pacem
2440 2966 2710 3035 propriam
2750 2966 3034 3023 revocabat
3077 2976 3153 3023 tot
3197 2977 3424 3026 creteros
3467 2986 3497 3025 a
3523 2971 3725 3042 quibus

2129 3054 2243 3124 ipse
2265 3055 2546 3112 damnatus
2573 3057 2691 3112 est?

2198 3147 2426 3204 CAPUT
2459 3147 2566 3203 Vll.
2596 3179 2666 3188 —
2695 3148 2748 3206 8.
2788 3148 2848 3205 In
2877 3151 2978 3208 hac
3011 3161 3186 3208 vestra
3225 3153 3571 3212 conflictione
3595 3157 3727 3228 quia

2128 3240 2287 3296 vultis
2335 3249 2392 3295 ut
2440 3256 2538 3297 nos
2585 3242 2746 3298 medii
2785 3243 3107 3314 judicemus,
3151 3248 3584 3320 quandoquidem
3626 3267 3728 3307 nec

2127 3330 2451 3399 Maximiani,
2478 3348 2579 3389 nec
2601 3344 2775 3390 vestra
2798 3337 3174 3394 communione
3198 3338 3536 3397 detinemttr?
3556 3342 3726 3411 Quid,

2127 3423 2365 3494 inquam,
2399 3424 2523 3481 hinc
2545 3425 2710 3482 vultis
2729 3425 3057 3497 judicemus,
3109 3430 3209 3485 nisi
3235 3441 3420 3486 contra
3458 3431 3567 3487 duo
3591 3449 3728 3490 con-

2126 3515 2248 3572 cilia
2273 3517 2464 3588 quibus
2482 3517 2766 3576 damnatus
2793 3529 2876 3576 est
2901 3520 3220 3590 Primianus,
3239 3539 3402 3579 unum
3426 3524 3727 3595 Bagaiense

2127 3609 2394 3682 posterius
2434 3626 2531 3682 pro
2576 3611 2670 3667 illo
2705 3612 2882 3669 valere
2925 3613 3124 3670 debere
3163 3632 3269 3687 quo
3307 3616 3597 3673 damnatus
3637 3631 3724 3675 est

2125 3702 2498 3772 Maximianus,
2536 3719 2603 3761 eo
2624 3705 2869 3761 videlicet
2898 3696 3102 3763 firmius
3130 3707 3180 3762 id
3223 3723 3343 3764 esse
3368 3710 3717 3779 arbitrantes,

2129 3809 2236 3864 quo
2263 3795 2529 3864 posterius
2573 3796 2740 3866 potuit
2785 3796 2855 3852 de
2893 3797 3162 3867 prioribus
3183 3799 3462 3868 judicare?
3495 3802 3634 3858 Ecce
3667 3804 3720 3858 in

2126 3886 2228 3943 hoc
2271 3887 2510 3944 favemus
2558 3889 2916 3945 vobiszalia‘
2965 3891 3121 3946 nobis
3159 3901 3242 3947 est
3277 3909 3399 3949 cum
3443 3894 3721 3950 Maximia-

2127 3979 2383 4036 neusibus
2408 3995 2590 4048 causa,
2621 3981 2667 4037 si
2695 3981 2811 4038 ausi
2833 3982 3030 4038 fuerint
3052 3999 3394 4041 succensere.
3434 3987 3716 4056 Favemus,

2126 4073 2366 4143 inquam,
2393 4072 2597 4143 judicio
2622 4075 2780 4132 tertio
2806 4074 3082 4148 Bagaiensi
3113 4077 3254 4147 quod
3296 4078 3494 4134 factum
3515 4090 3601 4136 est
3626 4097 3719 4151 pro

2126 4163 2396 4221 Primiano
2423 4174 2608 4222 contra
2644 4167 3021 4224 Maximianum
3065 4170 3288 4242 ejusque
3329 4173 3582 4244 collegas,
3613 4191 3717 4246 quo

2127 4254 2422 4324 posteriore
2445 4265 2730 4324 potuerunt
2749 4259 2942 4315 merito
2968 4260 3144 4330 priora
3170 4261 3360 4318 deleri.
3394 4266 3709 4336 Quanquam

2126 4361 2155 4400 a
2195 4344 2405 4402 duobus
2443 4347 2704 4418 prioribus
2728 4348 2944 4420 iudiciis
2989 4351 3058 4406 ad
3097 4354 3311 4408 tertium
3357 4356 3558 4410 nullam
3593 4357 3708 4410 Pri-

2126 4437 2290 4493 miani
2313 4453 2498 4495 vocem
2521 4441 2916 4510 provocationis
2943 4443 3026 4498 vel
3056 4443 3302 4514 legimus,
3337 4447 3418 4501 vel
3445 4447 3710 4515 audimus,

2128 4529 2229 4586 nisi
2271 4529 2411 4601 quod
2459 4531 2655 4588 absens
2688 4533 2859 4602 primo
2905 4533 3321 4604 praedamnatos,
3371 4539 3713 4610 secundoque

2126 4623 2411 4681 damnatus
2451 4633 2555 4680 est.
2584 4624 2691 4682 Sed
2731 4627 2895 4683 etiam
2934 4626 2989 4682 in
3024 4627 3403 4685 Maximianum
3447 4641 3504 4687 et
3541 4635 3713 4689 socios

2127 4717 2245 4787 ejus
2281 4717 2530 4774 absentes
2556 4717 2761 4788 prolata
2801 4727 2888 4775 est
2913 4719 3262 4776 disertissima
3310 4722 3395 4778 illa
3428 4722 3709 4794 Bagaitana

2131 4812 2418 4867 sententia.
2460 4812 2528 4867 Et
2565 4809 2668 4868 hoc
2696 4810 2772 4867 illi
2797 4811 3144 4884 quadraginta
3187 4822 3240 4869 et
3275 4825 3385 4871 tres
3413 4816 3554 4884 apud
3583 4816 3710 4872 Car-

2130 4903 2400 4975 thaginem
2441 4903 2756 4973 modestius,
2785 4904 3015 4970 cautius,
3043 4903 3456 4977 diligentiusque
3492 4923 3554 4962 se
3591 4924 3708 4978 ges-

2130 4998 2268 5055 sisse
2292 4997 2468 5054 testati
2499 5007 2643 5068 sunt,
2687 4997 2831 5071 quod
2860 4998 2928 5054 ad
2956 4998 3202 5054 eumdem
3243 4999 3570 5056 Primianum
3609 5017 3707 5055 non

2131 5088 2322 5154 semel,
2354 5087 2448 5144 sed
2472 5089 2660 5145 iterum
2691 5103 2756 5144 ac
2775 5087 2933 5146 tertio
2959 5088 3163 5160 legatos
3188 5090 3469 5158 miserunt,
3504 5100 3561 5146 ut
3585 5092 3626 5145 si
3647 5091 3707 5145 ad

2132 5196 2228 5238 eos
2269 5181 2381 5252 ipse
2406 5181 2590 5237 venire
2614 5181 2800 5247 nollet,
2844 5180 2990 5252 ipsos
3032 5180 3101 5236 ad
3131 5197 3190 5237 se
3219 5181 3405 5238 venire
3445 5183 3707 5254 permitte-

2135 5283 2250 5330 ret:
2277 5289 2385 5344 quo
2426 5281 2709 5344 utrumque
2735 5282 3035 5338 recusante,
3077 5279 3214 5328 sicut
3242 5273 3504 5339 scribunt,
3545 5285 3596 5328 et
3621 5289 3707 5328 eos

2134 5369 2221 5439 qui
2248 5367 2396 5423 missi
2434 5375 2578 5434 sunt,
2606 5366 2859 5437 injuriosa
2885 5367 3189 5438 repulsione
3219 5374 3498 5433 tractante,
3528 5383 3704 5424 neces-

2135 5462 2345 5517 sitatem
2388 5460 2490 5516 sibi
2530 5459 2833 5518 incubuisse
2882 5472 3164 5528 asserunt,
3217 5468 3278 5517 ut
3305 5460 3418 5532 jam
3465 5460 3706 5516 Ecclesia.

2139 5551 2520 5627 providerent;
2550 5560 2606 5609 et
2643 5553 2722 5610 sic
2751 5552 2985 5611 nondum
3014 5554 3274 5611 audentes
3311 5553 3556 5611 ultimum
3579 5567 3705 5629 pra:-

2201 5775 2220 5808 ¹
2242 5782 2344 5826 Am.
2362 5780 2414 5826 et
2437 5781 2564 5835 Mss.,
2586 5772 2758 5825 aliena.
