3778 6130
37 194 144 253 555

35 312 264 382 cipitare
287 310 578 384 judicium,
607 308 700 369 sed
735 309 968 384 quodam
995 307 1306 382 praejudicio
1347 309 1637 365 consulen-

38 415 137 471 tes,
180 413 243 459 ut
287 405 370 472 ei,
397 405 444 460 si
470 419 646 461 causae
686 419 798 460 sua:
833 404 1043 471 ﬁderet,
1072 403 1316 474 sequenti
1355 402 1638 458 celebriori

34 495 269 552 concilio
297 495 662 568 respondendi
689 511 914 568 seseque
945 496 1202 568 purgandi
1243 496 1638 567 relinqueretur

37 587 188 646 locus
218 607 233 644 :
262 605 381 661 quo
408 605 528 646 cum
557 590 740 646 venire
769 590 1044 657 noluisset,
1069 589 1178 660 jam
1209 589 1514 645 necessario
1543 603 1640 658 pu-

39 689 297 737 laverunt
324 696 450 739 esse
473 681 833 738 damnandum
863 682 980 737 sine
1003 681 1110 737 ulla
1135 681 1485 751 suspensione
1515 695 1638 736 scn-

35 773 236 828 tentizn.
286 774 367 829 At
405 788 534 829 vero
562 774 614 828 in
652 772 870 830 decreto
911 772 1219 842 Bagaiensis
1245 771 1479 838 concilii,
1527 785 1636 828 non

34 866 204 921 solum
251 867 468 938 legatos
493 867 632 922 ullos
658 883 688 921 a
718 865 1046 922 Maximiano
1075 864 1215 921 male
1244 873 1500 921 tractatos
1529 878 1638 920 non

35 956 286 1028 legimus,
321 958 419 1015 sed
449 974 550 1014 nec
578 959 770 1015 missos
789 957 1016 1029 legimus
1040 965 1100 1012 ut
1123 957 1327 1013 veniret
1359 956 1636 1013 :videmus

36 1059 213 1107 tamen
261 1052 505 1108 levatum
552 1052 724 1108 altare
762 1060 950 1107 contra
995 1050 1187 1116 altare,
1234 1060 1289 1106 et
1331 1050 1636 1106 ordinatum

37 1145 356 1218 episcopum
408 1154 596 1202 contra
639 1160 760 1201 eum
807 1145 1115 1215 episcopum
1157 1143 1245 1214 qui
1286 1143 1338 1198 in
1382 1143 1637 1199 cathedra

37 1238 120 1294 ubi
141 1238 326 1294 fuerat
361 1238 659 1305 ordinatus,
692 1239 761 1292 ita
793 1237 1032 1301 sedebat,
1062 1244 1120 1290 ut
1142 1243 1407 1291 conventu
1434 1236 1515 1290 sui
1544 1251 1639 1306 po-

38 1336 144 1408 puli
171 1349 284 1390 non
320 1333 688 1398 desereretur,
718 1346 818 1386 nec
855 1345 884 1384 a
915 1329 1123 1385 caeteris
1157 1327 1396 1400 pluribus
1423 1329 1636 1399 episco-

39 1432 116 1502 pis
140 1427 458 1485 communio
485 1426 602 1496 ejus
627 1425 986 1489 dirimeretur,
1033 1432 1232 1478 tantam
1284 1422 1639 1478 commovisse

41 1522 468 1595 indignationem
498 1517 758 1589 sacrilego
784 1516 1069 1572 schismate
1096 1525 1421 1586 perpetrato,
1453 1526 1511 1570 ut
1538 1529 1639 1570 nec

43 1615 200 1685 ipsius
247 1611 588 1678 Maximiani,
645 1625 748 1665 nec
784 1609 1149 1664 ordinatorum
1190 1608 1306 1679 ejus
1338 1607 1449 1678 jam
1495 1617 1638 1663 esset

42 1705 261 1761 ulterius
288 1702 592 1760 differenda
620 1701 916 1756 damnatio.

105 1798 155 1854 9.
195 1795 330 1853 Hzec
355 1810 480 1852 cum
511 1793 580 1848 ita
603 1793 709 1848 sint
733 1787 880 1860 ,'non
903 1804 997 1846 vos
1019 1798 1195 1845 tamen
1220 1802 1318 1858 pro
1345 1787 1637 1844 Caeciliano

44 1889 157 1948 talia
193 1893 560 1958 permovent,
598 1895 784 1941 contra
823 1899 982 1955 quem
1024 1892 1331 1938 manentem
1356 1891 1411 1939 et
1440 1882 1638 1954 populo

46 1980 421 2052 prasidentem
446 2021 461 2046 ,
493 1987 674 2035 erecto
700 1977 853 2032 altari
884 1983 1070 2032 contra
1113 1975 1280 2030 altare
1305 2017 1318 2042 ,
1360 1974 1638 2030 ordinatus

44 2081 116 2127 est
142 2071 460 2143 Majorinus.
493 2069 691 2126 Contra
722 2083 880 2138 quem
922 2081 1029 2121 non
1058 2081 1088 2120 a
1129 2064 1284 2120 vobis
1321 2064 1429 2120 duo
1456 2105 1470 2131 ,
1501 2065 1639 2121 sicut

50 2174 222 2220 contra
277 2163 612 2220 Primianum
659 2176 691 2215 a
740 2157 1276 2223 Maximianensibus,
1330 2156 1424 2212 sed
1471 2173 1637 2213 unum

48 2255 308 2327 profertur
333 2253 604 2326 judicium
625 2251 906 2308 horrendae
947 2249 1259 2305 temeritatis
1298 2246 1637 2304 festinatione

50 2350 420 2406 acceleratum.
454 2346 558 2416 Qui
589 2361 696 2402 non
721 2387 737 2412 ,
767 2346 903 2400 sicut
927 2343 1230 2399 Primianus
1252 2383 1268 2408 ,
1295 2341 1464 2398 noluit
1487 2342 1554 2397 ad
1579 2357 1637 2398 sc

48 2440 216 2495 venire
268 2440 552 2510 collegas,
605 2437 698 2492 sed
744 2435 983 2492 invitavit
1028 2435 1204 2506 potius
1251 2442 1310 2489 ut
1353 2432 1632 2499 venirent;

52 2531 175 2600 quod
203 2547 304 2587 nec
335 2530 440 2601 ipsi
472 2530 524 2584 in
573 2529 653 2584 sui
701 2528 909 2583 concilii
959 2526 1215 2594 decreto,
1264 2525 1405 2596 quod
1450 2535 1635 2582 contra

51 2637 158 2678 cum
201 2623 600 2690 condiderunt,
652 2628 829 2676 tacere
873 2627 1178 2689 potuerunt.
1219 2618 1325 2674 Pro
1371 2633 1478 2689 quo
1528 2634 1633 2672 non

54 2729 200 2770 unum
223 2757 239 2783 ,
269 2716 415 2771 sicut
446 2729 542 2784 pro
581 2713 852 2768 Primiano
876 2753 891 2779 ,
932 2710 1029 2766 sed
1071 2718 1297 2781 quatuor
1338 2709 1630 2779 posteriora

53 2806 231 2876 judicia
284 2808 588 2867 recitantur
633 2805 733 2877 (a).
782 2805 950 2875 Ejus,
998 2818 1105 2858 non
1158 2802 1410 2858 absentes
1438 2844 1452 2866 ,
1498 2803 1637 2857 sicut

55 2898 331 2969 Primiani,
369 2901 464 2958 sed
504 2907 794 2972 praesentes
828 2907 952 2954 sunt
991 2896 1289 2953 adversarii
1336 2895 1590 2951 confutati
1615 2939 1632 2963 ,

56 2993 179 3064 apud
205 3010 298 3051 eos
321 2995 538 3066 judices
563 3035 576 3060 ,
609 2993 663 3048 in
691 3006 824 3063 quos
844 2990 1176 3062 judicaturos
1203 2997 1592 3044 consenserunt
1617 3004 1631 3050 ;

58 3087 178 3155 apud
205 3087 388 3158 ipsum
419 3087 578 3142 etiam
611 3085 988 3154 imperatorem
1020 3081 1423 3137 Constantinum
1449 3121 1461 3145 ,
1493 3078 1632 3149 apud

55 3190 193 3246 quem
221 3178 462 3250 primum
488 3175 830 3232 Caecilianum
863 3180 1283 3237 accusaverunt,
1309 3169 1447 3240 apud
1474 3184 1631 3239 quem

59 3275 221 3335 postea
267 3269 335 3325 de
383 3267 651 3338 judicibus
698 3265 1001 3335 episcopis,
1032 3279 1060 3318 a
1101 3263 1292 3334 quibus
1333 3262 1419 3315 ille
1465 3261 1631 3330 ipsam

59 3372 250 3416 causam
269 3360 449 3418 voluit
467 3358 640 3414 audiri
664 3398 678 3423 ,
705 3366 955 3427 tanquam
978 3370 1085 3409 non
1108 3365 1251 3410 recte
1272 3351 1634 3423 iudicantibus

60 3455 211 3524 questi
233 3464 405 3520 sunt;
464 3452 531 3507 ad
575 3465 734 3522 quem
789 3462 976 3504 rursus
1018 3447 1083 3502 ab
1134 3446 1304 3500 altero
1346 3443 1631 3514 episcopali

62 3544 235 3613 judicio
268 3551 636 3617 provocarunt
666 3544 704 3606 ¹,
738 3549 796 3595 ut
840 3540 955 3609 ipso
996 3538 1154 3594 etiam
1203 3544 1326 3606 post
1371 3550 1532 3589 unum
1579 3543 1633 3589 ct

65 3636 268 3694 alterum
293 3637 606 3710 episcopale
624 3633 882 3706 judicium
913 3633 1050 3688 inter
1073 3639 1252 3701 partes
1277 3635 1632 3700 cognoscente

64 3741 464 3798 superarentur:
497 3742 724 3800 quorum
763 3741 869 3780 non
907 3723 1075 3780 defuit
1101 3724 1260 3778 etiam
1288 3731 1474 3792 quarta
1499 3735 1630 3776 con-

64 3820 223 3877 victio.
279 3824 413 3880 Nam
468 3837 589 3878 cum
635 3821 689 3876 in
734 3817 1003 3874 Caeciliani
1047 3816 1276 3887 propriis
1319 3814 1631 3870 criminibus

65 3910 453 3972 calumniatores
481 3912 683 3968 inventi
709 3909 936 3965 fuissent
963 3949 977 3973 ,
1007 3907 1130 3963 etei
1151 3906 1216 3961 de
1248 3905 1438 3960 Felicis
1468 3907 1633 3977 Aptu-

65 4006 256 4070 gnensis
283 4005 610 4062 ordinatoris
639 4003 757 4074 ejus
787 4001 1070 4058 traditione
1098 3999 1446 4070 qumstionem
1489 4000 1629 4053 intu.

66 4093 232 4152 lissent
257 4140 271 4164 ,
300 4097 448 4154 Felix
477 4097 638 4152 etiam
678 4096 793 4165 ipse
841 4100 1095 4163 purgatus
1137 4099 1214 4146 est
1267 4089 1630 4160 proconsulari

65 4183 240 4253 judicio
261 4231 276 4254 ,
305 4189 497 4262 eodem
520 4188 638 4258 ipso
657 4185 1006 4242 Constantino
1026 4225 1040 4247 ,
1062 4192 1120 4237 ut
1141 4195 1297 4237 causa
1318 4181 1433 4249 ejus
1455 4180 1633 4234 discu-

67 4283 281 4346 teretur,
302 4282 564 4353 jubentc,
607 4295 764 4352 quem
805 4279 880 4332 illi
924 4276 1154 4332 assiduis
1194 4274 1635 4342 interpellationi-

67 4365 150 4426 bus
177 4372 479 4446 fatigabant.
505 4373 632 4428 Haac
657 4371 1106 4427 Maximianenses
1126 4367 1381 4422 adversus
1409 4367 1630 4422 Primia-

70 4474 176 4518 num
200 4481 303 4522 non
332 4474 697 4523 exercuerunt
733 4463 872 4518 mala
898 4504 912 4528 ,
960 4477 1058 4518 nec
1102 4461 1259 4516 toties
1308 4460 1430 4513 victi
1467 4468 1628 4527 sunt,

69 4567 152 4608 nec
179 4566 467 4626 praesentes
497 4556 626 4612 victi
653 4564 815 4620 sunt,
862 4569 961 4609 nec
1002 4551 1141 4623 apud
1185 4566 1279 4606 eos
1305 4591 1318 4616 ,
1359 4565 1493 4621 quos
1531 4550 1630 4620 ipsi

73 4643 362 4719 elegerunt,
388 4648 598 4719 judices
621 4647 744 4702 victi
775 4653 901 4700 sunt
929 4664 940 4698 :
975 4652 1028 4699 et
1060 4655 1254 4708 tamen,
1284 4641 1423 4712 quod
1457 4641 1629 4695 mani-

71 4729 241 4794 festum
269 4749 348 4796 est
371 4781 388 4809 ,
419 4741 519 4811 ipsi
547 4754 580 4794 a
608 4747 784 4794 vestra
813 4735 1186 4792 communione
1229 4733 1460 4788 schisma
1489 4732 1630 4787 fece-

73 4834 208 4895 runt;
233 4839 285 4886 et
309 4830 413 4887 hoc
439 4839 647 4887 vestros
678 4845 708 4884 a
748 4827 1008 4885 catholica
1041 4825 1417 4881 communione
1443 4822 1632 4880 fecisse

75 4928 164 4972 non
189 4921 338 4979 vultis
366 4924 644 4980 advertere
668 4938 684 4988 ;
711 4937 814 4992 qua
841 4918 1168 4991 impudentia
1189 4918 1489 4973 vanissimie
1513 4917 1630 4972 ani-

130 5032 144 5062 ¹
167 5035 294 5097 Editi,
317 5040 382 5090 ad
401 5051 551 5105 quem
563 5051 734 5088 rursus
751 5035 956 5087 alterum
978 5032 1498 5105 episcoputejudicium
1521 5046 1633 5105 pro-

371 5095 587 5168 Fipaulo
607 5107 735 5163 post,
759 5111 963 5168 quorum
983 5095 1078 5148 non
1102 5095 1254 5167 defuit
1279 5095 1632 5168 etiam_qttorta

79 5157 278 5224 ςοηινὶςιὶο
308 5157 570 5215 Cteciliani.
608 5157 729 5224 Evam
761 5157 872 5211 cum
913 5157 966 5224 in
995 5157 1208 5224 praprit's
1244 5157 1521 5224 criminibus
1553 5173 1634 5210 ca-

83 5213 357 5288 {lmtniatores
377 5224 554 5288 inventi
576 5223 798 5288 fuissem,
816 5229 862 5288 et
883 5221 930 5288 ei
970 5213 1294 5288 iptiignentes
1330 5218 1633 5288 ordinatores

83 5275 500 5350 ςνθΙηΑριςςῃηεηείς
529 5275 844 5350 ordinatoris)
883 5285 987 5347 ejus
1010 5275 1382 5350 'de'traditione
1404 5281 1628 5345 quwstio-

81 5347 169 5408 ηειῃ
179 5345 456 5408 intulissent.
485 5349 806 5398 Emendantur
826 5345 894 5396 ex
904 5345 1271 5408 'manuscriptis.

134 5400 194 5463 (ο)
213 5409 477 5459 Ωᾶλοὶιὶθηυδ
498 5423 595 5460 ιιηο
609 5409 970 5472 Carthaginensi
997 5400 1406 5472 schismaticorum
1435 5405 1634 5472 concilio

83 5458 316 5535 ρθίιξὶιειᾳε,
339 5458 541 5535 quatuor
559 5458 913 5535 posterioribus
931 5471 1121 5534 judiciis
1143 5476 1220 5518 est
1246 5469 1524 5535 absolutus;
1545 5471 1635 5535 sci-

85 5517 178 5599 μεέὲ
197 5517 1004 5599 naeniae-naias330mg;
1016 5517 1217 5581 idem
1257 5517 1325 5580 et
1344 5517 1632 5599 λι-ριλιιδηξῇ,

87 5587 379 5662 ῑεξξῇοῇὶιόἰοὶὸ
392 5587 695 5662 imperatoris
713 5587 1004 5662 Constantini
1021 5629 1034 5653 ,
1060 5601 1111 5644 et
1133 5599 1306 5662 quarto
1340 5587 1636 5662 proconsulis

87 5643 256 5780 ﬁmi;
259 5643 516 5775 $2341};
541 5643 692 5721 ipsius
713 5643 955 5708 ordinator
979 5643 1214 5721 purgatus
1242 5643 1354 5718 fuit:
1375 5655 1488 5708 Vide
1514 5654 1635 5709 infra

401 5807 643 5873 timor.
689 5808 973 5872 Aususr.
1019 5805 1135 5872 1X.

1576 5802 1578 5804 τ
1598 5775 1610 5808 f

1407 189 1610 248 LIBER
1647 188 1996 260 QUARTUS.

3240 204 3345 262 554

1749 310 2016 366 mositatis
2037 351 2053 380 ,
2084 323 2303 382 prorsus
2329 311 2535 383 ignoro.
2566 311 2621 370 Si
2643 313 2785 370 enim
2815 314 2994 371 omnia
3019 329 3138 387 quae
3165 317 3344 376 dicitis

1747 400 1816 457 de
1844 401 2131 457 Caeciliano
2156 412 2206 458 et
2237 403 2416 459 Felice
2437 405 2743 462 ordinatore
2769 406 2885 477 ejus
2914 407 3035 464 ideo
3068 425 3190 466 vera
3222 427 3342 468 esse

1747 492 1946 561 vultis,
1992 494 2114 566 quia
2152 496 2486 567 septuaginta
2533 496 2704 554 ferme
2758 499 2992 571 episcopi
3026 501 3093 557 de
3136 501 3239 559 hac
3283 519 3344 560 re

1741 584 2149 656 judicaverunt;
2181 601 2276 642 cur
2301 602 2409 643 non
2438 588 2599 644 vultis
2625 605 2752 646 vera
2779 605 2898 647 esse
2933 607 3054 663 qua:
3093 593 3346 651 dicuntur

1746 677 1816 733 de
1845 677 2114 734 Primiano
2142 721 2158 748 ,
2189 693 2311 735 cum
2343 689 2396 735 et
2427 680 2549 736 inde
2596 681 2768 752 primo
2810 682 3157 756 quadraginta
3196 694 3307 742 tres
3327 727 3342 755 ,

1746 775 1932 838 postea
1961 775 2176 825 centum
2207 769 2445 842 episcopi
2469 771 2827 841 judicaverint
2848 816 2863 841 ,
2895 784 2946 830 et
2974 776 3120 846 prius
3149 777 3344 850 przeju-

1747 861 1943 918 dicium
1985 863 2266 934 posteriori
2307 864 2509 935 judicio
2549 867 3024 924 conﬁrmaverint?
3065 869 3121 926 Si
3163 879 3341 928 autem

1746 963 2034 1027 propterea
2066 956 2156 1011 illa
2185 955 2407 1012 crimina
2445 957 2696 1014 Primiani
2741 958 2869 1015 falsa
2910 975 3030 1018 esse
3072 965 3338 1033 censetis,

1747 1048 1871 1119 quia
1897 1063 1995 1119 pro
2018 1047 2112 1104 illo
2135 1049 2402 1120 posterius
2426 1058 2610 1105 contra
2639 1050 2884 1106 inimicos
2909 1053 3024 1124 ejus
3050 1053 3342 1126 Bagaiense

1747 1139 2030 1194 concilium
2070 1141 2364 1196 recitatur:
2410 1155 2506 1196 cur
2550 1155 2659 1196 non
2706 1143 2866 1198 vultis
2909 1145 3130 1200 crimina
3157 1189 3172 1215 ,
3221 1163 3341 1219 qua:

1746 1232 1956 1304 objecta
1988 1241 2112 1288 sunt
2137 1233 2423 1290 Caaciliano
2446 1275 2461 1301 ,
2492 1233 2777 1292 falsissima
2800 1238 3042 1294 conﬁteri
3065 1283 3080 1308 ,
3115 1256 3210 1310 pro
3236 1257 3344 1312 quo

1747 1326 2046 1396 posteriora
2073 1334 2151 1381 tot
2168 1325 2369 1397 judicia
2392 1327 2728 1384 recitantur?
2749 1327 2807 1384 Si
2833 1329 3146 1387 Caecilianus
3168 1375 3181 1398 ,
3215 1349 3342 1388 con-

1747 1425 1826 1474 tra
1853 1433 2012 1490 quem
2041 1421 2208 1476 semel
2235 1419 2410 1476 fuerat
2430 1421 2497 1476 ab
2522 1421 2627 1478 illis
2654 1425 2988 1497 septuaginta
3009 1426 3302 1497 judicatum
3325 1473 3340 1499 ,

1748 1525 1856 1566 non
1885 1510 2070 1567 debuit
2095 1511 2206 1582 jam
2234 1513 2409 1568 locum
2445 1516 2775 1586 purgationis
2814 1517 2881 1572 ab
2925 1519 3043 1576 aliis
3076 1521 3344 1591 judicibus

1745 1605 2027 1662 invenire:
2073 1622 2172 1662 nec
2220 1608 2518 1664 Primianus
2559 1608 2783 1678 debuit,
2835 1627 2993 1682 quem
3035 1613 3146 1686 jam
3196 1625 3344 1673 tanto

1744 1697 1926 1767 plures
1968 1713 2126 1768 quam
2168 1698 2498 1769 septuaginta
2522 1741 2537 1767 ,
2568 1700 2737 1770 prima
2766 1701 2783 1732 ¹
2805 1701 3183 1760 conﬁrmantes
3207 1748 3219 1769 ,
3252 1720 3339 1762 se-

1745 1787 1918 1844 cunda
1943 1789 2248 1860 cognitione
2271 1789 2676 1847 damnaverunt.
2699 1791 2754 1848 Si
2771 1803 2948 1848 autem
2968 1795 3050 1850 bis
3067 1795 3339 1864 damnato,

1748 1881 1964 1937 tertium
1995 1882 2136 1952 quod
2159 1882 2269 1953 jam
2296 1897 2393 1954 pro
2423 1883 2516 1940 illo
2545 1885 2740 1940 factum
2784 1895 2864 1940 est
2894 1886 3154 1956 judicium
3185 1888 3340 1945 sufﬁo

1747 1973 2076 2029 cientissime
2105 1973 2424 2046 suffragatur
2453 1995 2466 2031 :
2493 1991 2588 2031 cur
2615 1977 2783 2032 semel
2811 1977 3062 2034 damnato
3093 1996 3198 2036 non
3228 1984 3339 2038 suf-

1746 2065 1909 2120 ﬁcere
1925 2065 1990 2120 ad
2011 2066 2400 2122 absolutionem
2423 2067 2717 2124 secundum
2741 2111 2756 2136 ,
2782 2070 2995 2126 tertium
3024 2114 3037 2139 ,
3061 2082 3306 2142 quartum
3322 2117 3338 2142 ,

1749 2157 2102 2227 quintumque
2155 2158 2453 2227 judicium,
2507 2159 2689 2214 nescio
2747 2175 2849 2230 qua
2904 2159 3079 2216 fronte
3128 2163 3338 2234 ferrea,

1748 2248 2117 2303 contenditis?
2159 2247 2312 2316 Quod
2360 2249 2405 2303 si
2434 2264 2528 2304 vos
2570 2248 2706 2304 forte
2749 2265 3003 2305 numerus
3037 2263 3250 2321 movet,
3283 2265 3342 2310 ut

1747 2341 1875 2397 ideo
1902 2352 2086 2398 contra
2114 2351 2329 2397 centum
2356 2383 2370 2407 ,
2399 2357 2428 2396 a
2454 2342 2645 2413 quibus
2683 2342 2964 2400 damnatus
2993 2357 3075 2400 est
3113 2347 3341 2404 Primia-

1744 2448 1848 2487 nus
1875 2475 1888 2497 ,
1934 2433 2116 2488 valere
2162 2433 2494 2489 arbitremini
2541 2434 2830 2502 Bagaicnse
2859 2437 3142 2492 concilium
3168 2481 3182 2501 ,
3214 2440 3339 2510 quia

1745 2524 1800 2578 in
1830 2539 1895 2578 eo
1925 2525 2146 2579 trecenti
2169 2533 2223 2580 et
2241 2524 2424 2580 decem
2453 2524 2667 2579 fuerunt
2697 2541 2828 2582 :cur
2850 2527 2901 2580 in
2931 2535 3076 2584 tanto
3102 2532 3123 2561 ²
3150 2531 3338 2602 majori

1743 2631 1969 2672 numero
2011 2618 2386 2688 episcoporum
2430 2617 2546 2672 orbi
2595 2627 2856 2674 terrarum
2889 2623 3192 2680 consentire
3234 2640 3339 2680 non

1745 2707 1904 2762 vultis
1926 2708 1950 2760 ‘?

1814 2800 2052 2870 CAPU'L
2077 2800 2208 2856 VIII.
2235 2831 2305 2841 -—
2334 2802 2422 2858 10.
2454 2803 2606 2870 Quod
2633 2811 2810 2859 autem
2843 2804 3031 2874 objicis
3057 2805 3341 2866 Caeciliano

1742 2903 2021 2965 peccatum
2053 2895 2183 2950 illud
2215 2895 2537 2966 inexpiabile
2581 2897 2633 2951 in
2675 2897 2931 2967 Spiritum
2961 2909 3203 2956 sanctum
3227 2943 3241 2968 ,
3271 2902 3341 2960 de

1742 3001 1848 3056 quo
1879 2986 2141 3041 Dominus
2167 2985 2240 3040 ait
2271 3028 2287 3054 ,
2322 2985 2442 3041 Non
2469 2988 2746 3042 remittetur
2775 3005 2932 3058 neque
2961 2990 3041 3044 hic
3061 3033 3075 3059 ,
3109 3009 3266 3064 neque
3286 2994 3340 3049 in

1743 3080 1916 3149 futuro
1945 3078 2132 3132 seculo
2165 3078 2184 3150 (
2208 3077 2398 3133 Matth.
2427 3095 2503 3134 xu
2528 3122 2542 3147 ,
2577 3079 2644 3136 5‘2
2669 3079 2686 3150 )
2715 3099 2725 3134 :
2755 3088 2809 3135 et
2837 3097 2933 3137 nos
2959 3099 3234 3154 possemus
3259 3086 3340 3144 di-

1741 3184 1864 3225 cere
1889 3213 1904 3237 ,
1929 3171 2202 3226 Fclieiano
2224 3172 2512 3228 Mustitauo
2531 3215 2546 3238 ,
2569 3189 2726 3244 quem
2749 3174 2906 3231 hodie
2926 3191 3046 3232 cum
3071 3180 3338 3238 Primiano

1741 3263 1950 3319 habetis
1972 3266 2281 3335 episcopum
2301 3309 2316 3332 ,
2345 3281 2508 3321 unum
2533 3283 2598 3322 ex
2620 3267 3015 3326 ordinatoribus
3033 3271 3336 3332 Maximiani

1739 3353 2250 3426 damnatoribusquc
2279 3357 2444 3425 ipsius
2475 3358 2768 3425 Primiani,
2819 3375 2850 3415 a
2883 3376 2990 3432 quo
3013 3362 3034 3394 ³
3078 3365 3236 3420 etiam
3281 3368 3335 3425 in

1741 3447 2002 3518 sacrilego
2023 3447 2311 3504 schismate
2331 3449 2624 3518 baptizatos
2646 3466 2755 3507 non
2775 3453 3145 3523 rebaptizastis
3166 3501 3180 3526 ,
3211 3474 3338 3530 pec-

1740 3545 1915 3592 eatum
1945 3551 2040 3591 vos
2064 3536 2326 3606 objecisse
2361 3539 2503 3608 quod
2550 3539 2608 3594 fit
2651 3540 2705 3595 in
2749 3541 3003 3612 Spiritum
3050 3557 3290 3604 sanctum
3315 3593 3332 3619 ,

1739 3629 1823 3684 cui
1845 3628 2183 3699 sacrilegium
2206 3629 2509 3685 schismatis
2529 3631 2760 3700 objicitis
2783 3631 2826 3701 ⁸,
2846 3633 2983 3690 sicut
3003 3635 3055 3690 in
3079 3637 3334 3709 Bagaien-

1738 3719 1814 3774 sis
1843 3719 2052 3773 concilii
2083 3720 2342 3776 sententia
2375 3721 2731 3778 declamatum
2761 3733 2868 3781 est.
2900 3725 3048 3784 Sient
3067 3731 3209 3786 enim
3238 3749 3334 3791 vos

1739 3810 1861 3866 ideo
1888 3811 2086 3881 putatis
2116 3811 2209 3866 illo
2237 3813 2593 3870 irremissibili
2623 3824 2774 3872 reatu
2804 3832 3053 3887 peccasse
3079 3822 3130 3877 in
3160 3822 3334 3895 Spiri-

1741 3911 1850 3959 tum
1880 3914 2122 3960 sanctum
2148 3945 2163 3970 ,
2190 3919 2324 3975 quos
2354 3908 2615 3963 accusatis
2641 3909 2848 3966 divinas
2873 3911 3173 3984 Scripturas
3198 3932 3333 3973 exu-

1739 3997 1934 4052 rendas
1964 3998 2397 4066 persecutoribus
2426 4000 2710 4056 tradidisse
2733 4043 2750 4070 ,
2779 4004 2920 4073 quod
2947 4007 3160 4062 easdem
3185 4009 3330 4065 Scri-

1739 4097 1925 4158 pturas
1957 4089 2155 4158 Spiritu
2185 4098 2372 4145 sancto
2397 4091 2500 4145 acti
2528 4092 2688 4146 locuti
2711 4103 2837 4148 sunt
2866 4094 3111 4153 homines
3133 4100 3224 4154 Dei
3249 4099 3268 4174 (
3290 4102 3332 4156 ll

1741 4180 1886 4237 Petr.
1920 4199 1975 4248 1,
2005 4183 2069 4237 2i
2097 4184 2115 4253 )
2147 4201 2158 4236 :
2190 4184 2258 4237 ita
2287 4184 2446 4238 etiam
2478 4199 2576 4239 nos
2604 4201 2708 4240 non
2731 4189 2902 4242 solum
2931 4191 3124 4246 vestris
3155 4194 3331 4262 potius

1741 4276 2083 4332 traditoribus
2109 4291 2243 4346 quos
2269 4286 2418 4348 gesta
2443 4278 2772 4334 convincunt
2799 4322 2814 4347 ,
2846 4281 2947 4336 hoc
2975 4283 3178 4339 crimen
3208 4299 3332 4354 pos~

1739 4384 1919 4425 scmus
1945 4369 2181 4440 objicere
2208 4370 2250 4437 ⁸,
2283 4370 2378 4426 sed
2406 4381 2460 4425 et
2489 4371 2758 4426 Feliciano
2782 4414 2797 4438 ,
2829 4381 2886 4427 ut
2911 4373 3018 4428 dixi
3045 4417 3058 4440 ,
3107 4375 3207 4431 hoc
3233 4392 3329 4433 vos

1739 4462 2001 4533 objecisse
2028 4460 2082 4516 in
2111 4462 2333 4517 crimine
2358 4462 2603 4533 sacrilegi
2638 4463 2942 4520 sehismatis
2969 4465 3284 4524 doceremus
3308 4488 3324 4540 ;

1739 4555 1860 4626 quia
1893 4556 1945 4609 in
1993 4552 2196 4624 Spiritu
2244 4561 2431 4608 sancto
2473 4562 2716 4610 servatur
2745 4555 2920 4610 unitas
2949 4557 3247 4614 dilectionis
3275 4571 3328 4615 et

1738 4645 1883 4716 pacis
1907 4686 1922 4712 ,
1954 4645 2164 4699 dicente
2191 4643 2447 4714 Apostolo
2471 4685 2484 4710 ,
2515 4643 2833 4700 Sustinentes
2861 4647 3069 4702 invicem
3103 4650 3154 4703 in
3190 4649 3323 4704 dile-

1740 4739 1936 4804 ctione,
1974 4735 2226 4790 studentes
2266 4750 2463 4790 εει-ναῖε
2505 4737 2748 4791 unitatem
2792 4737 3002 4808 spiritus
3037 4739 3089 4792 in
3124 4741 3326 4796 vinculo

1739 4831 1880 4902 pacis
1913 4826 2144 4902 (Ep/tes.
2173 4844 2248 4895 tv,
2278 4828 2314 4882 2
2338 4869 2353 4894 ,
2385 4827 2678 4900 5).Ωιιθη]
2701 4828 2940 4899 profecto
2983 4831 3182 4899 violat,
3237 4837 3326 4906 qui

1739 4922 1971 4978 seliisma
1993 4921 2296 4976 committit.
2319 4919 2426 4975 Sed
2450 4920 2590 4975 hunc
2614 4929 2818 4974 reatum
2850 4921 3148 4978 insolubilis
3169 4936 3327 4982 aeter-

1740 5015 1899 5086 nique
1931 5015 2131 5085 peccati
2157 5054 2172 5081 ,
2200 5011 2340 5085 quod
2370 5016 2425 5066 in
2467 5013 2722 5083 Spiritum
2763 5023 3008 5069 sanctum
3039 5018 3327 5074 committi-

1740 5119 1827 5164 tur
1849 5151 1865 5177 ,
1895 5123 1994 5164 nec
2018 5109 2170 5164 vobis
2198 5107 2476 5178 objicimus
2501 5149 2515 5171 ,
2545 5123 2678 5178 quos
2703 5119 2972 5165 correctos
3000 5126 3120 5166 cum
3149 5113 3325 5170 vivitis

1740 5199 1918 5255 sanari
1949 5215 2103 5269 posse
2133 5214 2237 5254 non
2267 5198 2610 5268 despcramus
2638 5217 2650 5264 ;
2684 5215 2781 5255 nec
2811 5203 3004 5256 vestris
3028 5244 3044 5269 ,
3077 5205 3164 5274 qui
3193 5220 3322 5260 san-

1739 5302 1854 5349 ctos
1901 5291 2124 5348 Codices
2166 5293 2479 5348 cremandos
2535 5293 2741 5364 ignibus
2798 5295 3164 5362 tradiderunt,
3219 5297 3321 5354 nisi

1805 5469 1821 5501 ί
1858 5473 2013 5533 Forte,
2039 5466 2266 5531 primum,
2283 5466 2469 5518 scilicet
2491 5469 2822 5533 cognitionem.

1805 5533 1826 5594 2
1851 5529 2138 5590 Addidinius,
2167 5535 2311 5594 tanto,
2339 5541 2400 5578 ex
2427 5529 2777 5594 manuscriptis.

1807 5593 1828 5659 ἒ
1851 5599 1982 5659 ιονν
2007 5603 2144 5659 (ιιιοιεςἶ
2165 5591 2333 5659 melius
2348 5599 2511 5659 autem
2535 5591 2717 5659 _Mss.,'a
2739 5609 2848 5659 quo.

1806 5655 1827 5686 ι
1853 5651 2076 5713 verbum,
2097 5651 2319 5769 agnitis,
2343 5655 2484 5706 abest
2506 5657 2568 5704 ah
2587 5651 2690 5726 am.
2713 5651 2764 5708 et
2797 5670 2826 5707 a
2850 5655 3199 5727 manuscriptts.

1809 5719 1830 5754 ο
2004 5717 2092 5769 hoc
2114 5731 2148 5769 tt
2167 5729 2244 5769 ent
2265 5730 2504 5769 nossemus
2518 5718 2742 5769 οὐκί-ωε.

1809 5719 1830 5754 ο
1853 5724 1980 5781 Mss,
2004 5717 2092 5771 hoc
2114 5715 2244 5772 idem
2265 5730 2504 5786 possemus
2518 5717 2742 5782 objicere.

2638 5814 2666 5889 (
2681 5803 3047 5890 Dix-Itut't.)
