3778 6134
53 195 144 256 557
524 149 528 154 ’
1110 191 1116 195 '
1302 184 1306 188 ‘
1376 189 1580 256 LIBER
1615 169 1958 270 QUARTUS.

54 317 176 367 tuas.
207 308 393 367 Pesuit
416 317 563 367 certe
587 311 678 367 ille
701 309 804 367 ista
826 310 989 367 Verba
1011 315 1110 366 sua
1132 325 1146 364 :
1166 307 1501 381 Conscientia,
1525 309 1620 379 ait,

52 413 207 458 sancte
241 402 416 458 dantis
445 405 718 458 attenditur
741 447 756 472 ,
784 407 895 474 quin
944 404 1123 459 abluat
1168 405 1479 476 accipientis.
1527 395 1622 462 Cui

51 508 138 564 ego
162 510 175 546 :
202 494 339 560 Quid
358 495 429 562 si,
454 491 686 565 inquam,
715 496 869 549 lateat
888 495 1056 551 dantis
1078 497 1399 564 conscientia,
1431 508 1477 552 et
1497 501 1628 569 forte

51 586 291 640 maculosa
318 586 431 641 sit?
459 587 705 657 quomoda
745 578 930 657 poterit
954 585 1245 659 accipientis
1269 589 1471 644 abluere
1499 599 1624 644 con-

50 677 291 728 scientiam
309 675 336 728 ?
363 675 514 731 Hanc
544 686 598 730 tu
629 675 990 732 inevitabilem
1015 680 1388 748 quaestionem,
1419 679 1541 750 quia
1569 679 1621 735 in

51 768 210 822 verbis
236 767 486 822 Petiliani
515 771 734 824 omnino
760 769 865 825 non
901 771 1144 837 solvitur,
1174 771 1277 826 tuis
1296 772 1509 828 solVere
1528 763 1624 844 ag-

51 871 250 927 gressus
277 871 360 924 es,
401 869 461 914 et
498 859 700 926 disisti,
739 873 844 916 non
872 871 1057 917 contra
1088 877 1194 930 me,
1224 858 1318 918 sed
1342 859 1528 920 eontra
1555 859 1621 919 il-

53 948 146 1002 lum
192 964 353 1019 quem
399 950 692 1006 defendere
722 951 958 1008 voluisti.
1009 951 1104 1010 llle
1133 953 1329 1026 quippe
1366 955 1457 1022 ait,
1492 953 1625 1011 Con-

51 1041 236 1093 scientia
286 1042 465 1097 dantis
499 1044 806 1110 attenditur,
857 1058 982 1116 qua
1016 1034 1191 1100 abluat
1216 1043 1505 1118 accipientis
1528 1065 1547 1102 :
1569 1057 1624 1104 tu

51 1144 163 1185 vero
179 1130 374 1198 fassus,
403 1132 659 1189 latentem
685 1136 1064 1191 conscientiam
1087 1134 1257 1193 videri
1280 1139 1382 1193 'non
1406 1155 1562 1209 posse
1582 1139 1622 1208 ί,

52 1220 117 1275 sic
143 1237 253 1290 eam
283 1223 472 1280 dixisti
495 1226 717 1290 attendi,
745 1235 806 1281 ut
831 1239 937 1282 non
959 1227 1198 1283 videatur
1225 1227 1360 1298 ipsa,
1384 1229 1474 1285 sed
1499 1227 1624 1300 quid

53 1311 108 1366 de
132 1314 213 1367 illa
240 1325 431 1370 notum
459 1317 530 1370 sit
573 1317 624 1371 in
650 1318 858 1388 publica
900 1318 1059 1374 fama.
1114 1318 1266 1378 Und'e
1307 1319 1577 1394 cblligitttr
1605 1364 1620 1390 ,

53 1417 214 1458 vemm
236 1404 349 1475 jam
397 1421 505 1462 non
535 1421 656 1464 esse
704 1408 845 1479 quod
872 1409 1194 1467 conscientia
1234 1411 1410 1468 dantis
1446 1414 1625 1468 abluat

54 1497 340 1566 accipientis
369 1499 794 1556 conscientiam:
819 1500 914 1558 sed
937 1500 1076 1557 fama
1095 1503 1211 1574 ejus
1237 1504 1403 1560 abluit
1426 1520 1621 1562 secun-

55 1585 161 1640 dum
189 1596 280 1654 te;
303 1604 429 1659 quae
474 1590 660 1662 utique
700 1590 837 1648 fallit
863 1593 1183 1662 intuentem,
1214 1609 1336 1652 cum
1365 1596 1431 1653 de
1457 1593 1625 1669 pessi-

55 1693 130 1733 mo
153 1679 384 1750 loquitur
408 1681 572 1750 bona,
600 1682 669 1739 de
690 1684 942 1741 adultero
967 1695 1140 1754 casta,
1161 1686 1229 1743 de
1254 1689 1512 1760 sacrilego
1540 1703 1624 1746 re-

57 1771 239 1842 ligiosa.
270 1774 427 1831 Tunc
456 1777 602 1833 enim
626 1777 820 1846 abluit,
859 1779 1074 1850 quando
1104 1781 1379 1837 mentitur.
1403 1781 1536 1838 Nam
1577 1782 1622 1838 si

58 1862 116 1919 de
135 1867 337 1922 occulto
375 1869 642 1926 scelerato
669 1869 811 1926 fama
845 1886 1030 1928 verum
1069 1871 1335 1944 loquatur,
1361 1867 1486 1930 tunc
1515 1889 1622 1930 non

62 1956 228 2024 abluit,
258 1959 352 2016 sed
381 1962 615 2018 maculat
644 1977 767 2019 eum
805 1965 896 2035 qui
925 1965 993 2021 ab
1037 1965 1131 2020 illo
1148 1967 1412 2035 acceperit
1440 1965 1623 2038 Bapti-

60 2067 232 2108 smum.
264 2057 344 2110 Ac
382 2071 484 2127 per
509 2055 613 2112 hoc
665 2056 806 2112 fama
854 2058 952 2113 ista
977 2100 992 2125 ,
1025 2054 1182 2130 quam
1213 2057 1490 2130 patronam
1518 2069 1622 2115 tam

62 2149 196 2202 make
220 2163 400 2205 causae
445 2151 702 2208 adhibere
724 2152 941 2208 voluisti
969 2194 984 2219 ,
1018 2153 1137 2208 vide
1161 2153 1331 2224 qualis
1357 2154 1460 2218 sit,
1505 2167 1624 2224 quae

60 2238 273 2295 mendax
303 2241 518 2311 abluit,
546 2251 600 2298 et
623 2249 786 2298 verax
812 2244 1001 2314 polluit
1033 2262 1046 2299 :
1077 2252 1136 2299 ut
1174 2227 1377 2301 scilicet
1402 2237 1624 2301 miriﬁca

69 2335 144 2383 tua
169 2315 550 2401 disputatione,
579 2342 704 2389 tunc
729 2333 868 2404 apud
889 2348 1009 2390 eam
1035 2335 1057 2367 ⁸
1079 2349 1185 2391 non
1219 2335 1289 2391 sit
1311 2341 1448 2406 aqua
1475 2343 1623 2392 inen-

71 2417 178 2487 dax,
203 2425 416 2492 quando
435 2424 551 2494 ipsa
577 2425 646 2480 sit
669 2425 919 2481 mendax.

128 2511 341 2570 CAPUT
369 2515 512 2571 Xlll.
533 2546 605 2557 —
624 2517 713 2572 15.
759 2517 867 2574 Sed
903 2517 1028 2588 quid
1056 2516 1183 2573 hinc
1219 2525 1352 2588 opus
1381 2520 1463 2572 est
1505 2516 1626 2572 diu-

66 2601 154 2657 tius
178 2603 340 2676 loqui,
373 2622 503 2662 cum
532 2607 830 2664 Felicianus
851 2608 1009 2665 hodie
1033 2610 1218 2664 sedeat
1245 2610 1383 2665 inter
1409 2608 1624 2679 episco-

68 2706 152 2765 pos
173 2707 396 2768 vestros,
428 2701 661 2770 quicum
682 2701 750 2757 ab
775 2702 855 2757 eis
875 2702 1172 2771 disiunctus
1199 2709 1362 2768 esset,
1390 2711 1443 2756 et
1463 2701 1626 2756 Maxi-

71 2789 229 2846 miano
264 2792 316 2847 in
362 2801 554 2850 catena
602 2793 866 2866 sacrilegii
915 2794 1231 2860 cohmreret,
1261 2799 1626 2867 quoscumque

72 2877 371 2954 baptizavit,
412 2901 575 2942 nemo
618 2895 740 2957 post
784 2901 906 2942 eum
958 2885 1346 2957 rebaptizavit?
1374 2887 1567 2956 Quzero
1595 2901 1625 2943 a

70 2968 304 3038 Petiliano
343 2979 650 3050 cuiusmodi
677 2979 920 3036 habuerit
941 2988 1064 3035 tttnc
1091 2981 1178 3034 ille
1208 2979 1619 3036 conscientiam.

73 3059 127 3118 Ei
158 3066 264 3137 lego
311 3069 592 3127 decretum
634 3071 940 3142 Bagaiensis
989 3069 1220 3135 concilii,
1263 3072 1348 3127 ubi
1371 3073 1625 3142 scriptum

72 3163 172 3209 est:
195 3155 297 3213 Nec
327 3161 496 3216 solum
538 3162 672 3216 hunc
714 3163 910 3217 sceleris
947 3163 1024 3216 sui
1069 3177 1212 3232 ,mors
1250 3165 1393 3234 justo
1439 3165 1626 3219 conde-

77 3252 194 3294 mnat
217 3259 235 3308 ;
263 3247 419 3300 traltit
445 3247 595 3301 etiam
623 3247 690 3300 ad
715 3249 1020 3302 consortium
1039 3247 1262 3302 criminis
1283 3249 1525 3319 plurimos
1539 3265 1626 3302 ca-

76 3336 170 3384 tena
185 3337 456 3409 sacrilegii,
485 3339 548 3393 de
571 3339 747 3410 quibus
776 3340 1018 3411 scriptum
1038 3343 1128 3407 est,
1149 3357 1168 3391 ‹
1205 3337 1460 3394 Venenum
1484 3341 1626 3410 aspi-

77 3418 176 3474 dum
193 3426 278 3478 sub
307 3427 463 3482 labiis
490 3445 684 3497 eorum,
707 3445 919 3500 quorum
944 3447 999 3484 os
1041 3430 1392 3486 maledictione
1412 3441 1460 3486 et
1488 3447 1629 3486 ama-

75 3511 266 3570 ritudine
291 3519 497 3589 plenum
536 3532 608 3576 est
647 3541 667 3575 ι
704 3521 875 3593 (Psal.
917 3539 1032 3590 xtu,
1066 3523 1102 3579 5
1123 3523 1167 3593 ).
1197 3522 1339 3580 Inter
1361 3521 1458 3579 hos
1486 3525 1628 3579 enim

78 3602 309 3690 plurimos
357 3615 522 3670 etiam
563 3615 865 3672 Felicianus
895 3626 1294 3684 annumeratur,
1321 3619 1412 3690 qui
1438 3618 1629 3675 talibus

79 3689 211 3752 labiis
228 3711 281 3756 et
305 3704 400 3761 tali
438 3720 532 3762 ore
570 3703 895 3778 baptizavit:
918 3707 1108 3762 horum
1134 3689 1366 3780 aliquem
1403 3719 1511 3765 non
1538 3725 1627 3766 re-

76 3790 266 3856 8liuisus
295 3795 342 3865 ³,
369 3813 480 3854 non
505 3799 823 3870 rescidistis,
855 3817 963 3857 non
991 3801 1366 3870 destruxistis;
1421 3812 1475 3860 et
1502 3805 1625 3875 quia

77 3882 232 3939 verbis
257 3891 604 3962 evangelicis,
632 3894 687 3948 in
713 3894 928 3951 nomine
958 3893 1131 3950 Patris
1154 3903 1209 3951 et
1233 3889 1354 3951 Filii
1378 3903 1434 3953 et
1455 3895 1628 3967 Spiri-

75 3976 148 4026 tus
171 3982 348 4050 sancti,
379 3999 480 4055 per
505 3985 850 4056 qualemlibet
894 3985 1127 4058 linguam
1156 3995 1318 4060 atque
1343 3989 1627 4045 conscien-

77 4059 183 4120 tiam
210 4084 516 4131 consecrata
546 4086 629 4132 est
659 4092 815 4148 aqua,
837 4087 947 4134 non
978 4059 1318 4148 mendacem,
1358 4080 1453 4136 Sed
1477 4085 1627 4137 vera-

77 4164 174 4244 sem
217 4168 506 4234 agnovistis
553 4177 711 4239 atque
751 4171 1048 4241 recepistis.
1087 4172 1130 4227 A
1157 4179 1212 4227 te
1237 4181 1415 4228 autem
1443 4183 1628 4244 quaero

77 4243 134 4302 de
159 4251 252 4310 isto
281 4259 572 4330 Feliciano,
595 4263 747 4332 cujus
775 4274 882 4319 tam
913 4263 1074 4330 mala,
1103 4279 1224 4319 cum
1248 4265 1301 4320 in
1318 4273 1510 4322 catena
1539 4279 1628 4322 sa-

78 4343 254 4431 crilegii
281 4352 596 4425 baptizaret,
623 4356 797 4413 fuerat
816 4360 1144 4415 conscientia
1163 4402 1176 4422 ,
1206 4361 1332 4431 quid
1361 4370 1477 4416 erat
1503 4373 1628 4419 tunc

80 4429 122 4487 in
145 4443 339 4508 publica
377 4449 519 4504 fama
545 4449 567 4503 ?
590 4453 764 4520 Atque
794 4453 969 4522 ipsum
1013 4429 1293 4508 concilium
1335 4447 1626 4510 identidem

80 4531 240 4616 recito,
280 4539 367 4595 ubi
395 4543 652 4611 scriptum
686 4551 770 4599 est
797 4561 810 4598 :
841 4542 1053 4599 Famosi
1098 4560 1218 4616 ergo
1265 4545 1493 4599 criminis
1515 4559 1628 4601 reos

91 4614 409 4686 Victorianum
441 4632 893 4690 Carcabianensem
913 4677 928 4703 ,
959 4644 1015 4691 et
1064 4637 1204 4693 inter
1231 4647 1455 4693 cmle‘ros
1492 4645 1628 4709 quas

83 4724 295 4794 rePetere
319 4728 500 4797 piget,
537 4727 899 4784 Prwtextatttm
921 4729 1274 4785 Assuritanum
1299 4773 1313 4796 ,
1339 4739 1384 4785 et
1407 4729 1626 4784 Felicia-

85 4817 186 4860 num
202 4811 550 4889 Mustitanum,
580 4822 668 4893 qui
692 4825 891 4893 funesto
917 4835 1066 4894 opere
1086 4822 1378 4893 perditionis
1400 4837 1487 4877 ras
1514 4823 1627 4877 sor-

85 4894 235 4980 tiidnm
271 4911 484 4968 collecta
531 4915 818 4986 [saeuientia
868 4917 1219 4988 glutinarunt,
1268 4915 1430 4987 paulo
1479 4924 1622 4986 post,

86 4989 274 5073 Ριεηανξὶ
298 5006 498 5061 concilii
525 5023 612 5063 ore
632 5008 850 5064 veridico
889 5009 1160 5064 damnatos
1180 5009 1286 5064 esse
1309 5010 1618 5079 cognoscite.

147 5081 351 5150 CAPUT
383 5095 522 5153 XIV.
547 5107 630 5140 '--
668 5098 754 5155 16.
803 5099 942 5167 Quid
969 5100 1035 5155 ad
1085 5099 1184 5156 ista
1208 5099 1536 5171 respondes?
1569 5100 1624 5156 Si
1683 5093 1685 5095 ’

138 5249 332 5348 1335.5.
347 5251 932 5348 infulae“?!
973 5271 1308 5346 συηδείεηιίωη
1344 5273 1501 5348 videri
1534 5287 1629 5348 ηρρι

219 5317 360 5380 dicis:
376 5317 945 5398 armisarmis;
974 5317 1501 5399 amissam
1511 5317 1628 5400 ,Ἑἐῖ

139 5433 650 5529 ἷῇἓέξειβάίιίῖενιξε
671 5458 802 5522 apud
826 5464 912 5528 εε-,
1011 5505 1029 5529 .,
1094 5520 1108 5529 ,
1197 5521 1229 5529 ,,
1297 5515 1300 5518 .

164 5501 650 5588 πεζιξτβέὲηξῖζείἱὶιῖἔ
671 5501 975 5584 "nauata".
1009 5505 1130 5586 (vel,
1162 5515 1395 5588 aliquam)
1435 5536 1528 5573 non
1551 5539 1626 5576 re-

373 5581 516 5642 Paul“
531 5588 655 5656 P05},
672 5581 955 5656 9W0l0“.
965 5581 1054 5645 εδῖν
1069 5581 1164 5656 πότι
1185 5581 1480 5656 ηιὲζπάαέεῃι,
1503 5595 1624 5656 etc;

197 5645 210 5694 .'
257 5647 398 5710 voce,
479 5656 558 5696 ua.
597 5650 738 5704 Forte
774 5645 792 5695 ι
863 5646 1058 5716 endam,
1161 5707 1175 5719 ο
1191 5647 1279 5718 tali
1296 5662 1380 5702 ore
1413 5645 1626 5713 baptiza;

90 5645 498 5745 alutam
509 5715 596 5745 nm
611 5703 704 5745 ﬁt“
715 5659 996 5745 inille/gnum:
1013 5717 1258 5745 νικητικῆς

509 5715 596 5760 ore
611 5703 704 5758 tttli
715 5703 1001 5770 Mantuam
1013 5703 1277 5772 respuatis.

1735 321 1842 370 non
1884 313 2116 385 baptizat
2150 329 2179 370 a
2223 311 2402 405 vestra
2429 306 2810 378 coi‘nmiiiiio'nii
2847 312 3122 395 separabis
3150 348 3163 384 :
3195 325 3318 405 lego

1733 405 2029 478 baptizasse
2058 425 2180 465 cum
2226 393 2545 468 Maximiano
2575 409 2641 469 ad
2697 407 3024 474 consortium
3077 393 3317 485 criminis

1732 507 1951 558 tractos.
1981 492 2038 558 Si
2082 491 2189 558 non
2225 503 2457 574 baptizat
2500 493 2590 577 qui
2636 517 2823 579 peccat
2866 509 2920 588 in
2950 511 3118 568 Deum
3149 530 3162 568 :
3195 505 3314 587 lego

1732 591 2031 665 baptizassc
2053 587 2241 651 catena
2269 590 2534 670 Sacrilegii
2554 600 2854 672 colligatos.
2887 598 2945 690 Si
2979 590 3310 668 conscientia

1732 691 1916 741 sancte
1955 683 2131 741 dantis
2176 685 2506 758 attenditur,
2553 706 2673 762 qua:
2727 683 2908 748 abluat
2945 697 3258 768 accipientis
3289 721 3304 759 :

1731 773 1851 848 l’ego
1902 769 2204 858 baptizasse
2244 781 2512 837 morsibus
2564 777 2581 814 ί
2631 779 2873 856 aspidum
2899 785 3216 864 venenosos.
3245 775 3302 851 Si

1731 865 2057 926 censcientia
2107 867 2283 925 dantis
2312 861 2369 926 ut
2409 874 2580 943 pos‘sit
2625 873 2865 944 abluere,
2921 861 3133 950 publica
3163 883 3304 942 fama

1731 959 1846 1032 ejus
1874 963 2197 1022 attenditur:
2223 953 2343 1039 lego
2366 963 2664 1039 baptizasse
2688 970 2881 1029 famosi
2901 973 3141 1033 criminis
3167 995 3310 1038 reos.

1733 1041 1911 1111 Manet
1953 1055 2129 1114 adhuc
2173 1060 2226 1115 in
2279 1061 2506 1133 corpore
2547 1061 2868 1133 Felicianus,
2913 1066 3033 1125 cum
3067 1071 3163 1128 illo
3188 1085 3314 1132 sunt

1729 1141 1918 1203 omnes
1941 1141 2009 1204 ab
2038 1149 2129 1207 illo
2171 1149 2225 1207 in
2279 1152 2562 1225 sacrilegio
2592 1149 2896 1215 schismatis
2940 1159 3191 1232 baptitati
3215 1208 3230 1232 ,
3260 1167 3314 1224 in

1730 1235 2158 1297 communionem
2208 1253 2386 1299 autem
2416 1256 2648 1302 vestram
2676 1251 2920 1320 recepti,
2962 1269 3061 1310 nec
3089 1256 3158 1312 ab
3201 1258 3310 1316 ullo

1728 1330 2065 1402 rebaptizati.
2118 1336 2314 1391 Contra
2347 1335 2667 1395 Petilianum
2695 1384 2710 1409 ,
2743 1331 3032 1413 baptizavit
3057 1339 3314 1422 sacrilega

1729 1415 2054 1480 conscientia
2091 1427 2428 1495 niaculosus;
2457 1427 2643 1487 contra
2675 1441 2728 1489 te
2750 1476 2765 1502 ,
2799 1435 3084 1506 baptizavit
3129 1441 3315 1499 famosi

1728 1514 1965 1571 Criminis
1992 1533 2139 1574 reus.
2189 1521 2304 1588 Qua
2335 1523 2550 1578 ratione
2580 1540 2675 1580 vos
2697 1565 2712 1593 ,
2740 1542 2922 1596 quaeso
2941 1571 2956 1596 ,
2986 1530 3272 1590 defenditis
3295 1577 3311 1604 ,

1728 1609 1830 1662 nisi
1861 1615 1917 1663 tit
1944 1609 2085 1681 quod
2139 1619 2192 1667 ct
2233 1629 2331 1670 nos
2362 1613 2625 1684 dicimus,
2674 1620 2868 1674 Vestris
2895 1619 3048 1679 factis
3081 1626 3312 1683 convicti

1728 1700 2010 1771 aliquando
2036 1702 2228 1759 dicatis
2263 1747 2278 1773 ,
2337 1705 2480 1777 quod
2506 1724 2606 1764 nec
2655 1711 3003 1782 conscientia,
3044 1732 3146 1772 nec
3175 1719 3313 1775 fama

1727 1791 1900 1848 dantis
1927 1793 2105 1851 abluat
2134 1799 2450 1869 accipientis
2479 1803 2866 1860 conscientiam
2889 1847 2904 1873 ,
2933 1809 3030 1865 sed
3061 1807 3193 1868 fides
3217 1828 3309 1869 ac-

1726 1885 1972 1959 cipientis
2001 1887 2189 1960 ipsius,
2219 1891 2398 1948 dantis
2423 1905 2601 1951 autem
2624 1897 2717 1953 Dei
2746 1900 2940 1972 gratia,
2990 1919 3098 1959 non
3137 1905 3312 1964 homi-

1727 1976 1810 2032 nis
1838 1997 1852 2033 :
1882 1980 2022 2050 quod
2052 1977 2098 2037 si
2126 1991 2181 2038 et
2207 1983 2548 2043 conscientiae
2572 1987 2729 2044 bona:
2750 1983 3098 2065 interrogatio
3131 1997 3182 2052 in
3209 2015 3302 2056 ac-

1726 2061 1957 2142 cipiente
2009 2065 2115 2130 non
2173 2065 2369 2144 fuerit,
2421 2071 2664 2151 fidesque
2689 2081 2802 2154 ipsa
2831 2085 2912 2140 vel
2948 2061 3076 2156 tota,
3107 2091 3194 2146 vel
3236 2107 3303 2148 ex

1728 2163 1877 2235 parte
1910 2163 2083 2238 aliqua
2119 2169 2489 2240 vacillaverit,
2528 2189 2708 2230 mores
2741 2177 3020 2235 hominum
3045 2196 3166 2239 esse
3191 2199 3314 2241 coro

1726 2251 1996 2326 'rigendos,
2031 2275 2135 2315 non
2162 2263 2496 2320 sacramenta
2524 2259 2868 2334 destruenda,
2899 2287 3020 2342 quae
3056 2289 3163 2331 non
3205 2261 3308 2336 alia

1728 2343 1812 2406 Vel
1840 2343 2052 2419 similia,
2086 2352 2180 2409 sed
2231 2343 2288 2410 tu
2337 2356 2557 2413 omnino
2604 2351 2790 2416 eadem
2838 2363 3144 2422 conﬁteris:
3172 2370 3310 2426 sicut

1729 2455 1913 2496 eorum
1954 2460 2087 2514 quos
2113 2443 2417 2504 Feliciantts
2463 2459 2517 2505 et
2556 2447 2912 2510 Praetextatus
2951 2456 3005 2511 in
3050 2461 3310 2534 sacrilego

1729 2532 2014 2590 schismate
2041 2537 2400 2608 baptizarunt,
2433 2541 2596 2596 vitam
2621 2551 2677 2598 et
2700 2544 3022 2603 voluntatem
3043 2532 3313 2622 corrigen-

1728 2627 1851 2684 dam
1898 2630 2264 2698 existimastis,
2321 2649 2391 2690 ne
2445 2635 2498 2688 in
2547 2635 2640 2691 illo
2709 2638 2998 2696 schismate
3049 2645 3307 2716 sacrilego

1727 2719 2102 2792 permanerent
2134 2723 2154 2755 '
2179 2740 2194 2789 ;
2226 2739 2334 2779 non
2362 2723 2666 2782 violandum
2695 2725 3047 2801 Baptismum,
3078 2729 3204 2792 licet
3230 2737 3312 2792 in-

1727 2809 2051 2883 dignissimis
2073 2829 2173 2886 per
2201 2811 2599 2887 indignissimos
2624 2819 2976 2877 ministratum
3003 2824 3026 2878 'l

1693 2947 1700 2954 .
1771 2980 1774 2983 ‘
1799 2897 2023 2960 CAPUT
2044 2903 2338 2962 XV.—i7.
2362 2906 2578 2964 Frustra
2601 2905 2758 2982 igitur
2784 2926 2878 2967 ore
2899 2914 3159 2972 maledico
3183 2932 3312 2976 cou-

1729 2993 2006 3052 scientiam
2036 3009 2273 3053 nostram
2303 3007 2556 3071 tanquam
2573 3001 2894 3072 publicatam
2915 3013 3072 3076 atque
3093 3009 3310 3068 damna-
3393 3016 3399 3021 ’

1731 3097 1839 3144 tam
1869 3087 2093 3145 crimine
2133 3089 2561 3158 thurilicationis,
2614 3091 2912 3151 traditionis
2934 3139 2950 3165 ,
2982 3104 3310 3168 persecutio-

1731 3181 1834 3249 nis,
1861 3197 2116 3238 accusare
2141 3183 2378 3252 voluisti,
2411 3192 2470 3239 ut
2510 3201 2578 3240 ex
2614 3184 2718 3242 hoc
2746 3187 2892 3242 velut
2925 3191 3182 3259 probares
3209 3210 3310 3251 nos

1730 3271 2057 3343 Baptismum
2082 3274 2212 3330 dare
2232 3290 2338 3329 non
2365 3289 2524 3345 posse
2556 3294 2569 3330 :
2602 3292 2724 3332 cum
2751 3288 2805 3333 et
2830 3278 2960 3336 falsa
2985 3283 3225 3353 jactetis;
3257 3296 3313 3343 et

1730 3365 2224 3437 quomodocumque
2244 3380 2304 3422 se
2333 3364 2461 3422 illud
2491 3363 2707 3435 habeat,
2737 3363 2881 3425 Certe
2926 3369 3312 3431 Maximianen-

1732 3457 1867 3514 sium
1894 3457 2153 3528 sacrilegii
2173 3456 2399 3516 crimine
2427 3457 2676 3514 damnata
2704 3461 3030 3518 conscientia
3051 3462 3180 3520 dare
3211 3483 3305 3537 po.

1731 3549 1831 3606 tuit
1852 3549 2180 3622 Baptismum
2203 3591 2218 3618 ,
2247 3566 2407 3620 quem
2435 3550 2743 3608 rescindere
2769 3552 3043 3618 timuistis,
3064 3567 3116 3612 et
3137 3574 3302 3629 quem

1732 3641 1845 3702 dari
1878 3644 2037 3700 etiam
2074 3659 2106 3700 a
2147 3643 2579 3715 persecutoribus
2630 3660 2789 3716 posse
2830 3662 2927 3718 per
2955 3664 3054 3705 vos
3097 3651 3310 3724 qucque

1731 3735 1876 3810 ipsos
1895 3737 2136 3805 docetur,
2165 3735 2256 3808 qui
2309 3733 2529 3793 eosdem
2557 3735 3004 3796 Maximianenses
3045 3742 3310 3802 acerrime

1731 3829 1998 3902 persecuti
2023 3829 2045 3862 ³
2070 3843 2177 3883 non
2199 3827 2375 3884 solum
2398 3827 2696 3900 baptizatis,
2722 3827 2815 3886 sed
2840 3845 2937 3887 vos
2965 3831 3108 3890 solos
3132 3833 3309 3906 bapti-

1731 3938 1854 3979 zare
1875 3921 2072 3979 debere
2107 3921 2446 3977 contenditis.

1801 4005 2027 4072 CAPUT
2057 4013 2270 4070 XVl.-—
2292 4013 2382 4071 l8.
2407 4015 2551 4070 Dicis
2572 4015 2624 4070 in
2651 4015 2792 4087 Lege
2826 4018 3103 4088 scriptum,
3125 4020 3309 4080 Oleum

1732 4101 2006 4180 peccatoris
2031 4105 2146 4160 nolo
2170 4117 2326 4178 ungat
2346 4116 2497 4176 caput
2519 4123 2684 4160 meum
2715 4105 2884 4179 (Psal.
2909 4123 3032 4174 ch,
3056 4109 3133 4182 5).
3155 4111 3308 4179 Quod

1732 4216 1903 4273 neque
1928 4202 2001 4255 ita
2027 4199 2284 4267 scriptum
2307 4207 2409 4264 cst,
2429 4214 2526 4253 nec
2545 4199 2681 4254 sicut
2700 4209 2854 4270 putas
2880 4201 3302 4274 intelligendum.

1731 4291 1836 4351 Sed
1865 4290 2120 4361 numquid
2145 4306 2249 4344 non
2268 4299 2351 4346 est
2370 4289 2545 4345 oleum
2571 4291 2869 4359 peccatoris
2890 4292 3066 4348 oleum
3093 4297 3311 4353 sacrile-

1732 4379 1916 4456 gorum
1943 4381 2244 4436 Praetextati
2271 4388 2326 4436 et
2363 4379 2657 4435 Feliciani?
2686 4377 2826 4436 Dicis
2881 4382 3008 4437 item
3051 4384 3308 4456 scriptum

1733 4491 1872 4541 esse,
1903 4467 2002 4540 Qui
2040 4472 2322 4544 baptizatur
2345 4489 2376 4526 a
2415 4483 2633 4540 mortuo,
2659 4473 2784 4546 quid
2806 4473 2852 4529 ei
2891 4476 3092 4548 prodest
3121 4477 3307 4537 lavatio

1731 4569 1839 4640 ejus
1859 4567 2047 4640 (Ecclt.
2080 4583 2259 4630 xxxrv,
2288 4564 2422 4638 50)?
2451 4565 2603 4632 Quod
2634 4582 2732 4622 nec
2759 4567 3042 4638 diligenter
3056 4574 3308 4642 attendis,

1732 4677 1832 4718 nec
1859 4677 1924 4716 ex
1949 4659 2062 4729 ipsa
2089 4658 2484 4714 circumstantia
2511 4657 2757 4713 lectionis
2782 4659 2906 4729 quid
2931 4661 3000 4715 sit
3027 4661 3302 4734 intelligis.

1732 4753 2111 4811 Verumtamen
2136 4750 2354 4808 intende
2379 4747 2505 4822 quid
2529 4761 2687 4808 sonet
2711 4751 3060 4807 disertissima
3093 4753 3176 4809 illa
3200 4757 3302 4814 Ba-

1731 4847 1942 4919 gai'tana
1996 4842 2301 4901 sententia:
2333 4841 2522 4914 Optata
2569 4843 2770 4916 quidem
2792 4887 2809 4913 ,
2857 4844 3048 4916 inquit,
3090 4848 3230 4918 pacis
3260 4861 3308 4903 et

1732 4939 2015 4996 concordia:
2044 4945 2115 4993 est
2136 4937 2319 5009 juncta
2339 4933 2361 4968 ‘
2386 4937 2732 5007 germanitas;
2762 4937 2890 4992 sicut
2913 4939 3160 5008 scriptum
3185 4953 3298 5010 est,

1738 5041 1758 5086 i
1793 5031 2004 5087 Iustitia
2026 5039 2073 5086 et
2092 5046 2194 5103 pax
2214 5030 2449 5085 osculata:
2472 5039 2589 5084 sunt
2607 5029 2818 5084 invicem
2844 5051 2861 5084 ι
2885 5029 3054 5106 (Psal.
3084 5051 3302 5106 Lxxxtv,

1731 5113 1826 5196 ii)
1855 5141 1868 5178 :
1899 5123 1986 5178 sed
2038 5121 2256 5177 veridica
2291 5121 2431 5176 unda
2458 5123 2513 5175 in
2558 5137 2760 5193 asperos
2800 5126 3034 5195 scopulos
3079 5127 3302 5184 nonnul-

1732 5217 1894 5271 lorum
1921 5218 2171 5287 naufraga
2211 5215 2436 5285 profecta
2486 5222 2602 5268 sunt
2635 5215 2892 5284 membra,
2940 5217 3305 5292 Egyptiorum

1731 5305 2009 5362 admodum
2033 5305 2263 5377 exemplo
2292 5306 2603 5377 pereuntium
2631 5300 2893 5375 funeribus
2914 5307 3062 5379 plena
3081 5318 3197 5366 sunt
3217 5309 3301 5365 lit-

1793 5522 2439 5595 EAttl-eilissomwribuﬁc
2533 5583 2580 5595 ..
2704 5587 2726 5595 _
2826 5585 2832 5595 .
2903 5587 2935 5595 ..
2978 5576 2985 5592 ,ι

1791 5590 1814 5656 ξ
1836 5583 2028 5656 Aliquot
2045 5583 2176 5646 Mss,
2199 5597 2258 5656 ne
2280 5583 2332 5636 in
2353 5583 2457 5656 illo
2476 5583 2746 5656 schismatis
3071 5643 3084 5652 ,
3127 5651 3134 5656 _

1793 5647 1983 5720 sedis.
2019 5649 2310 5720 ρςνεςεμιοει
2351 5648 2521 5720 salies
2547 5647 2730 5720 aliqua
2762 5650 2903 5716 θέει,

1792 5714 1816 5747 δ
1838 5717 1892 5762 tn
1906 5708 2038 5775 mas;
2056 5708 2233 5767 invicta
2245 5722 2265 5774 ;
2285 5709 2387 5777 vel,
2409 5708 2649 5774 injunctal
