3778 6140
447 167 558 229 559

449 296 586 354 tora,
613 282 862 356 quibusin
902 281 1016 352 ipsa
1045 287 1204 334 morte
1222 279 1388 348 major
1412 285 1485 332 est
1511 291 1657 374 poena
1683 315 1698 339 ,
1729 271 1866 374 quod
1916 278 2030 374 post

453 387 705 433 extortam
725 375 869 447 aquis
898 369 1160 426 ultricibus
1185 369 1426 437 animum,
1458 383 1549 422 nec
1575 366 1740 436 ipsam
1775 366 2032 466 inveniunt

450 470 782 543 sepulturam.
802 465 891 522 Isti
914 479 1040 535 ergo
1066 478 1174 518 non
1200 461 1372 518 solum
1400 459 1825 560 mortuitverum
1850 459 2034 519 etiam,

450 559 596 632 quod
624 566 705 614 est
730 555 943 628 gravius
964 597 979 621 ,
1002 553 1272 650 insepulti,
1302 549 1892 650 quomodo-baptizare

449 649 707 707 tuerunt?
743 646 1025 716 Quomodo
1071 644 1272 717 profuit
1325 642 1521 700 lavatio
1557 641 1655 710 eis,
1691 641 1780 712 qui
1831 638 1898 694 ab
1949 637 2035 692 his

446 742 683 800 mortuis
710 739 962 811 baptizati
989 747 1142 807 sunt,
1171 752 1304 810 quos
1334 736 1390 792 in
1413 733 2037 834 eodem-lavacrosusce-

444 841 570 906 ptos
597 832 774 888 denuo
811 820 1185 896 non'lavistis,
1214 829 1260 886 si
1287 836 1344 884 ut
1367 835 1522 899 putas
1571 823 1704 881 illud
1735 823 2037 893 intelligen-

445 923 576 980 dum
599 923 725 980 est?
750 922 883 978 Nam
904 921 1045 993 quod
1078 921 1129 976 in
1157 919 1384 992 epistola
1406 933 1549 986 mea,
1579 917 1664 973 cui
1709 913 2038 987 respondere

445 1019 548 1075 tibi
572 1018 768 1075 videris
791 1060 806 1087 ,
836 1027 989 1088 putas
1015 1014 1156 1086 quod
1193 1013 1321 1069 idoli
1351 1013 1612 1069 cultorem
1643 1019 1895 1080 tanquam
1918 1022 2037 1079 gra-

447 1112 654 1169 vissimi
680 1111 884 1182 peccati
906 1125 1057 1166 reum
1089 1106 1457 1163 tantummodo
1496 1104 1798 1175 exceperim
1830 1101 1976 1176 (Lib.
2007 1102 2033 1155 1

449 1212 629 1260 contra
659 1203 874 1257 Litteras
907 1200 1181 1266 Petiliani,
1219 1217 1274 1254 η.
1307 1199 1434 1269 10);
1469 1205 1524 1253 et
1549 1196 1716 1252 instas
1746 1195 2039 1250 vehemen-

449 1305 558 1365 ter,
585 1304 643 1351 ut
685 1294 879 1366 probes
925 1291 1128 1347 nullum
1152 1291 1322 1362 excipi
1347 1297 1685 1360 peccatorem
1717 1287 1772 1342 in
1804 1302 1866 1342 eo
1897 1285 2036 1356 quod

445 1389 709 1459 scriptum
744 1402 863 1442 esse
889 1385 1043 1450 dicis,
1081 1383 1259 1438 Oleum
1305 1381 1582 1453 peccatoris
1622 1379 1740 1435 nolo
1765 1387 2037 1482 ungatca-

451 1488 547 1552 put
597 1495 763 1533 meum
813 1493 832 1531 :
875 1477 1205 1532 Felicianum
1264 1482 1317 1529 et
1368 1473 1750 1528 Praetextatum
1798 1473 2034 1542 respice,

446 1585 632 1631 utrum
664 1584 968 1646 peccatores
1008 1587 1112 1626 non
1167 1568 1385 1634 fuerint,
1415 1566 1627 1638 quando
1663 1565 1924 1636 sacrilegii
1951 1579 2038 1620 ca-

446 1674 577 1722 tena
607 1681 726 1721 cum
757 1663 1084 1719 Maximiano
1115 1659 1351 1732 pertrahi
1374 1675 1401 1713 a
1434 1668 1541 1713 tam
1593 1673 1787 1728 magno
1812 1655 2038 1712 concilio

449 1757 784 1814 dicebantur.
815 1754 969 1810 Aude
1007 1767 1256 1808 asserere
1283 1795 1297 1820 ,
1344 1751 1484 1807 aude
1531 1747 1878 1816 contendere,
1902 1747 2040 1803 aude

446 1848 640 1907 saltem
668 1847 866 1914 dicere,
897 1854 1204 1916 peccatores
1220 1843 1436 1914 quidem
1457 1840 1641 1907 fuisse,
1665 1840 1759 1896 sed
1781 1839 2037 1942 occultos,

447 1954 584 2011 quos
614 1938 688 1994 ibi
714 1937 832 2010 lego
891 1936 1080 1992 famosi
1120 1934 1361 1991 criminis
1391 1949 1535 1990 reos.
1578 1932 2040 2035 Quanquamctsi

447 2030 646 2086 leviter
668 2028 1038 2101 peccavissent
1058 2067 1072 2092 ,
1109 2026 1208 2081 etsi
1238 2025 1563 2125 latuissenti
1582 2033 1637 2078 tu
1678 2022 1783 2079 hoc
1806 2022 2040 2125 testimo-

446 2121 543 2178 nio
569 2120 710 2192 quod
737 2120 890 2190 ponis
913 2120 979 2174 de
1006 2118 1125 2174 oleo
1155 2117 1453 2188 peccatoris
1479 2116 1531 2170 in
1551 2115 1651 2170 ista
1680 2115 2037 2222 suggestione,

452 2225 780 2286 extorquere
801 2214 1012 2269 conaris
1038 2255 1053 2281 ,
1104 2212 1307 2268 nullum
1334 2210 1507 2281 excipi
1543 2218 1901 2282 peccatorem.
1939 2208 2041 2265 Ubi

457 2306 629 2374 eritis,
685 2305 731 2360 si
775 2306 846 2360 ita
886 2304 998 2359 est?
1053 2318 1158 2374 quo
1185 2302 1436 2375 fugietis?
1471 2303 1526 2382 in
1566 2303 1757 2373 quibus
1786 2316 1883 2357 vos
1909 2301 2042 2357 late-

450 2397 598 2465 bris,
657 2411 778 2452 cum
822 2396 1016 2451 vestris
1068 2395 1342 2466 sacrilegis
1373 2435 1388 2462 ,
1437 2409 1560 2450 cum
1612 2394 1821 2457 vestris.
1850 2393 2041 2452 famosi

452 2489 697 2545 criminis
725 2489 853 2556 reis,
880 2504 1003 2545 cum
1023 2489 1214 2545 vestris
1239 2487 1584 2544 cadaveribus
1607 2486 2043 2559 insepultis,abs-

446 2583 679 2640 condere
696 2584 936 2654 poteritis
955 2583 978 2636 ?

527 2677 617 2734 19.
658 2676 820 2744 Dicis,
853 2692 975 2731 cum
1005 2675 1272 2746 objicitur,
1301 2691 1400 2746 qua
1423 2674 1564 2730 nobis
1595 2675 1799 2729 licentia
1824 2675 1904 2742 ius
1939 2673 2042 2729 Ba-

460 2769 643 2840 ptismi
662 2768 986 2835 uindicemus,
1021 2766 1158 2838 quod
1182 2783 1282 2821 non
1313 2767 1376 2820 de
1396 2766 1574 2820 merito
1595 2774 1820 2834 actuum,
1853 2782 1954 2821 non
1980 2767 2043 2821 de

445 2861 564 2916 uiue
589 2860 876 2914 innocentia
894 2867 1184 2926 tractemus,
1202 2857 1290 2913 sed
1307 2858 1604 2930 cuicumque
1624 2857 1774 2912 licere
1789 2857 2038 2926 dicamus,

447 2961 496 3006 et
519 2952 666 3022 quasi
694 2951 1038 3022 prtejudicatis
1069 2950 1362 3004 criminibus
1391 2950 1464 3003 rei
1497 2951 1537 3016 ¹,
1590 2949 1710 3002 dum
1736 2958 1782 3003 et
1806 2958 2040 3021 peccato-

445 3043 591 3096 ribus
619 3043 782 3096 inesse
812 3041 1113 3112 baptizandi
1155 3041 1449 3110 facultatem
1491 3041 1720 3094 volumus
1746 3040 2038 3106 ostendere,

452 3149 550 3189 nos
603 3143 774 3206 aperte
825 3149 1058 3204 peccasse
1097 3136 1347 3205 fateamur
1379 3147 1398 3186 :
1423 3131 1571 3202 quasi
1599 3139 1815 3221 propter
1853 3131 2041 3186 merita

446 3237 632 3284 nostra
679 3235 862 3282 contra
904 3228 1073 3282 Deum
1105 3224 1262 3280 nobis
1311 3223 1637 3296 loquendum
1671 3225 1758 3290 sit,
1793 3233 1849 3279 ut
1877 3239 2036 3294 quam

442 3322 575 3392 justi
627 3337 832 3389 sumus,
866 3330 973 3376 tam
998 3319 1198 3390 justum
1225 3318 1558 3390 Baptismum
1595 3333 1715 3372 esse
1742 3317 2035 3384 faciamus;

446 3429 572 3471 cum
599 3421 654 3470 et
682 3413 809 3468 nulli
842 3413 1118 3466 hominum
1145 3411 1214 3467 de
1246 3426 1339 3466 sua
1367 3410 1571 3482 justitia
1608 3408 2036 3482 praesumendum

446 3508 556 3573 sit;
590 3516 643 3561 et
688 3505 811 3560 hinc
855 3503 1088 3558 maxime
1129 3504 1459 3572 Baptismum
1491 3500 1693 3558 Christi
1743 3502 2037 3573 probemus

447 3612 591 3667 esse,
624 3612 728 3651 non
759 3597 1034 3650 hominum
1059 3637 1073 3663 ,
1106 3597 1226 3664 quia
1250 3611 1355 3650 non
1384 3594 1442 3649 fit
1465 3595 1648 3650 varius
1676 3592 2036 3650 humanorum

446 3689 706 3746 varietate
736 3689 1071 3743 meritorum.
1107 3685 1261 3743 Unde
1305 3686 1524 3741 uberius
1553 3685 1900 3756 disputarem,
1935 3687 2035 3741 nisi

446 3795 482 3837 a
513 3781 667 3836 vobis
696 3779 822 3835 dato
851 3779 1172 3850 compendio
1202 3780 1370 3850 magis
1388 3787 1584 3835 uterer.
1603 3778 1864 3850 Suscepto
1893 3781 2036 3838 enim

446 3878 744 3949 Baptismo,
777 3892 951 3946 neque
976 3875 1270 3940 destructo,
1297 3889 1457 3966 quem
1473 3875 1917 3966 lliaximianenses
1942 3875 2036 3966 de-

448 3967 678 4034 derunt,
711 3966 924 4037 aspides
950 4009 965 4034 ,
999 3966 1217 4036 viperae,
1257 3964 1556 4036 parricidte,
1588 3965 1845 4022 cadavera
1869 3964 2038 4042 Egy-

443 4059 580 4131 ptia,
615 4068 669 4114 et
692 4057 948 4130 quidquid
995 4056 1139 4112 aliud
1167 4056 1219 4110 in
1260 4071 1354 4112 eos
1381 4055 1688 4127 Bagaiensis
1714 4059 1945 4127 concilii,
1977 4069 2035 4116 ut

445 4161 632 4209 nostra
665 4167 821 4207 causa
848 4150 1101 4206 facillima
1128 4150 1300 4217 fieret,
1329 4164 1422 4204 ore
1467 4148 1821 4221 grandiloquo
1851 4151 2033 4208 decla-

446 4255 652 4301 matum
676 4244 943 4310 est;satis
969 4252 1023 4298 et
1049 4243 1147 4314 ipsi
1171 4242 1474 4313 judicastis,
1509 4259 1614 4299 non
1650 4260 1835 4300 eorum
1870 4249 2034 4304 meri-

445 4340 516 4394 tis
543 4354 573 4393 a
604 4337 795 4409 quibus
838 4337 1190 4402 ministratur,
1214 4351 1314 4392 nec
1336 4352 1521 4392 eorum
1548 4338 1738 4408 quibus
1767 4339 2036 4396 ministra-

443 4441 552 4498 tur,
583 4439 828 4487 constare
853 4429 1203 4499 Baptismum,
1225 4427 1316 4484 sed
1345 4428 1560 4500 propria
1577 4430 1855 4486 sanctitate
1876 4439 2031 4502 atque

445 4523 709 4588 veritate,
757 4529 978 4592 propter
1033 4535 1153 4576 eum
1207 4535 1235 4572 a
1276 4534 1381 4590 quo
1429 4520 1705 4576 institutus
1749 4531 1860 4591 est,
1892 4520 2033 4578 male

449 4616 726 4672 utentibus
775 4614 838 4668 ad
886 4612 1199 4682 perniciem,
1231 4611 1368 4666 bene
1401 4612 1673 4668 utentibus
1689 4614 1754 4668 ad
1783 4615 2025 4671 salutem.

521 4711 748 4768 CAPUT
781 4708 1015 4766 XVII.—
1041 4707 1130 4762 20.
1165 4706 1328 4762 Miror
1356 4715 1532 4764 autem
1576 4708 1842 4779 quomodo
1871 4710 2031 4766 etiam

443 4808 542 4863 tibi
572 4805 876 4878 persuaderi
906 4804 1157 4875 potuerit,
1189 4812 1246 4857 ut
1275 4802 1326 4857 in
1360 4811 1448 4858 tua
1491 4803 1845 4873 disputatione
1883 4819 2031 4860 men-

445 4903 645 4958 tionem
665 4900 867 4955 faceres
890 4898 1161 4970 Cypriani,
1178 4897 1330 4967 cujus
1352 4897 1542 4952 litteris
1567 4897 1725 4952 etiam
1754 4898 1880 4968 ipsis
1901 4913 2032 4969 quas

443 4994 563 5063 ejus
589 5009 706 5048 esse
750 4992 924 5047 dicitis
974 4991 1040 5046 de
1079 4991 1349 5060 Baptismo
1392 4989 1732 5060 destruendo,
1755 4993 1845 5062 qui
1893 4995 2030 5067 apud

443 5086 724 5141 hmreticos
764 5085 844 5140 vel
863 5085 1228 5140 schismaticos
1272 5084 1447 5151 datur,
1496 5093 1602 5140 tota
1649 5101 1808 5142 causa
1851 5099 2029 5146 vestra

445 5178 789 5233 subvertitur.
839 5175 945 5231 Sed
990 5174 1090 5231 hoc
1129 5175 1384 5232 adversus
1433 5176 1902 5247 Maximianenses,
1945 5180 2030 5235 vel

444 5269 580 5324 alios
613 5269 701 5339 qui
740 5267 1068 5337 Baptismum
1115 5267 1232 5322 sive
1278 5267 1415 5337 apud
1457 5285 1576 5336 nos,
1601 5269 1710 5326 sive
1748 5270 1887 5341 apud
1936 5285 2031 5328 vos

444 5361 630 5417 datum
661 5374 766 5414 non
784 5359 1268 5430 suscipiunt,agere
1293 5359 1549 5417 debemus
1573 5377 1586 5414 :
1608 5377 1700 5418 vos
1726 5371 1900 5420 autem
1919 5365 2030 5453 jam

447 5468 665 5510 causam
695 5453 850 5508 istam
893 5451 1027 5507 mira
1055 5451 1306 5509 facilitate
1333 5454 1542 5518 ﬁnistis,
1574 5456 1676 5520 iam
1706 5451 2028 5523 Baptismum

449 5543 504 5600 in
550 5542 811 5614 sacrilego
853 5541 1138 5599 schismate
1181 5543 1483 5601 Maximiani
1527 5547 1708 5604 datum
1736 5567 1854 5608 cum
1883 5553 2029 5614 Prae-

512 5637 530 5671 ι
557 5643 658 5689 Duo
678 5639 808 5702 uss,
831 5637 878 5714 et
903 5631 1042 5702 quasi
1063 5634 1372 5714 prtejudicati
1392 5637 1670 5714 criminibus
1691 5657 1778 5714 rei.

1239 157 1513 218 CONTRA
1550 144 1984 213 CRESCONIUM
2022 143 2480 226 DONATISTAM,
2518 155 2578 216 S.
2617 158 2983 226 AUGUSTINI

2145 275 2230 324 te:
2240 279 2349 328 tato
2374 282 2430 330 et
2457 275 2728 337 Feliciano
2754 282 2806 337 in
2833 298 3018 342 eorum
3037 290 3248 361 populis
3273 297 3624 369 suscepistis,
3635 300 3753 370 iam

2140 373 2326 420 contra
2351 365 2600 438 Cypriani
2625 388 2758 443 quas
2781 375 2958 434 dicitis
2979 379 3202 453 litteras,
3231 394 3287 442 et
3305 365 3752 464 quibuscumque

2140 454 2259 513 aliis
2283 457 2386 514 hoc
2411 461 2582 517 visum
2609 477 2712 532 est,
2742 467 2859 525 sine
2878 471 2986 528 ulla
3007 454 3345 535 dubitatione
3361 478 3594 538 fecistis.
3611 454 3748 539 Nam

2141 549 2285 620 quod
2331 551 2484 620 dicis,
2512 554 2811 616 Orientales
2851 562 2974 620 ideo
3013 578 3312 627 vestrorum
3353 578 3749 635 communione

2141 640 2418 712 discretos,
2448 648 2571 718 quia
2618 660 2801 720 postea
2839 656 2993 714 nobis
3036 665 3444 736 consentiendo,
3473 669 3746 740 judicium

2140 747 2296 790 suum
2317 737 2458 807 quod
2480 738 2780 801 habuerunt
2807 746 2874 803 de
2897 747 3171 821 Baptismo
3197 737 3513 819 rescindere
3536 765 3751 822 malue-

2141 837 2268 883 runt
2295 847 2307 883 :
2340 830 2386 885 si
2415 831 2517 889 hoc
2543 835 2610 892 ab
2638 837 2902 910 aliquibus
2943 848 3125 916 paucis
3151 849 3518 913 Orientalibus
3539 858 3748 915 factum

2141 919 2433 992 esthuod
2483 927 2698 996 quidem
2741 933 2966 992 interest
3007 947 3186 998 utrum
3235 947 3407 1015 possit
3437 952 3664 1008 ostendi
3692 956 3749 1024 ),

2143 1010 2380 1080 profecto
2405 1028 2561 1073 suum
2582 1019 2840 1090 judicium
2862 1010 3255 1103 correxerunt;—
3276 1047 3330 1093 et
3351 1053 3448 1096 vos
3480 1010 3744 1115 suscepit:

2143 1101 2415 1174 Baptismo
2444 1111 2533 1180 qui
2563 1112 2720 1171 datus
2750 1126 2831 1173 est
2853 1120 2906 1174 in
2948 1101 3237 1201 schismate
3275 1129 3614 1203 Maximiani,
3644 1101 3746 1191 an~

2143 1195 2344 1267 liquam
2381 1209 2613 1260 vestram
2647 1210 2966 1268 sententiam
2993 1195 3308 1292 rescidistis,
3341 1233 3526 1283 tamen
3555 1231 3748 1285 vobis-

2141 1301 2263 1344 cum
2293 1291 2444 1360 estis,
2472 1305 2526 1350 et
2550 1312 2673 1352 cum
2696 1299 3052 1364 Orientalibus
3080 1325 3203 1367 esse
3229 1329 3333 1370 non
3359 1318 3548 1376 vultis.

2213 1380 2438 1440 CAPUT
2457 1385 2721 1444 XVlll.—
2741 1391 2832 1449 21.
2875 1395 2982 1452 Sed
3029 1400 3277 1460 videlicet
3322 1407 3604 1469 invenisse
3654 1415 3750 1469 tibi

2141 1474 2338 1554 videris
2381 1480 2470 1537 ubi
2523 1492 2663 1540 tuam
2703 1487 3061 1560 eloquentiam
3101 1495 3374 1569 dilatares,
3404 1517 3535 1560 cum
3579 1508 3656 1563 ad
3698 1508 3748 1564 id

2117 1568 2284 1654 {quod
2317 1585 2417 1642 ego
2445 1573 2499 1628 in
2543 1577 2767 1647 epistola
2809 1596 2928 1638 mea
2970 1586 3143 1655 posui,
3190 1568 3365 1646 Sivea
3393 1594 3693 1662 ﬁdeli,sive
3720 1619 3747 1653 α

2145 1661 2337 1730 perﬁdo
2354 1663 2698 1736 dispensatore
2719 1687 3088 1733 sacramentum
3119 1681 3374 1754 Baptismi
3397 1689 3618 1760 quisque
3632 1709 3748 1761 per-

2143 1755 2317 1824 cipiat,
2348 1775 2462 1829 spes
2490 1761 2536 1815 ei
2563 1765 2727 1818 omnis
2754 1767 2808 1821 in
2834 1766 3033 1825 Christo
3063 1774 3126 1827 sit
3157 1774 3292 1846 (Lib.
3327 1777 3348 1831 Ι
3370 1755 3556 1835 contra
3582 1755 3743 1837 Litte-

2142 1864 2226 1902 ras
2255 1847 2519 1920 Petiliani,
2551 1872 2604 1909 η.
2638 1855 2692 1929 7)
2717 1875 2731 1913 :
2754 1861 3020 1920 exclamas
3048 1875 3103 1922 et
3144 1866 3278 1926 dicis
3297 1913 3312 1938 ,
3343 1870 3390 1927 0
3431 1878 3746 1945 praeclarum:

2145 1941 2422 2000 sacerdotis
2454 1946 2758 2017 imperium!
2781 1969 2811 2008 o
2835 1954 3112 2013 laudabilia
3150 1960 3268 2018 boui
3296 1941 3457 2034 patris
3485 1983 3747 2042 preteepta

2133 2031 2386 2101 justitiazl
2409 2035 2578 2106 Nihil,
2607 2040 2796 2112 inquit,
2832 2048 2962 2101 inter
3002 2049 3203 2118 ﬁdelem
3241 2031 3604 2131 perﬁdumqu
3633 2031 3746 2118 dis-

2143 2137 2339 2194 cernas,
2361 2127 2494 2183 idem
2515 2129 2602 2185 tibi
2625 2133 2738 2201 pius
2764 2144 2913 2207 atque
2927 2140 3111 2212 impius
3135 2144 3365 2202 videatur
3384 2167 3405 2203 :
3423 2127 3561 2206 nihil
3579 2156 3744 2225 prod-

2144 2223 2217 2271 est
2269 2217 2410 2274 bonis
2457 2222 2676 2279 moribus
2729 2227 2922 2296 vivere;
2984 2234 3101 2303 quia
3145 2237 3392 2309 quidquid
3421 2217 3743 2314 justo'licet,

2146 2316 2307 2377 potest
2325 2318 2372 2365 et
2386 2312 2604 2383 injustus
2618 2317 2844 2388 implere.
2863 2321 2999 2389 Quid
3018 2325 3113 2380 hoc
3135 2341 3388 2402 pracepto
3404 2312 3507 2390 dici
3517 2337 3744 2408 iniquius

2145 2407 2342 2469 potest:
2374 2401 2621 2475 Puriﬁcet
2665 2409 2822 2466 alium
2864 2416 3188 2487 maculosus,
3243 2401 3419 2478 abluat
3475 2401 3740 2498 sordidus,

2144 2491 2381 2546 emundet
2411 2495 2720 2568 immundus,
2739 2502 2821 2557 det
2836 2503 3056 2574 inﬁdelis
3071 2509 3244 2579 ﬁdem,
3262 2515 3572 2574 criminosus
3587 2491 3742 2592 faciat

2144 2579 2498 2642 innocentem?
2520 2587 2645 2645 Haec
2661 2601 2806 2649 certe
2831 2596 2992 2654 verba
3023 2609 3108 2655 tua
3135 2614 3278 2670 sunt,
3296 2607 3489 2677 quibus
3522 2579 3742 2670 senten-

2147 2671 2272 2727 tiam
2303 2689 2476 2732 meam
2519 2681 2900 2752 reprehendis;
2929 2704 3048 2746 cum
3087 2691 3189 2750 hoc
3210 2711 3320 2767 ego
3361 2701 3588 2758 omnino
3639 2720 3739 2759 non

2145 2769 2544 2839 consenserim,
2591 2788 2764 2846 neque
2808 2780 3111 2851 scripserim
3145 2791 3442 2859 :quoniam
3489 2803 3553 2850 et
3605 2796 3741 2853 inter

2147 2855 2357 2914 fidelem
2390 2863 2763 2938 perfidumque
2790 2871 3076 2940 plurimum
3108 2855 3270 2936 distat
3300 2897 3408 2938 non
3451 2885 3520 2942 ad
3547 2886 3734 2945 Sacra.

2145 2960 2404 3020 mentum,
2437 2956 2483 3010 si
2521 2955 2621 3013 hoc
2649 2967 2870 3033 uterque
2899 2962 3079 3037 habet,
3107 2970 3202 3026 sed
3230 2971 3297 3027 ad
3324 2976 3736 3052 meritum,quia

2147 3042 2249 3099 hoc
2269 3046 2406 3102 alter
2433 3049 2499 3105 ad
2521 3051 2745 3110 salutem
2767 3054 2946 3128 habet,
2959 3060 3094 3116 alter
3107 3063 3175 3118 ad
3192 3081 3405 3135 poenam
3431 3088 3444 3123 :
3471 3087 3575 3128 nec
3589 3042 3735 3145 quid-

2143 3135 2270 3206 quid
2311 3136 2457 3208 justo
2518 3141 2679 3211 lieet,
2723 3155 2898 3216 potest
2941 3159 2996 3205 et
3030 3152 3257 3224 injustus
3306 3159 3569 3231 implere;
3608 3135 3735 3236 'quia

2143 3229 2264 3286 etsi
2289 3241 2466 3301 potest
2509 3235 2737 3306 injustas
2776 3239 3066 3314 baptizare,
3097 3263 3204 3304 non
3249 3229 3426 3309 tamen
3456 3229 3657 3326 potest.
3687 3261 3733 3314 in

2152 3336 2372 3394 regnum
2420 3327 2678 3384 caelorum
2711 3331 2940 3417 injustus
2966 3337 3163 3397 intrare
3196 3359 3209 3396 :
3237 3360 3338 3401 nec
3365 3350 3619 3418 puriticat
3659 3357 3733 3410 vel

2142 3412 2311 3471 abluit
2339 3417 2420 3473 vel
2443 3421 2716 3491 emundat,
2758 3440 2859 3482 nec
2881 3410 3217 3490 innocentem
3242 3433 3367 3493 facit
3393 3455 3722 3514 quemquam

2143 3505 2233 3576 qui
2253 3507 2304 3562 ei
2330 3509 2596 3567 ministrat
2620 3512 2970 3588 Baptismum,
3001 3521 3095 3578 sed
3119 3523 3296 3582 dantis
3341 3505 3436 3585 Dei
3467 3505 3730 3602 gratia,et

2143 3598 2286 3666 perci
2291 3599 2485 3669 pientis
2504 3603 2642 3660 bona
2656 3608 3000 3666 conscientia.
3019 3611 3127 3670 Sed
3145 3623 3200 3671 tu
3212 3618 3391 3689 aspice
3409 3598 3589 3680 utrum
3605 3598 3729 3681 nihil

2141 3689 2282 3746 inter
2303 3691 2626 3752 Primianum
2645 3697 3078 3776 Felicianumque
3101 3708 3342 3779 distaret,
3361 3728 3484 3770 cum
3503 3716 3726 3774 Primia-

2140 3797 2241 3838 nus
2259 3784 2399 3841 inter
2416 3790 2874 3850 trecentosdecem
2896 3797 3119 3869 sedetet,
3148 3817 3177 3857 a
3200 3805 3392 3875 quibus
3409 3809 3495 3866 ille
3512 3811 3725 3869 diceba-

2140 3881 2227 3929 tur
2242 3915 2256 3942 ,
2289 3878 2426 3946 quod
2444 3895 2684 3936 venenum
2699 3885 2936 3956 aspidum
2954 3899 3078 3946 esset
3097 3893 3190 3948 sub
3205 3895 3352 3953 labiis
3377 3901 3510 3972 ejus,
3526 3913 3573 3958 et
3590 3907 3724 3961 velo-

2139 3982 2219 4022 ces
2246 3966 2448 4025 haberet
2474 3974 2624 4043 pedes
2653 3977 2722 4030 ad
2749 3977 3112 4046 effundendum
3130 3966 3447 4061 sanguinem,
3475 3966 3520 4050 et
3538 4002 3726 4054 contri-

2141 4061 2329 4117 bulatio
2348 4072 2395 4118 et
2416 4065 2686 4136 infelicitas
2699 4070 2752 4125 in
2772 4072 2865 4128 uiis
2875 4077 3003 4146 ejus,
3027 4088 3073 4133 et
3090 4080 3222 4136 viam
3255 4087 3399 4154 pacis
3427 4104 3528 4145 non
3560 4107 3722 4163 agno-

2138 4162 2317 4222 sceret,
2349 4171 2438 4211 nec
2471 4169 2596 4212 esset
2625 4162 2773 4216 timor
2799 4163 2896 4221 Dei
2940 4180 3058 4224 ante
3075 4173 3248 4230 oculos
3273 4178 3577 4250 ejus(Psal.
3601 4162 3717 4254 inn,

2140 4245 2409 4316 5):utrum
2431 4258 2553 4307 tunc
2578 4268 2682 4310 non
2707 4267 2849 4313 esset
2877 4263 3196 4333 maculosus,
3229 4266 3555 4340 immundus,
3603 4292 3718 4333 sor-

2138 4337 2314 4408 didus,
2337 4343 2425 4412 qui
2454 4359 2540 4399 vas
2586 4348 2848 4405 sordidum
2877 4354 3085 4410 collecta
3103 4361 3394 4429 faeculentia
3415 4337 3718 4437 glutinauit;

2138 4447 2244 4488 non
2272 4433 2521 4505 infidelis,
2558 4455 2800 4496 uenenum
2822 4446 3057 4516 aspidum
3081 4450 3172 4504 sub
3199 4451 3346 4510 labiis
3359 4433 3586 4526 habens;
3612 4433 3714 4518 non

2137 4527 2477 4599 criminosus,
2505 4531 2688 4602 famosi
2708 4537 2932 4594 criminis
2948 4557 3079 4598 reus.
3100 4543 3168 4598 Et
3183 4552 3362 4604 tamen
3381 4561 3436 4606 et
3452 4552 3566 4623 ipse
3592 4569 3712 4610 cum

2138 4617 2408 4677 Primiano
2443 4640 2584 4681 nunc
2610 4637 2786 4684 vester
2809 4632 3089 4706 episcopus
3112 4636 3264 4694 sedet
3296 4655 3309 4693 :
3338 4651 3392 4696 et
3417 4617 3551 4714 qnos
3593 4656 3717 4704 tunc

2136 4712 2723 4792 baptizavit,'nusquam
2742 4733 2924 4795 postea
2936 4727 3073 4786 lotos
3089 4731 3360 4790 vobiscum
3381 4712 3520 4795 nunc
3539 4742 3710 4799 habet.

2207 4807 2432 4866 CAPUT
2459 4811 2675 4869 XlX.-—-
2697 4815 2789 4873 22.
2829 4817 2898 4874 Et
2940 4821 3115 4879 adhuc
3161 4830 3411 4898 pugnatis
3461 4833 3710 4890 adversus

2134 4900 2546 4971 veritatem,nec
2570 4909 2862 4966 conceditis
2877 4919 2936 4968 ut
2954 4910 3186 4970 Christus
3212 4935 3410 4991 semper
3434 4923 3518 4977 det
3535 4926 3701 4995 ﬁdem,

2135 4991 2364 5050 Christus
2390 4997 2454 5051 sit
2481 4998 2621 5070 origo
2649 5001 2949 5070 christiani;
2972 5004 3026 5060 in
3058 5006 3259 5064 Christo
3306 4991 3545 5069 radicem
3569 4991 3707 5071 chri-

2136 5087 2330 5143 stianus
2345 5089 2544 5162 inﬁgat,
2563 5090 2791 5150 Christus
2809 5097 3072 5153 christiani
3087 5101 3152 5155 sit
3172 5116 3324 5174 caput
3346 5105 3482 5178 (Lib.
3502 5109 3524 5163 1
3542 5120 3707 5165 contra

2138 5180 2353 5239 Litteras
2406 5181 2666 5254 Petiliani,
2719 5206 2771 5243 η.
2813 5186 2890 5264 6).
2947 5191 3149 5260 Quibus
3172 5199 3350 5254 verbis
3369 5201 3504 5256 meis
3528 5203 3580 5258 in
3623 5204 3703 5259 illa

2136 5277 2356 5346 epistola
2383 5287 2568 5333 contra
2614 5279 2932 5338 Petilianum
2957 5285 3158 5355 positis,
3194 5297 3280 5344 tua
3306 5292 3468 5348 verba
3494 5295 3705 5368 subjun-

2135 5367 2236 5440 gis,
2270 5375 2324 5424 et
2348 5367 2480 5426 dicis
2511 5386 2523 5425 :
2557 5369 2670 5426 Hoc
2698 5381 2744 5428 et
2769 5390 2863 5429 nos
2887 5375 3174 5446 suademus,
3199 5379 3293 5436 hoc
3334 5367 3602 5453 uolumus:
3629 5390 3707 5445 sed

2135 5460 2408 5530 quaerimus
2429 5478 2518 5532 per
2554 5479 2701 5532 quem
2730 5465 2824 5520 hoc
2852 5467 3030 5525 melius
3063 5470 3176 5540 ﬁat.
3228 5473 3339 5530 Nec
3363 5479 3594 5537 attendis
3617 5481 3703 5537 hoc

2135 5565 2242 5606 non
2270 5551 2501 5608 suadere
2543 5553 2878 5631 Petilianum,
2915 5560 3000 5617 cui
3032 5570 3155 5620 tunc
3182 5567 3462 5637 respondi,
3493 5580 3549 5627 et
3567 5574 3702 5644 cujus

2137 5645 2414 5723 epistolam
2456 5646 2712 5711 adversus
2757 5653 3158 5730 responsionem
3206 5674 3384 5728 meam
3427 5661 3701 5750 defendere
