3784 6136
111 301 210 360 561

111 424 270 486 atque
317 411 583 468 afﬁrmare
624 410 873 467 conaris.
915 409 1010 468 llic
1053 410 1249 482 quippe
1288 407 1422 466 dixit
1458 415 1683 480 aperte:

109 506 426 562 Conscientia
463 515 636 560 sancte
671 505 838 560 dantis
861 505 1152 572 attenditur,
1204 519 1317 576 quia
1355 503 1526 558 abluat
1553 505 1692 559 acci-

111 599 326 669 pientis;
347 613 462 652 nam
496 597 581 668 qui
618 596 770 666 ﬁdem
796 613 829 651 a
862 597 1056 667 perﬁdo
1093 595 1383 667 sumpserit,
1402 611 1502 652 non
1540 595 1695 666 ﬁdem

111 689 346 761 percipit,
366 688 456 743 sed
497 697 711 743 reatum.
737 687 835 744 Dic
881 687 1014 743 mihi
1057 702 1218 759 quem
1255 687 1435 743 locum
1479 686 1692 743 Christo

109 782 388 852 reliquerit
411 779 478 836 ad
504 779 830 836 abluendum
878 780 1259 836 conscientiam
1287 779 1574 851 baptizati;
1603 786 1695 835 aut

109 889 137 927 a
164 887 272 943 quo
320 871 480 928 ﬁdem
511 871 774 942 percipiat
816 873 1132 942 baptizatus,
1160 871 1372 943 quando
1417 873 1696 929 conscien-

111 965 235 1020 tiam
277 964 456 1020 dantis
499 964 637 1021 dicis
667 964 870 1020 attendi
913 981 1032 1036 qua:
1060 964 1262 1033 abluat,
1304 973 1360 1021 et
1384 980 1487 1021 non
1535 965 1693 1022 ﬁdem

111 1059 418 1127 percipere,
459 1055 554 1112 sed
611 1055 1180 1127 reatum,'qui'ﬁdcm
1218 1057 1381 1112 sumit
1417 1055 1691 1127 aperﬁdo.

110 1147 186 1204 Tu
213 1147 430 1218 quidem
466 1148 816 1204 succumbere
835 1149 852 1181 ¹
881 1147 1080 1204 videris
1119 1157 1266 1204 tanto
1296 1149 1517 1220 ponderi
1552 1149 1694 1206 veri-

109 1239 252 1305 tatis,
282 1247 340 1294 et
366 1238 499 1296 dicis
524 1239 627 1296 hoc
655 1248 708 1295 te
732 1239 980 1309 suadere,
1009 1250 1061 1296 et
1085 1241 1189 1297 hoc
1237 1241 1397 1311 velle,
1426 1249 1485 1297 ut
1535 1241 1694 1299 Chri-

107 1340 221 1386 stus
247 1330 344 1386 det
363 1330 541 1398 ﬁdem,
557 1340 716 1402 atque
744 1331 810 1388 ad
831 1331 1114 1388 ineundam
1140 1333 1300 1389 vitam
1325 1347 1514 1390 novam
1535 1333 1696 1390 Chri-

109 1434 220 1480 stus
267 1423 451 1480 abluat
491 1425 886 1490 christianum;
934 1426 1128 1497 quaeris
1167 1434 1343 1483 autem
1385 1443 1484 1498 per
1534 1442 1692 1500 quem

107 1515 298 1571 melius
336 1515 447 1583 ﬁat,
493 1516 636 1586 quod
696 1517 812 1573 sine
849 1517 1092 1574 ministro
1135 1517 1250 1573 ﬁeri
1307 1533 1416 1574 non
1461 1528 1690 1590 oportet.

111 1606 404 1662 Petilianus
429 1615 606 1663 tamen
636 1622 742 1664 non
783 1608 937 1676 dixit,
965 1607 1305 1665 Conscientia
1346 1610 1694 1668 ministrantis

108 1697 422 1766 attenditur,
461 1713 559 1769 per
583 1713 742 1770 quam
773 1699 1016 1755 Christus
1043 1698 1225 1755 abluat
1255 1700 1581 1771 accipientis,
1603 1709 1696 1758 aut

109 1805 201 1860 per
244 1805 408 1860 quam
443 1789 689 1846 Christus
715 1790 805 1847 det
847 1790 1006 1847 ﬁdem
1036 1809 1050 1847 :
1083 1791 1177 1847 sed
1206 1791 1322 1862 ipsa
1365 1793 1690 1851 conscientia

107 1881 298 1949 dantis,
343 1881 512 1938 voluit
556 1882 866 1953 accipientis
907 1883 1050 1938 ablui
1095 1884 1476 1940 conscientiam
1502 1925 1516 1940 .
1583 1884 1693 1943 Nec

109 1971 260 2039 dixit,
291 1972 546 2044 Quisquis
586 1973 745 2029 ﬁdem
773 1988 869 2044 per
913 1973 1173 2044 perﬁdum
1201 1975 1520 2046 sumpserit'
1541 2016 1557 2043 ,
1583 1991 1692 2032 non

111 2062 263 2118 ﬁdem
305 2063 554 2134 percipit,
580 2063 676 2121 sed
706 2071 940 2130 reatum;
966 2071 1025 2119 ut
1049 2079 1079 2118 a
1105 2063 1318 2120 Christo
1338 2066 1577 2136 quamvis
1596 2081 1692 2137 per

110 2153 265 2209 alium
306 2170 523 2212 sumere
545 2154 817 2211 videretur
845 2173 859 2210 :
892 2155 986 2211 sed
1012 2157 1230 2212 omnino
1251 2156 1404 2224 dixit,
1422 2157 1468 2211 Α
1497 2158 1691 2227 perﬁdo

108 2248 394 2317 sumpserit.
433 2247 606 2317 Atque
641 2247 708 2302 ad
747 2247 869 2315 hoc,
915 2249 1064 2318 quasi
1107 2249 1378 2320 probaret,
1429 2250 1689 2321 adjunxit,

114 2337 284 2394 Omnis
312 2340 447 2392 enim
475 2353 556 2392 res
600 2339 796 2408 origine
821 2345 868 2394 et
912 2339 1088 2395 radice
1112 2341 1375 2408 consistit;
1403 2343 1514 2396 etsi
1541 2350 1692 2414 caput

115 2447 210 2486 non
229 2432 412 2486 habeat
429 2430 642 2502 aliquid,
662 2431 791 2487 nihil
807 2440 880 2487 est
901 2450 920 2487 :
947 2433 1117 2503 ipsum
1136 2433 1338 2491 scilicet
1362 2435 1688 2507 ministrum,

110 2523 253 2594 cujus
269 2523 655 2580 conscientiam
680 2524 813 2580 dixit
837 2525 1058 2592 attendi,
1075 2541 1180 2582 non
1213 2543 1310 2598 per
1353 2543 1513 2600 quam
1537 2529 1693 2586 Chri-

109 2623 215 2669 stus
243 2613 444 2680 abluat,
467 2613 561 2669 sed
581 2629 700 2684 quae
719 2613 901 2670 abluat
919 2617 1244 2688 accipientis,
1273 2619 1443 2689 ipsum
1473 2635 1691 2691 prorsus

111 2703 408 2760 ministrum
459 2704 742 2776 originem,
785 2706 1018 2763 radicem
1048 2719 1312 2782 caputque
1353 2712 1552 2768 faciens
1591 2712 1690 2770 ba-

110 2796 304 2865 ptizati.

173 2887 401 2946 CAPUT
429 2888 635 2945 XX.—
663 2889 760 2946 25.
805 2891 1039 2948 Proinde
1083 2891 1187 2950 hoc
1227 2895 1366 2964 loco,
1399 2911 1506 2952 non
1543 2897 1688 2953 Peti-

111 2979 260 3046 liano,
289 2980 446 3052 cujus
471 2981 634 3038 verba
665 2997 769 3039 non
788 2982 1092 3052 defendisti,
1121 2986 1217 3042 sed
1242 2988 1335 3043 tibi
1363 2989 1683 3060 respondeo,

109 3071 193 3141 qui
218 3087 312 3143 pro
358 3081 449 3129 tua
495 3075 759 3131 sententia
795 3075 980 3133 nescio
1021 3077 1146 3149 quid
1183 3079 1350 3148 aliud,
1394 3096 1500 3137 non
1545 3083 1687 3154 quod

111 3163 209 3231 ille,
241 3164 445 3220 dixisti.
491 3165 571 3221 Tu
618 3168 799 3236 enim,
839 3169 977 3224 sicut
1020 3170 1230 3238 scribis,
1281 3171 1384 3228 hoc
1430 3174 1532 3243 vis,
1585 3174 1688 3232 hoc

110 3257 310 3324 suades,
334 3266 396 3313 ut
418 3273 547 3323 non,
581 3259 719 3314 sicut
762 3259 917 3328 dixit,
948 3262 1275 3318 conscientia
1305 3274 1486 3322 sancte
1510 3266 1686 3325 dantis

111 3347 281 3404 abluat
325 3349 702 3420 accipientem,
735 3351 820 3407 vel
866 3351 1153 3423 accipienti
1180 3353 1271 3410 det
1299 3354 1482 3424 ﬁdem,
1512 3372 1686 3429 neque

112 3446 163 3493 ut
189 3439 297 3508 ipsa
319 3440 391 3496 sit
417 3441 565 3512 origo
593 3449 648 3496 et
674 3441 826 3496 radix
854 3450 1118 3514 caputque
1149 3443 1446 3512 credentis;
1474 3447 1568 3503 sed
1590 3463 1686 3519 per

112 3529 267 3600 ipsam
290 3530 536 3587 Christus
563 3531 761 3598 abluat,
796 3548 889 3604 per
917 3534 1088 3604 ipsam
1116 3535 1359 3594 Christus
1382 3538 1473 3594 det
1499 3540 1681 3611 ﬁdem,

111 3637 198 3690 per
224 3622 392 3696 ipsam
434 3622 679 3680 Christus
703 3625 773 3680 sit
801 3626 950 3696 origo
977 3627 1276 3696 christiani,
1305 3643 1402 3700 per
1429 3627 1599 3702 ips'am
1628 3632 1683 3688 in

111 3712 310 3770 Christo
339 3714 574 3770 radicem
613 3715 933 3772 christianus
959 3718 1164 3789 inﬁgat,
1197 3734 1293 3790 per
1320 3721 1490 3790 ipsam
1522 3721 1684 3778 Chri-

109 3810 213 3860 stus
236 3805 510 3862 christiani
535 3808 604 3861 sit
626 3816 804 3879 caput.
830 3807 954 3864 Ideo
982 3809 1126 3866 enim
1157 3813 1352 3881 quaeris
1387 3827 1482 3882 per
1517 3829 1676 3884 quem

109 3895 285 3952 melius
315 3898 428 3965 ﬁat,
456 3899 598 3969 quod
619 3915 652 3954 a
671 3899 891 3956 Christo
927 3900 1044 3956 ﬁeri
1074 3902 1325 3960 concedis
1356 3920 1370 3957 :
1403 3904 1493 3960 ubi
1520 3913 1574 3961 et
1597 3913 1675 3972 tu,

109 3995 354 4056 quantum
388 3988 564 4056 video,
599 4005 704 4044 non
745 4005 907 4062 negas
945 3990 1048 4046 hoc
1077 3992 1190 4048 ﬁeri
1219 4007 1377 4063 posse
1400 3995 1559 4050 etiam
1583 4011 1679 4066 per

109 4078 396 4137 ministrum
417 4081 748 4147 malum,sed
773 4083 907 4139 dicis
935 4084 1127 4139 melius
1153 4099 1311 4154 posse
1332 4101 1429 4156 per
1455 4086 1675 4142 bonum.

109 4169 234 4238 Quid
265 4183 349 4230 est
377 4175 520 4230 enim
544 4175 685 4230 aliud
713 4175 852 4246 quod
878 4175 1034 4243 dicis,
1059 4175 1171 4231 Hoc
1201 4187 1248 4232 et
1266 4194 1357 4232 nos
1383 4179 1672 4247 suademus,

110 4262 192 4318 hoc
217 4265 444 4321 volumus
459 4282 481 4333 ;
505 4267 594 4321 sed
637 4266 906 4338 querimus
937 4284 1028 4339 per
1053 4284 1200 4338 quem
1242 4269 1421 4323 melius
1445 4270 1575 4339 ﬁat?
1598 4272 1677 4326 Ac

113 4368 198 4424 per
225 4354 326 4412 hoc
357 4359 526 4414 abluit
544 4358 787 4416 Christus
811 4370 867 4416 et
892 4375 988 4432 per
1008 4361 1334 4418 maculosam
1358 4378 1464 4418 non
1491 4372 1674 4420 sancte

109 4446 288 4516 dantis,
313 4453 408 4508 sed
434 4454 627 4510 melius
651 4469 747 4526 per
791 4454 1044 4510 mundam
1078 4464 1264 4511 sancte
1303 4455 1478 4512 dantis
1537 4472 1672 4514 con-

108 4539 368 4598 scientiam
389 4561 403 4597 :
424 4545 514 4600 dat
531 4545 687 4602 fidem
703 4543 944 4604 Christus
960 4555 1012 4603 et
1025 4562 1119 4618 per
1132 4548 1434 4604 ministrum
1452 4549 1669 4618 malum,

110 4627 193 4683 sed
234 4633 422 4689 melius
452 4649 547 4705 per
580 4634 779 4691 bonum
810 4655 824 4688 :
863 4636 922 4693 ﬁt
941 4637 1187 4694 Christus
1209 4639 1360 4711 origo
1396 4640 1673 4698 christiani

107 4726 155 4773 et
180 4736 270 4792 per
293 4723 720 4796 dispensatorem
758 4726 1048 4798 infidelem,
1081 4731 1176 4786 sed
1202 4732 1394 4787 melius
1414 4748 1511 4803 per
1536 4733 1670 4790 ﬁde-

108 4807 200 4864 lem
230 4829 243 4866 :
274 4814 591 4873 christianus
631 4818 864 4876 radicem
893 4820 1004 4892 ﬁgit
1044 4821 1098 4877 in
1135 4822 1350 4879 Christo
1387 4825 1546 4881 etiam
1575 4842 1671 4898 per

108 4902 338 4962 colonum
379 4909 689 4979 reprobum,
717 4911 812 4968 sed
855 4911 1048 4968 melius
1075 4927 1171 4983 per
1196 4915 1422 4984 probum
1452 4933 1464 4967 :
1495 4924 1670 4988 potest

107 4989 330 5053 Christus
359 5014 478 5055 esse
503 5009 662 5071 caput
687 5000 962 5057 christiani
987 5010 1041 5057 et
1073 5018 1166 5071 per
1193 5003 1541 5072 Fclicianum,
1571 5007 1667 5063 sed

108 5085 282 5142 melius
306 5090 577 5146 existimas
607 5107 703 5162 per
725 5091 1076 5148 Primianum.

167 5177 251 5235 24.
281 5181 449 5240 Parva
477 5185 657 5255 itaque
685 5185 824 5242 inter
865 5201 963 5242 nos
992 5187 1042 5242 in
1073 5186 1171 5244 hac
1201 5202 1280 5256 re,
1313 5196 1404 5243 aut
1437 5188 1665 5248 fortasse

110 5272 234 5330 nulla
274 5275 535 5334 dissensio
581 5289 684 5334 est.
732 5279 864 5335 Nam
909 5289 964 5337 et
1010 5295 1109 5353 ego
1147 5280 1286 5348 dico,
1329 5283 1520 5339 melius
1565 5299 1664 5355 per

107 5359 286 5420 bonum
315 5369 612 5425 ministrum
634 5386 792 5442 quam
822 5386 916 5442 per
938 5372 1135 5428 malum
1162 5373 1453 5444 dispensari
1470 5374 1660 5432 Sacra-

108 5466 266 5515 menta
294 5461 465 5519 divina
500 5482 513 5519 :
543 5478 727 5520 verum
753 5464 853 5521 hoc
887 5473 1108 5537 propter
1136 5467 1310 5538 ipsum
1354 5469 1655 5525 ministrum

106 5549 274 5609 melius
294 5564 391 5623 est,
418 5567 479 5613 ut
497 5557 576 5614 eis
610 5557 769 5614 rebus
807 5574 938 5629 quas
966 5560 1248 5630 ministrat,
1277 5563 1382 5617 vita
1409 5572 1463 5618 et
1495 5563 1657 5618 mori-

162 5661 175 5730 ξ
198 5672 366 5730 omnes
386 5678 511 5730 Mss,
532 5670 703 5722 cedere

158 5724 325 5798 aditi,
347 5745 432 5794 per
455 5724 695 5786 Christum
717 5733 986 5798 stnnpserit.
1013 5738 1331 5790 Emendantur
1357 5738 1531 5791 auxilio
1551 5753 1653 5795 ma-

105 5790 442 5862 Wsmptorum.

1455 289 1658 349 LIBER
1683 288 2024 360 QUARTUS.

3281 315 3390 374 562

1805 409 1904 466 bus
1929 417 2220 484 congruat;
2249 425 2358 472 non
2402 422 2620 488 propter
2647 417 2796 477 illum
2824 421 2915 493 qui
2956 423 3166 482 etiamsi
3206 425 3392 486 incur-

1802 501 1933 557 rerit
1979 502 2033 558 in
2071 503 2375 562 ministrum
2416 508 2614 564 malum
2644 509 3043 583 dispensantem
3085 517 3387 588 veritatem,

1801 593 2138 650 securitatem
2163 597 2399 668 accipita
2422 599 2646 657 Domino
2667 616 2764 658 suo
2793 614 3042 663 monente
3061 623 3124 664 ac
3149 608 3386 682 dicente,

1805 685 1932 751 Quae
1971 686 2162 755 dicunt,
2202 687 2383 759 facite;
2407 707 2520 760 qua:
2546 702 2712 748 autem
2735 695 2949 765 faciunt,
2986 702 3151 770 facere
3182 700 3338 758 nolite
3367 685 3418 768 εἶ

1802 775 1976 833 dicunt
2020 779 2173 848 enim,
2200 788 2250 834 et
2294 797 2404 836 non-
2432 783 2624 855 faciunt
2661 785 2876 858 (Matth.
2910 805 3078 857 xxm,
3109 789 3186 865 3).
3232 792 3390 851 Addo

1801 869 1963 925 etiam
2005 870 2074 926 ad
2123 873 2226 928 hoc
2271 888 2390 930 esse
2437 875 2648 946 melius,
2680 886 2740 934 ut
2782 879 2870 934 ille
2906 882 2990 936 cui
3034 881 3388 954 ministratur,

1801 963 2030 1019 ministri
2079 963 2206 1020 boni
2250 967 2568 1037 probitatem
2617 985 2681 1026 ac
2726 974 3062 1029 sanctitatem
3115 975 3388 1048 diligendo

1801 1055 2005 1112 facilius
2042 1059 2277 1115 imitetur
2307 1078 2322 1116 :
2353 1061 2447 1116 sed
2495 1077 2600 1118 non
2641 1062 2762 1120 ideo
2798 1067 3004 1122 veriora
3035 1075 3089 1123 et
3116 1070 3389 1130 sanctiora

1800 1157 1924 1204 sunt
1952 1165 2072 1222 quae
2116 1151 2521 1221 ministrantur,
2570 1155 2693 1226 quia
2749 1172 2845 1228 per
2891 1160 3170 1216 meliorem
3229 1163 3392 1220 mini-

1799 1248 2057 1297 strentur.
2076 1241 2165 1296 Illa
2195 1258 2422 1315 namque
2451 1262 2547 1316 per
2572 1261 2630 1302 se
2660 1247 2770 1318 ipsa
2796 1265 2923 1306 vera
2973 1259 3027 1307 et
3051 1262 3234 1311 saneta
3261 1263 3390 1313 sunt

1800 1342 2017 1405 propter
2044 1336 2213 1392 Deum
2243 1353 2426 1394 verum
2458 1349 2514 1396 et
2550 1350 2791 1397 sanctum
2819 1345 2968 1416 cujus
2995 1356 3120 1402 sunt
3151 1357 3242 1405 :et
3263 1348 3390 1408 ideo

1797 1424 1938 1481 ﬁerit
1973 1435 2149 1498 potest
2190 1436 2249 1484 ut
2291 1431 2551 1488 accedens
2591 1432 2658 1488 ad
2701 1436 3012 1493 societatem
3054 1441 3234 1510 populi
3267 1443 3386 1510 Dei,

1797 1517 1958 1573 alium
2007 1519 2292 1576 inveniata
2323 1537 2429 1593 quo
2477 1523 2632 1582 facile
2679 1526 2993 1598 baptizetur,
3025 1531 3188 1586 alium
3229 1533 3392 1606 eligat

1796 1623 1953 1680 quem
1969 1611 2252 1668 salubriter
2267 1612 2524 1671 imitetur.
2540 1615 2731 1674 Certus
2747 1629 2830 1675 est
2847 1622 2987 1676 enim
3006 1633 3249 1680 sanctum
3267 1642 3391 1700 esse

1797 1703 2198 1762 Sacramentum
2245 1707 2466 1776 Christi,
2507 1710 2714 1766 etiamsi
2761 1728 2857 1783 per
2896 1716 3073 1773 minus
3117 1726 3383 1788 sanctum,

1796 1796 1881 1852 vel
1915 1812 2024 1853 non
2052 1807 2292 1856 sanctum
2319 1799 2590 1858 hominem
2608 1804 2963 1861 ministratum
2984 1815 3100 1874 est;
3125 1823 3184 1865 se
3199 1820 3385 1868 autem

1799 1887 2040 1960 ejusdem
2063 1890 2228 1960 ipsius
2261 1890 2594 1949 Sacramenti
2617 1895 2899 1952 sanctitate
2922 1898 3121 1968 puniri,
3169 1900 3214 1956 si
3244 1900 3388 1958 indi-

1793 1993 1898 2050 gne
1920 1982 2204 2052 acceperit,
2234 1982 2280 2038 si
2306 1984 2446 2040 male
2469 1999 2600 2041 usus
2647 1985 2828 2056 fuerit,
2856 1989 2902 2044 si
2942 2006 3050 2046 non
3091 1991 3142 2049 ei
3188 2008 3388 2054 conve-

1796 2071 2003 2128 nienter
2025 2082 2080 2129 et
2103 2089 2336 2145 congrue
2363 2076 2576 2133 vixerit.

1865 2162 2089 2220 CAPUT
2140 2165 2360 2221 XXl.—
2381 2166 2475 2224 25.
2516 2167 2650 2224 Nam
2685 2185 2870 2241 quaero
2912 2172 3008 2229 abs
3050 2182 3122 2243 te,
3153 2176 3210 2233 Si
3248 2178 3388 2238 forte

1795 2270 1953 2326 quem
1983 2257 2284 2316 Primianus
2337 2261 2389 2316 in
2433 2269 2615 2316 vestra
2659 2264 3035 2323 communione
3076 2268 3384 2341 baptizavit,

1794 2346 2026 2415 pessime
2072 2349 2235 2417 vivat,
2266 2363 2425 2420 quem
2469 2366 2594 2407 vero
2636 2351 2938 2411 Felicianus
2981 2357 3034 2411 in
3079 2357 3387 2420 Maximiani

1793 2437 2080 2494 schismate
2129 2439 2433 2510 baptizavit,
2479 2442 2679 2514 optime
2719 2445 2882 2514 vivat,
2931 2448 3142 2504 cuinam
3193 2467 3384 2510 eorum

1760 2541 1762 2543 ’
1794 2538 1975 2599 patere
2002 2531 2275 2588 existimas
2309 2549 2530 2605 regnum
2558 2536 2691 2592 Dei?
2718 2545 2894 2594 utrum
2919 2540 2970 2595 ei
3002 2557 3158 2612 quem
3197 2543 3380 2617 bapti-

1793 2622 1932 2678 zavit
1961 2624 2250 2679 secundum
2283 2634 2334 2682 te
2361 2626 2534 2682 bonus
2559 2629 2779 2698 malum,
2807 2647 2875 2688 an
2902 2634 2952 2690 ei
2983 2636 3072 2706 qui
3099 2636 3386 2708 baptizavit

1793 2714 2082 2770 secundum
2106 2716 2394 2788 Bagaiense
2408 2721 2692 2778 concilium
2716 2724 3004 2796 sacrilegus
3039 2727 3381 2800 religiosum?

1791 2805 1893 2862 Sed
1923 2806 2059 2863 forte
2074 2807 2228 2877 dicis,
2247 2817 2303 2865 et
2326 2826 2510 2867 verum
2530 2811 2685 2884 dicis,
2701 2812 2819 2870 Non
2842 2825 3012 2886 potest
3027 2833 3148 2877 esse
3166 2822 3384 2895 religio-

1791 2915 1885 2955 sus
1904 2900 1956 2955 in
1970 2901 2259 2959 schismate
2270 2905 2607 2962 constitutus.
2621 2906 2870 2964 Assentio
2885 2926 2900 2964 :
2913 2922 3278 2971 verumtamen
3291 2931 3383 2988 po-

1795 3001 1897 3050 test
1914 3010 2034 3052 esse
2053 2997 2107 3052 in
2118 3007 2296 3054 vestra
2311 3003 2686 3060 communione
2707 3005 2996 3078 sacrilegus
3013 3008 3098 3065 vel
3113 3011 3377 3083 occultus,

1791 3101 1820 3142 a
1853 3087 2154 3160 Primiano,
2200 3107 2360 3163 quem
2408 3094 2716 3166 religiosum
2759 3097 3005 3168 creditis,
3045 3101 3379 3174 baptizatus.

1791 3178 1979 3248 Porro,
2030 3181 2077 3237 si
2126 3182 2216 3239 ille
2260 3200 2417 3256 quem
2454 3186 2752 3245 Felicianus
2785 3191 2840 3247 in
2873 3201 3060 3251 catena
3111 3195 3380 3270 sacrilegii

1790 3271 2093 3342 baptizavit,
2126 3275 2314 3331 relicto
2352 3277 2652 3336 schismatis
2694 3283 2972 3355 sacrilegio
3011 3287 3377 3347 ecclesiastica
3475 3317 3478 3322 -

1789 3366 2166 3422 communione
2215 3369 2613 3440 corrigeretur;
2664 3374 2921 3446 numquid
2972 3375 3139 3434 audes
3193 3378 3378 3439 dicere

1787 3455 1929 3526 quod
1952 3457 2142 3512 melior
2165 3459 2218 3514 in
2245 3458 2337 3514 illo
2363 3461 2663 3532 Baptismus
2692 3464 2866 3535 ﬁeret,
2890 3468 3132 3538 quamvis
3174 3485 3376 3543 negare

1743 3598 1762 3617 ,
1787 3561 1895 3602 non
1923 3547 2120 3605 audeas
2146 3550 2317 3621 ipsum
2347 3551 2616 3610 hominem
2639 3555 2754 3612 ﬁeri
2795 3558 3036 3628 potuisse
3058 3562 3375 3622 meliorem?

1787 3639 1900 3697 Hoc
1939 3643 2081 3697 enim
2107 3650 2161 3698 et
2188 3643 2304 3714 ipso
2344 3644 2482 3700 facto
2506 3646 2816 3718 judicastis;
2851 3651 3277 3728 quandoquidem
3307 3655 3376 3714 il-

1789 3732 1869 3788 los
1895 3749 2103 3802 omnes,
2135 3751 2268 3807 quos
2309 3737 2610 3797 Felicianus
2639 3749 2693 3797 et
2738 3742 3088 3802 Prattextatus
3113 3748 3169 3804 in
3212 3748 3373 3808 dam-

1786 3832 1911 3879 nato
1956 3833 2010 3880 et
2038 3825 2301 3883 detestata
2329 3843 2360 3884 a
2385 3830 2536 3886 vobis
2602 3833 2881 3907 sacrilegio
2930 3837 3233 3897 schismatis
3277 3840 3376 3900 ba-

1780 3917 2139 3986 ptizaverunt,
2165 3935 2286 3977 cum
2330 3924 2434 3980 illis
2463 3924 2529 3980 ad
2557 3941 2652 3983 vos
2693 3927 3042 3988 redeuntibus
3093 3933 3213 3992 sine
3261 3936 3375 3996 ulla

1783 4006 2143 4066 destructione
2170 4012 2256 4067 vel
2295 4015 2611 4084 repetitione
2636 4017 2892 4088 Baptismi
2933 4025 3264 4094 suscepistis.
3309 4026 3372 4087 Si

1782 4109 1961 4156 autem
2005 4103 2146 4173 quod
2193 4104 2394 4172 dixisti,
2433 4107 2522 4162 sed
2563 4111 2836 4178 quaerimus
2884 4129 2974 4182 per
3005 4131 3153 4184 quem
3188 4117 3372 4174 melius

1781 4195 1894 4264 ﬁat,
1925 4196 2340 4266 comparativum
2375 4199 2599 4270 gradum
2629 4217 2726 4271 pro
2749 4203 2976 4272 positivo
3003 4208 3224 4276 posuisti
3248 4227 3264 4277 ;
3285 4209 3368 4268 sic

1780 4285 1983 4354 dicens,
2015 4285 2298 4352 Quaerimus
2327 4306 2416 4359 per
2442 4308 2586 4361 quem
2609 4293 2786 4349 meIius
2815 4297 2906 4366 ﬁat
2922 4313 2944 4362 ;
2969 4312 3032 4354 ac
3057 4299 3100 4355 si
3129 4299 3362 4373 diceres,

1779 4375 2074 4445 Qurerimus
2118 4394 2213 4449 per
2239 4395 2398 4451 quem
2435 4382 2570 4439 bene
2608 4384 2718 4454 ﬁat,
2757 4387 2944 4444 volens
3001 4390 3221 4464 intelligi
3267 4409 3363 4466 per

1779 4468 1978 4523 malum
2020 4470 2322 4527 ministrum
2369 4474 2508 4530 male
2549 4476 2664 4531 ﬁeri
2697 4495 2709 4531 :
2741 4493 2847 4534 non
2875 4489 2928 4538 te
2955 4482 3120 4540 verbo
3171 4501 3360 4558 urgeo,

1779 4559 1870 4616 sed
1892 4561 2157 4619 admoneo
2185 4566 2362 4636 potius
2381 4574 2430 4622 te
2450 4566 2630 4624 dicere
2653 4569 2921 4641 debuisse,
2940 4574 3238 4643 Qumrimus
3265 4596 3359 4651 per

1777 4667 1937 4722 quem
1959 4652 2069 4721 ﬁat,
2085 4670 2265 4726 quam,
2291 4657 2589 4726 Quaerimus
2610 4676 2705 4730 per
2719 4679 2876 4733 quem
2891 4665 3028 4722 bene
3048 4668 3140 4723 ﬁat
3167 4688 3180 4724 :
3203 4674 3361 4742 quasi

1775 4752 1958 4815 posset
1985 4744 2100 4800 ﬁeri
2129 4755 2186 4802 ut
2209 4763 2315 4803 non
2338 4748 2474 4806 bene
2498 4750 2740 4809 Christus
2764 4753 2856 4812 det
2882 4755 3062 4827 ﬁdem,
3091 4775 3196 4816 non
3217 4762 3358 4822 bene

1773 4837 1847 4893 sit
1873 4835 2115 4894 Christus
2138 4839 2288 4912 origo
2308 4851 2570 4914 caputque
2598 4843 2897 4913 christiani,
2917 4864 3022 4905 non
3045 4851 3182 4910 bene
3197 4855 3356 4914 radix

1775 4930 1964 5001 ﬁgatur
1993 4931 2047 4987 in
2075 4931 2308 4990 Christo.
2339 4934 2446 4990 Aut
2467 4936 2611 4992 enim
2637 4952 2744 4992 non
2771 4938 2848 5006 ﬁt,
2868 4949 2960 4998 aut
2983 4943 3029 4998 si
3059 4943 3139 5013 ﬁt,
3159 4949 3352 5016 procul

1775 5022 1935 5079 dubio
1963 5023 2100 5080 bene
2124 5023 2202 5080 ﬁt.

1840 5116 1931 5173 26.
1973 5116 2346 5174 Verumtamen
2374 5119 2473 5174 ista
2503 5127 2814 5191 tractamus,
2846 5138 2915 5180 ne
2937 5135 3154 5198 propter
3175 5131 3348 5189 malos

1771 5210 2189 5282 dispensatores,
2223 5227 2328 5269 non
2355 5220 2530 5268 tamen
2560 5229 2797 5283 suorum,
2829 5216 2922 5272 sed
2951 5217 3343 5283 dominicorum
3393 5207 3403 5283 Ῐ

1768 5304 2231 5362 Sacramentorum
2257 5347 2272 5372 ,
2303 5320 2438 5377 quos
2479 5321 2702 5365 necesse
2730 5317 2816 5366 est
2844 5326 3012 5384 usque
3039 5314 3106 5370 ad
3137 5323 3350 5388 tempus

1767 5400 2122 5455 ventilationis
2165 5413 2304 5455 areae
2342 5399 2624 5457 dominicae
2661 5404 3029 5474 commisceri,
3071 5407 3350 5465 deseratur

1767 5493 1879 5564 ipsa
1921 5493 2094 5548 unitas
2132 5493 2537 5550 frumentorum.
2571 5495 2812 5554 Schisma
2853 5507 3030 5556 autem
3068 5500 3246 5559 facere
3271 5503 3342 5559 ab

1765 5588 1966 5644 unitate
1989 5585 2223 5657 Christi,
2248 5597 2340 5642 aut
2369 5589 2421 5644 in
2449 5589 2738 5648 schismate
2767 5607 2886 5650 esse
2904 5635 2917 5657 ,
2951 5594 3188 5664 profecto
3224 5611 3344 5652 ma-

1764 5683 1871 5737 lum
1902 5691 2004 5748 est,
2034 5689 2086 5737 et
2111 5696 2358 5752 magnum
2394 5683 2591 5740 malum
2614 5700 2627 5739 :
2650 5699 2751 5741 nec
2776 5685 2992 5741 omnino
3019 5686 3135 5741 fieri
3162 5695 3342 5758 potest

1763 5783 1822 5831 ut
1848 5773 2088 5831 Christus
2116 5774 2204 5832 det
2233 5774 2604 5849 schismatico,
2638 5793 2742 5849 non
2775 5775 2931 5832 ﬁdem
2953 5819 2967 5846 ,
2996 5777 3089 5838 sed
3119 5781 3342 5845 sacrilev
