3778 6140
435 303 542 366 ὕϐὃ

436 433 562 491 gum
589 430 860 482 errorem;
894 423 985 474 aut
1013 414 1065 471 in
1108 413 1321 480 Christo
1361 411 1594 468 radicem
1635 407 2011 474 schismaticus

438 511 646 572 fixerit.
677 517 768 565 aut
794 506 1132 570 schismatico
1158 502 1401 561 Christus
1429 503 1500 560 sit
1536 504 1687 577 origo
1729 512 1782 558 et
1810 510 2011 573 caput:

437 613 495 662 et
523 612 698 660 tamen
729 602 1054 672 Baptismum
1084 599 1279 656 Christi
1310 597 1358 653 si
1395 597 1602 654 dederit
1621 639 1636 665 ,
1663 596 1845 652 datum
1871 595 1974 652 erit
2001 612 2016 663 ;

439 696 486 754 si
510 694 794 766 acceperit,
823 701 1103 764 acceptum
1140 692 1276 759 erit;
1317 705 1423 747 non
1453 689 1520 746 ad
1547 691 1710 748 vitam
1740 699 2017 757 aeternam,

441 787 537 845 sed
567 785 634 842 ad
663 800 874 857 pinnam
902 794 1175 850 aeternam,
1211 783 1258 838 si
1284 782 1339 838 in
1365 797 1430 840 eo
1457 781 1738 854 sacrilegio
1765 796 2018 852 perseve-

439 878 608 946 rarit;
640 892 744 933 non
770 878 824 933 in
853 877 1050 933 malum
1069 875 1431 933 convertenda
1451 876 1649 932 bonum
1677 874 1818 945 quod
1839 873 2019 941 habet,

441 969 539 1028 sed
564 970 705 1030 malo
730 985 828 1027 suo
857 970 1052 1026 bonum
1071 968 1325 1026 .habendo
1353 967 1807 1039 quamdiu-malus
1837 968 2018 1025 habet.

511 1063 738 1122 CAPUT
764 1063 931 1120 XXII.
952 1063 1133 1118 —27.
1175 1062 1380 1132 Quaeris
1400 1060 1540 1118 forte
1565 1070 1624 1118 ut
1640 1061 1740 1118 hoc
1762 1061 1980 1132 probem
2006 1079 2020 1117 :

440 1155 570 1228 quid
612 1156 756 1212 aliud
786 1155 881 1212 tibi
917 1155 1124 1223 dicam,
1156 1155 1258 1214 nisi
1284 1155 1427 1226 quod
1462 1154 1564 1211 hoc
1591 1171 1754 1227 opere
1781 1155 2024 1214 institui?

441 1248 736 1320 Bagaieuse
756 1247 1030 1304 decretum
1056 1247 1193 1320 lege,
1225 1246 1554 1304 Felicianum
1573 1257 1628 1302 et
1647 1247 2023 1303 Praetextatum

443 1340 652 1398 intuere
677 1357 690 1394 :
715 1339 1039 1396 schismatici
1067 1338 1349 1406 dederunt,
1383 1340 1593 1410 utrique
1623 1355 1650 1392 a
1696 1340 1847 1394 vobis
1873 1355 2024 1397 rece-

444 1433 523 1504 pti
553 1442 607 1487 et
635 1431 844 1492 collecti
865 1441 1020 1497 sunt;
1048 1446 1148 1487 nec
1186 1431 1261 1486 illi
1288 1430 1597 1502 degradati,
1635 1446 1735 1488 nec
1772 1433 1845 1488 illi
1871 1432 2027 1486 reba-

446 1523 650 1594 ptizati.
677 1522 796 1579 Jam
827 1533 970 1579 certe
1009 1537 1115 1584 non
1153 1523 1348 1594 quaeris
1377 1531 1555 1584 utrum
1596 1523 1689 1579 liat
1716 1525 1905 1580 melius
1933 1539 2028 1596 per

437 1617 639 1688 justum
683 1615 982 1672 ministrum
1006 1655 1022 1684 ,
1067 1631 1135 1672 an
1177 1632 1272 1687 per
1310 1616 1564 1688 injustum
1590 1634 1605 1672 :
1629 1618 1877 1688 quoniam
1918 1635 2026 1674 non

444 1685 569 1764 ideo
593 1716 676 1766 est
698 1707 998 1777 Baptismus
1019 1685 1212 1765 melior
1235 1685 1394 1781 quem
1423 1709 1570 1766 dedit
1607 1685 1907 1768 Primianus
1937 1728 2025 1769 se-

443 1799 674 1860 cundum
704 1814 800 1856 vos
821 1800 1018 1871 justus,
1048 1817 1208 1874 quam
1233 1802 1324 1859 ille
1353 1819 1513 1875 quem
1543 1804 1690 1862 dedit
1727 1806 2026 1864 Felicianus

447 1890 698 1961 iniustus.
729 1889 888 1947 Certe
907 1890 1018 1963 jam
1045 1892 1340 1965 intelligere
1364 1895 1571 1966 cogeris
1595 1897 1862 1968 quomodo
1884 1902 2027 1970 Apo-

445 1980 616 2038 stolus
639 1980 854 2050 dixerit,
886 1981 1068 2056 Neque
1088 1985 1175 2056 qui
1198 1985 1396 2056 plantat
1421 1996 1495 2042 est
1521 1988 1734 2060 aliquid,
1762 2006 1918 2059 neque
1941 1991 2028 2062 qui

444 2074 612 2146 rigat;
645 2074 734 2129 sed
765 2076 853 2144 qui
900 2076 1259 2135 incrementum
1304 2080 1392 2134 dat
1421 2079 1558 2137 Deus
1605 2081 1645 2155 (I
1674 2081 1792 2138 Cor.
1823 2101 1896 2151 III,
1928 2086 1984 2156 7)
2011 2104 2025 2142 :

447 2175 604 2238 teque
632 2165 825 2224 frustra
847 2169 1044 2225 dixisse
1066 2171 1277 2238 recolis,
1303 2172 1448 2228 Sicut
1465 2173 1552 2243 qui
1577 2174 1774 2245 plantat
1803 2185 1848 2230 et
1872 2178 2024 2249 rigat,

444 2259 647 2316 nonnisi
673 2257 881 2316 colonus
908 2260 1122 2333 diligens
1149 2271 1197 2318 et
1235 2263 1400 2332 ﬁdelis
1439 2264 1742 2336 inquiritur;
1778 2268 1851 2321 sic
1878 2269 2029 2323 etiam

445 2350 500 2406 in
527 2360 840 2407 sacramento
862 2350 1196 2423 Baptismatis
1220 2355 1420 2411 nonnisi
1433 2356 1747 2426 justissimus
1767 2361 2028 2429 aperarius

447 2442 778 2514 approbatur.
809 2443 950 2502 Ecce
974 2461 1074 2502 nec
1099 2447 1347 2519 diligens,
1374 2465 1475 2504 nec
1500 2450 1690 2518 fidelis,
1718 2468 1818 2509 nec
1837 2453 2028 2524 justis-

446 2538 635 2605 simus,
664 2537 759 2594 sed
792 2538 967 2608 potius
993 2539 1181 2596 salutis
1207 2556 1317 2597 suae
1345 2543 1636 2616 negligens,
1668 2554 1723 2602 et
1758 2545 1986 2603 inﬁdelis
2007 2588 2024 2615 ,

447 2637 502 2684 ct
527 2626 905 2699 injustissinius
947 2630 1249 2688 Felicianus
1292 2632 1426 2702 fuit,
1453 2635 1666 2706 quando
1708 2636 2028 2695 Maximiano

447 2720 698 2786 sociatus,
729 2728 784 2778 et
820 2721 956 2786 sicut
991 2725 1213 2782 trecenti
1241 2732 1298 2781 et
1325 2725 1512 2783 decem
1543 2731 1709 2784 vestri
1751 2731 1905 2787 unius
1934 2747 2030 2788 ore

445 2810 799 2872 disertissimo
826 2824 1151 2884 personant,
1183 2815 1236 2872 in
1272 2827 1459 2874 catena
1483 2819 1744 2893 sacrilegii
1772 2823 2031 2879 constitu-

449 2913 555 2981 tus,
587 2905 913 2976 Baptismnm
944 2923 1104 2979 quem
1130 2925 1237 2966 non
1265 2913 1379 2969 ausi
1407 2913 1539 2970 estis
1567 2915 1896 2984 rescindere,
1928 2916 2030 2972 mi-

451 2997 714 3058 nistravit.

515 3108 609 3166 28.
651 3111 812 3168 Certe
854 3110 920 3167 ad
963 3111 1102 3171 hanc
1139 3128 1356 3192 causam
1389 3120 1570 3175 cernis
1611 3136 1718 3192 non
1763 3125 2030 3194 pertinere

445 3201 809 3262 testimonium
836 3203 979 3277 quod
1023 3221 1089 3262 ex
1127 3207 1382 3280 propheta
1428 3212 1649 3283 posuisti
1676 3231 1691 3268 :
1718 3214 1863 3292 Dabo
1892 3219 2028 3275 vobis

447 3307 678 3364 pastores
703 3298 976 3354 secundum
1001 3316 1088 3354 cor
1115 3294 1299 3370 meum,
1329 3313 1377 3358 et
1405 3318 1611 3374 pascent
1636 3324 1742 3376 vos,
1772 3323 2028 3388 pascentes

443 3403 561 3442 cum
587 3387 857 3459 disciplina
885 3389 1096 3464 (larem.
1129 3409 1219 3461 ιιι,
1253 3392 1362 3468 15).
1405 3395 1706 3470 Felicianus
1743 3387 1886 3482 enin
1926 3421 2028 3480 nec

443 3482 737 3539 secundum
767 3498 861 3541 cor
895 3485 991 3542 Dei
1025 3488 1320 3561 sacrilegus
1341 3501 1490 3562 erat,
1530 3507 1629 3550 nec
1653 3510 1782 3568 oves
1810 3498 1926 3570 ejus
1969 3499 2025 3576 in

445 3575 707 3648 sacrilego
725 3575 1010 3634 schismate
1030 3579 1282 3650 pascebat
1299 3596 1418 3637 cum
1440 3583 1748 3656 disciplina;
1773 3597 1827 3644 et
1847 3575 2052 3658 tatnen'

449 3666 754 3738 baptizabat
789 3683 913 3734 eos,
947 3669 1000 3724 in
1037 3671 1231 3741 quibus
1275 3674 1507 3748 receptis
1532 3676 1889 3749 cognovistis,
1919 3697 2027 3762 ηομ

445 3759 635 3830 ipsius,
663 3759 757 3815 sed
784 3760 876 3817 Dei
897 3760 1060 3818 fuisse
1078 3763 1220 3833 quod
1239 3763 1416 3820 dabat.
1444 3766 1599 3822 Certe
1619 3769 1875 3854 persPicis
1895 3759 2028 3854 quo-

447 3851 610 3906 modo
638 3869 666 3905 ιι
698 3867 786 3908 me
813 3852 883 3908 de
899 3852 1172 3924 Scriptura
1198 3866 1378 3911 sancta
1405 3851 1877 3936 commemoratum
1905 3853 2022 3936 est,

443 3942 647 3998 Binum
682 3961 802 4002 esse
837 3947 1094 4017 conﬁdere
1119 3948 1172 4002 in
1216 3947 1434 4005 Domino
1458 3991 1473 4016 ,
1502 3968 1656 4020 quam
1692 3956 1946 4028 conﬁdere
1972 3960 2026 4015 in

450 4036 653 4092 Ιιωιιίηε
680 4035 852 4109 (Psal.
880 4053 1059 4109 cxvn,
1093 4039 1151 4112 8)
1177 4058 1190 4094 :
1215 4049 1370 4120 teque
1396 4041 1646 4114 inaniter,
1677 4057 1929 4128 quantum
1958 4051 2027 4122 ad

446 4127 584 4184 hanc
611 4144 824 4185 causam
854 4132 1112 4202 pertinet,
1132 4134 1485 4206 respondisse,
1505 4137 1642 4210 quod
1666 4127 1778 4195 ideo
1798 4143 1956 4215 magis
1972 4153 2028 4200 ut

447 4221 612 4288 iustus
635 4231 682 4276 et
717 4221 883 4290 ﬁdelis
910 4225 976 4280 sit
1003 4241 1093 4297 per
1123 4243 1268 4297 quem
1301 4227 1396 4283 hoc
1418 4243 1786 4298 sacramentum
1809 4235 2025 4293 celebre-

443 4322 528 4367 tur
552 4313 796 4396 inquiras,
823 4317 942 4386 quia
968 4333 1108 4387 spem
1144 4327 1193 4373 et
1233 4320 1477 4390 ﬁduciam
1515 4320 1646 4392 Dei,
1676 4342 1778 4381 non
1812 4327 2027 4396 hominis

446 4405 635 4472 habes;
682 4393 790 4463 Dei.
820 4425 926 4464 esse
966 4419 1134 4465 autem
1175 4405 1328 4479 ﬁdem
1363 4421 1512 4485 atque
1548 4416 1806 4486 justitiam
1828 4460 1844 4488 ,
1876 4393 2028 4493 quam

353 4516 357 4519 '
445 4514 645 4570 semper
671 4499 722 4553 in
768 4499 877 4571 ejus
914 4499 1157 4556 ministris
1184 4504 1419 4572 attendis.
1464 4505 1602 4562 Ecce
1633 4507 1684 4562 in
1715 4507 1986 4580 Feliciano
2006 4554 2022 4582 ,

447 4588 662 4661 quando
689 4588 788 4644 fuit
827 4590 1013 4646 famosi
1054 4593 1292 4648 criminis
1323 4610 1480 4676 reus,
1509 4611 1608 4653 nec
1639 4597 1881 4676 iustitia,
1929 4583 2028 4658 nec

447 4679 582 4735 fides
609 4688 758 4747 erat;
788 4689 844 4738 et
871 4689 1047 4738 tamen
1072 4682 1372 4754 Baptismus
1401 4694 1537 4752 erat,
1567 4697 1621 4743 et
1645 4689 1835 4766 quibus
1866 4691 1933 4746 ab
1960 4707 2026 4766 eo

448 4771 608 4826 datus
642 4781 753 4840 est,
784 4789 906 4831 cum
931 4791 961 4830 a
997 4775 1148 4832 vobis
1189 4776 1398 4832 collecti
1445 4789 1605 4848 sunt,
1643 4763 1723 4837 eis
1737 4763 2027 4844 accessisse

448 4863 706 4932 justitiam
731 4866 926 4936 dicitis,
959 4869 1285 4940 Baptismum
1308 4871 1540 4942 defuisse
1567 4891 1675 4938 non
1704 4877 1897 4954 dicitis.
2003 4857 2014 4870 ’

520 4955 746 5014 CAPUT
765 4958 951 5016 XXIII.
975 4992 1045 5002 —
1063 4961 1158 5018 29.
1187 4962 1419 5020 Proinde
1443 4966 1584 5036 quod
1612 4968 1862 5054 deinceps
1887 4988 1916 5044 a
1939 4991 2026 5032 me

449 5047 679 5116 quaeris,
719 5047 781 5103 Si
830 5067 862 5103 a
916 5068 1226 5127 quocumque
1266 5063 1313 5110 et
1349 5047 1810 5136 quomodocumque
1850 5065 2026 5121 datum

451 5135 716 5207 Baptisma
742 5140 957 5195 rescindi
996 5159 1097 5200 non
1137 5144 1278 5200 debet
1297 5187 1313 5214 ,
1344 5163 1435 5201 cur
1459 5159 1571 5219 post
1595 5135 1849 5206 Joannem
1879 5156 2024 5230 Apo-

453 5231 572 5285 stoli
600 5231 994 5304 baptisaverint:
1020 5246 1073 5292 ιιι
1110 5237 1222 5310 jam
1251 5240 1399 5297 solve
1429 5242 1773 5311 quaestionem
1796 5288 1811 5313 ,
1840 5246 1894 5302 Si
1922 5291 1935 5314 ,
1963 5259 2023 5310 ut

447 5323 601 5390 dicis,
633 5334 752 5395 post
778 5325 1035 5384 Joannem
1066 5330 1306 5400 Apostoli
1331 5325 1746 5403 baptizaverunt,
1781 5353 1877 5394 cur
1905 5352 2025 5412 post

446 5414 795 5484 Felicianum,
824 5433 957 5489 quos
982 5419 1036 5474 in
1055 5421 1313 5494 sacrilego
1341 5424 1625 5482 schismate
1643 5427 2020 5501 baptizaverat,

445 5509 606 5564 vestri
634 5525 741 5566 non
763 5510 1160 5579 baptizaverint.
1193 5512 1260 5568 Et
1287 5514 1410 5571 hinc
1440 5518 1624 5573 saltem
1659 5520 1837 5591 disce,
1867 5526 2022 5595 quid-

446 5601 570 5667 quid
597 5603 722 5656 illud
751 5611 835 5657 est
854 5603 992 5673 quod
1022 5604 1087 5660 de
1105 5603 1325 5662 Joannis
1337 5607 1600 5679 baptismo
1616 5613 1695 5667 vel
1713 5614 1917 5685 legitur,
1940 5621 2022 5676 vel

447 5693 745 5763 disseritur,
776 5697 843 5750 ab
881 5696 979 5751 hac
1004 5711 1162 5754 causa
1189 5713 1309 5755 esse
1347 5703 1556 5771 penitus
1596 5705 1847 5762 alienum.
1878 5711 2014 5778 Quid

449 5796 625 5845 autem
643 5789 735 5845 tibi
752 5791 923 5845 visum
942 5791 1010 5846 sit
1037 5794 1233 5860 nescio,
1277 5804 1333 5850 ut
1362 5795 1577 5855 Judteos
1604 5801 1794 5871 quibus
1819 5806 1893 5861 ait
1914 5807 2015 5864 Pe-

1175 295 1447 354 CONTRA
1483 288 1914 352 CRESCONIUM
1951 285 2403 355 DONA-TISTAM,
2443 285 2502 342 S.
2543 285 2915 344 AUCUSTINI

3619 292 3714 351 56b

2130 410 2263 470 trus,
2281 398 2572 473 Baptizatur
2600 403 2940 474 unusquisque
2974 413 3190 460 uestrum
3209 408 3262 462 in
3279 423 3497 464 nomine
3523 406 3715 466 Domini

2123 494 2248 551 Iesu
2269 495 2456 553 Christi
2483 497 2616 568 (Act.
2648 513 2705 564 ιι,
2738 497 2831 568 58)
2852 540 2867 566 ,
2900 498 3008 569 jam
3041 498 3203 556 fuisse
3233 516 3266 556 a
3294 502 3492 573 Moyse
3522 501 3712 560 diceres

2125 586 2450 658 baptizatos;
2481 589 2580 660 qui
2610 600 2729 660 post
2781 599 2858 646 tot
2898 593 3271 663 generationes
3317 596 3438 651 nati
3482 595 3711 664 fuerunt,

2124 694 2284 750 quam
2300 681 2387 737 ille
2403 681 2498 738 Dei
2510 681 2736 737 famulus
2753 681 2984 754 majores
2999 698 3182 739 eorum
3203 701 3297 756 per
3315 686 3571 743 Rubrum
3585 705 3713 744 mare

2126 775 2371 846 trajecit‘
2396 775 2586 849 (Exod.
2601 793 2712 846 xiv,
2737 777 2853 850 2‘2).
2873 779 2977 833 Aut
3001 779 3044 834 si
3064 790 3341 852 propterea
3363 797 3399 838 a
3425 781 3613 855 Moyse
3633 784 3711 838 ba-

2127 869 2376 940 ptismum
2404 868 2688 936 habebant,
2731 871 2852 941 quia
2882 885 2952 928 ex
2978 870 3080 926 illis
3103 874 3378 945 propagati
3412 885 3566 942 sunt,
3595 890 3714 946 quos

2130 961 2185 1019 in
2205 962 2384 1034 Moyse
2401 962 2690 1033 baptizatos
2710 962 3138 1034 dicitApostolus
3164 964 3207 1034 (I
3238 964 3356 1021 Con.
3386 981 3452 1032 ι,
3486 964 3547 1039 2)
3565 985 3578 1019 :
3593 968 3714 1023 aude

2126 1053 2306 1111 dicere
2332 1070 2520 1111 omnes
2545 1055 2635 1126 qui
2675 1064 2962 1110 nascuntur
2989 1071 3057 1111 ex
3096 1055 3343 1112 fidelibus
3369 1056 3709 1124 Christianis,

2127 1147 2471 1205 christianum
2498 1150 2609 1218 jam
2639 1146 2838 1205 habere
2861 1147 3212 1219 Baptismum.
3243 1148 3399 1217 Quod
3443 1149 3603 1207 vides
3626 1192 3639 1213 ,
3671 1160 3718 1205 ut

2127 1242 2377 1308 arbitror,
2398 1249 2590 1312 quanta
2610 1243 2844 1297 vanitate
2857 1241 3084 1297 dicatur.
3112 1240 3217 1298 Sed
3245 1236 3532 1313 quomodo
3553 1258 3612 1298 se
3638 1243 3718 1296 ha-

2129 1334 2251 1390 beat
2277 1335 2425 1399 illud,
2449 1336 2657 1390 etiamsi
2685 1344 2807 1406 post
2831 1335 3046 1407 Moysen
3071 1336 3161 1393 Dei
3189 1336 3452 1394 famulum
3483 1336 3710 1406 Apostoli

2128 1439 2234 1480 non
2262 1424 2637 1494 baptizassent,
2674 1437 2726 1481 te
2753 1441 2996 1497 urgerem
3029 1426 3252 1482 reddere
3291 1428 3568 1483 rationem
3590 1469 3604 1493 ,
3635 1443 3720 1482 cur

2130 1525 2249 1587 post
2292 1516 2621 1572 Felicianum
2675 1517 3149 1574 Maxiinianensem
3197 1520 3528 1591 sacrilegum
3570 1521 3717 1575 vestri

2128 1623 2234 1664 non
2264 1607 2638 1677 baptizassent.

2200 1701 2289 1758 50.
2329 1700 2444 1762 Jam
2473 1701 2600 1756 illud
2644 1701 2788 1772 quod
2815 1703 2999 1772 posui,
3034 1702 3095 1758 Si
3144 1705 3380 1760 errabant
3415 1706 3504 1760 illi
3535 1706 3621 1777 qui
3646 1723 3718 1761 ro-

2129 1792 2294 1848 lebant
2320 1809 2426 1848 esse
2457 1792 2612 1848 Pauli
2644 1791 2753 1866 (Id.
2783 1809 2821 1859 I,
2856 1792 2946 1866 ιιι)
2969 1837 2981 1859 ,
3015 1811 3126 1866 qua:
3165 1798 3371 1852 tandem
3409 1815 3534 1869 spes
3559 1816 3716 1853 eorum

2128 1891 2200 1938 est
2229 1883 2313 1954 qui
2334 1884 2506 1938 volunt
2534 1901 2640 1940 esse
2665 1884 2851 1938 Donati
2878 1885 3016 1956 (Lib.
3053 1888 3075 1941 I
3111 1897 3285 1943 contra
3311 1888 3546 1946 Litteras
3581 1889 3710 1945 Peti-

2127 1973 2272 2040 liani,
2291 1992 2341 2029 η.
2359 1976 2450 2047 5)?
2466 1977 2729 2046 prioribus
2756 1977 2992 2050 partibus
3017 1982 3255 2051 epistola:
3283 1992 3387 2039 tua:
3406 2001 3520 2040 non
3551 1995 3603 2041 te
3632 2001 3710 2041 re-

2128 2065 2330 2128 fellisse
2351 2068 2390 2133 ’,
2425 2078 2552 2138 puto
2579 2068 2721 2140 quod
2752 2064 2916 2127 etiam'
2939 2072 3051 2142 ipse
3076 2075 3388 2131 consideras
3415 2076 3472 2132 in
3503 2079 3586 2133 his
3611 2094 3716 2150 qua:

2128 2159 2373 2229 superius
2397 2162 2525 2215 satis
2551 2160 2799 2218 diximus.
2824 2162 2939 2218 Non
2968 2181 3115 2237 ergo,
3139 2166 3279 2222 sicut
3300 2168 3396 2223 tibi
3425 2170 3645 2237 videris,
3670 2180 3718 2226 et

2129 2250 2280 2320 quasi
2308 2259 2488 2306 certus
2505 2251 2799 2322 ’exsultas,
2821 2255 2907 2310 illa
2938 2245 3113 2310 omnia
3143 2274 3262 2328 quae
3287 2275 3318 2313 a
3346 2259 3617 2340 Petiliano
3645 2262 3716 2317 νει

2129 2343 2368 2414 quolibet
2396 2346 2503 2402 alio
2546 2345 2686 2402 dicta
2723 2358 2884 2416 sunt,
2917 2360 3062 2406 recte
3094 2351 3234 2430 dicta
3274 2355 3578 2410 concludis.
3608 2355 3713 2425 Ipso

2133 2435 2328 2507 quippe
2356 2436 2565 2506 ordine,
2597 2455 2703 2510 quo
2732 2455 2762 2494 a
2791 2449 2842 2496 te
2871 2440 3107 2498 breviter
3129 2444 3276 2500 velut
3301 2447 3604 2503 recolendo
3632 2447 3711 2502 de-

2132 2545 2285 2587 cursa
2328 2531 2529 2600 sunt‘,
2555 2548 2655 2604 ego
2687 2535 2862 2605 potius
2894 2537 2944 2591 in
2989 2537 3088 2592 hac
3129 2553 3290 2596 causa
3333 2541 3710 2597 Maximianen-

2129 2621 2270 2678 sinm
2316 2637 2424 2678 non
2469 2639 2534 2682 ea
2577 2633 2724 2680 recte
2749 2626 2891 2683 dicta
2927 2629 3224 2697 concludo;
3271 2633 3396 2703 quia
3448 2649 3553 2690 nec
3592 2649 3709 2688 con-

2130 2715 2350 2770 scientia
2399 2728 2582 2774 sancte
2633 2717 2810 2774 dantis
2853 2729 2968 2776 erat
3015 2722 3067 2776 in
3127 2721 3444 2793 Felici'ano,
3511 2725 3709 2798 quando

2128 2803 2446 2862 Maximiano
2472 2806 2748 2863 cohaerens
2774 2818 2961 2865 catena
2988 2812 3250 2884 sacrilegii
3279 2815 3633 2888 trahebatur;
3661 2825 3706 2870 et

2128 2915 2159 2954 a
2190 2899 2378 2956 famosi
2405 2902 2642 2958 criminis
2671 2918 2785 2970 reo,
2809 2919 2871 2960 ac
2898 2919 2994 2976 per
3020 2904 3120 2961 hoc
3147 2922 3177 2962 a
3205 2907 3498 2965 manifesto
3523 2908 3707 2981 perﬁdo

2129 2990 2553 3063 baptizabantur,
2583 2997 2675 3066 qui
2701 2993 2769 3050 ab
2792 2996 2884 3051 illo
2902 2996 3344 3068 baptizabantur:
3369 3017 3473 3059 nec
3503 3003 3646 3074 origo
3664 3010 3708 3056 et

2129 3082 2281 3139 radix
2309 3092 2363 3140 et
2385 3094 2543 3156 caput
2567 3086 2633 3141 ad
2656 3088 2881 3144 salutem
2921 3089 3027 3145 illis
3056 3100 3171 3146 erat
3199 3091 3364 3149 homo
3391 3097 3703 3166 sacrilegus;

2129 3189 2230 3230 nec
2256 3175 2416 3231 arbor
2441 3177 2578 3233 bona
2609 3186 2725 3234 erat
2749 3179 2801 3234 in
2842 3181 3088 3253 sacrilegi
3129 3182 3434 3240 schismatis
3463 3188 3707 3244 societate

2129 3265 2433 3337 damnatus,
2461 3279 2515 3326 et
2541 3271 2714 3329 adhuc
2741 3274 2793 3329 in
2820 3275 3007 3354 codem
3047 3277 3331 3350 sacrilegio
3353 3283 3703 3344 constitutus;

2129 3376 2231 3420 nec
2259 3362 2426 3418 bonus
2455 3375 2570 3420 erat
2599 3366 2688 3437 qui
2718 3365 2786 3423 de
2827 3367 2970 3424 bono
3001 3369 3250 3427 thesauro
3275 3373 3457 3430 cordis
3485 3376 3567 3432 sui
3592 3390 3704 3448 pro-

2129 3451 2289 3510 ferret
2320 3455 2453 3510 bona
2479 3455 2690 3529 (Matth.
2711 3476 2805 3522 xn,
2828 3459 2919 3534 55)
2948 3502 2961 3526 ,
2991 3463 3202 3540 quando
3223 3464 3291 3520 de
3319 3465 3411 3522 illo
3434 3478 3494 3530 et
3517 3469 3582 3524 de
3602 3468 3702 3521 aliis

2129 3545 2246 3616 ejus
2275 3546 2435 3602 sociis
2461 3546 2753 3616 dicebatur,
2782 3553 3005 3617 Quorum
3033 3570 3088 3608 os
3116 3555 3469 3612 maledictione
3494 3569 3544 3614 et
3563 3575 3692 3613 ama-

2127 3633 2348 3696 ritudine
2376 3639 2580 3709 plenum
2606 3652 2675 3696 est
2711 3640 2883 3713 (Psal.
2914 3660 3025 3714 xm,
3054 3645 3130 3714 5).
3165 3646 3234 3702 Et
3269 3657 3445 3704 tamen
3499 3649 3697 3725 quando

2127 3743 2248 3785 cum
2279 3731 2368 3786 illo
2394 3732 2557 3787 vestri
2584 3734 3057 3803 eoncordaverunt,
3091 3735 3419 3810 Baptismnm
3449 3760 3608 3818 quem
3635 3753 3700 3798 ta-

2127 3821 2195 3880 lis
2223 3821 2460 3891 dederat,
2493 3842 2596 3881 non
2624 3827 2790 3898 ipsius
2818 3845 2956 3912 esse,
2988 3832 3083 3914 sed
3110 3833 3312 3890 Christi
3339 3837 3626 3910 aliquando
3652 3836 3691 3890 vi

2128 3914 2366 3970 veritatis
2393 3918 2562 3972 territi
2589 3912 2971 3990 cognoverunt.

2196 4008 2423 4067 CAPUT
2450 4011 2636 4068 XXIV.
2661 4046 2733 4092 —_—
2755 4017 2842 4072 5i.
2884 4020 3013 4090 Age,
3039 4019 3150 4090 jam
3180 4021 3456 4082 videamus
3479 4041 3577 4082 suo
3596 4027 3698 4080 loco

2128 4098 2181 4154 in
2206 4100 2451 4171 epistola,
2483 4111 2539 4159 tu
2562 4103 2629 4161 de
2655 4105 3147 4178 Maximianensium
3180 4127 3339 4170 causa
3365 4117 3630 4192 quomodo
3655 4125 3695 4170 te

2126 4204 2310 4247 exuas.
2337 4191 2535 4249 Omnes
2557 4195 2698 4250 enim
2721 4197 2808 4267 qui
2832 4197 2926 4276 lias
2949 4199 3151 4257 litteras
3173 4203 3374 4275 legunt,
3402 4214 3695 4280 exspectant

2129 4285 2312 4354 procul
2338 4285 2498 4343 dubio
2518 4289 2604 4345 vel
2633 4290 2758 4361 quid
2787 4290 2910 4348 hinc
2934 4309 2963 4347 a
2990 4304 3040 4349 te
3061 4294 3259 4351 dictum
3282 4285 3370 4367 sit,
3402 4299 3492 4354 ubi
3515 4302 3692 4358 dictum

2127 4375 2214 4443 sit,
2243 4379 2325 4434 vel
2353 4393 2380 4432 a
2411 4394 2497 4436 me
2523 4380 2647 4452 quid
2673 4398 3008 4454 responsum.
3039 4387 3221 4459 Itaque
3264 4390 3333 4446 de
3361 4391 3559 4464 Optato
3595 4391 3692 4449 Gil-

2127 4466 2356 4524 doniano
2384 4470 2525 4540 quod
2547 4469 2776 4542 'objectis
2814 4476 2950 4532 meis
2986 4479 3350 4554 respondisti,
3385 4484 3514 4539 nolo
3540 4486 3692 4540 discu.

2128 4567 2258 4626 tere,
2287 4563 2411 4617 nolo
2431 4562 2483 4618 in
2506 4557 2736 4625 hominis
2753 4581 2932 4636 causa,
2956 4569 3024 4624 de
3047 4559 3198 4640 cujus
3219 4589 3250 4628 a
3275 4577 3476 4637 vestris
3496 4579 3694 4656 damna-

2130 4655 2275 4710 tione
2300 4656 2374 4710 nil
2399 4671 2517 4728 ago,
2541 4655 2739 4714 diutius
2764 4662 3059 4718 immorari.
3089 4657 3250 4720 Facio
3277 4678 3427 4724 certe
3449 4655 3688 4744 jacturain

2129 4748 2288 4817 hujus
2331 4748 2555 4820 objecti,
2587 4761 2642 4807 et
2681 4751 2783 4808 hoc
2825 4752 3052 4819 fortasse
3093 4758 3232 4830 apud
3277 4771 3559 4834 posteros,
3589 4779 3689 4820 cum

2129 4839 2268 4896 illius
2293 4841 2452 4897 fuerit
2488 4843 2762 4900 obliterata
2798 4849 3057 4904 memoria
3083 4868 3096 4902 :
3121 4839 3286 4910 nunc
3308 4871 3438 4924 vero
3464 4857 3688 4930 quamdiu

2129 4941 2252 4988 sunt
2290 4933 2531 4991 homines
2573 4937 2661 5008 qui
2708 4937 2870 4993 vitam
2902 4940 3041 4996 illius
3083 4958 3366 5018 moresque
3411 4960 3687 5022 noverunt,

2129 5042 2311 5097 parum
2339 5045 2424 5084 me
2459 5029 2526 5085 de
2565 5031 2655 5087 illo
2688 5031 2918 5102 dixisse,
2947 5051 3104 5107 quam
3144 5037 3338 5110 falsum
3379 5046 3556 5114 potius
3579 5060 3685 5102 con-

2125 5131 2432 5191 querentur.
2461 5122 2642 5194 Neque
2670 5125 2811 5180 enim
2838 5127 2915 5182 sic
2941 5128 3121 5200 legunt
3148 5131 3354 5189 litteras
3383 5148 3607 5206 nostras,
3633 5145 3679 5188 ut

2128 5218 2210 5275 tu,
2239 5212 2326 5282 qui
2369 5228 2435 5270 ex
2476 5230 2562 5270 me
2601 5218 2827 5290 quteris,
2859 5218 2945 5273 ille
2981 5235 3138 5292 quem
3177 5231 3429 5300 tanquam
3467 5230 3680 5316 rapidum

2125 5301 2340 5359 ﬂuctum
2361 5306 2383 5338 ⁵
2409 5307 2784 5394 appellaverim
2809 5351 2822 5374 ,
2857 5311 2984 5382 quid
3013 5312 3353 5372 absorbuerit
3375 5361 3389 5385 ,
3440 5301 3558 5400 cum
3594 5319 3682 5376 illic

2191 5447 2208 5512 ξ
2237 5451 2337 5496 Am.
2361 5452 2665 5512 Er.‘e_t_lllss.,_
2681 5449 2945 5512 transjecit.

2185 5507 2617 5594 irrohrefellisse,
2645 5507 2851 5575 legitur,
2897 5511 3186 5579 defendisse,
3231 5519 3361 5594 apud
3408 5529 3508 5574 Am.
3551 5530 3620 5574 Er.
3645 5528 3680 5572 et

2122 5583 2293 5622 omnes
2333 5577 2441 5619 Mss.
2960 5577 2968 5579 '
3169 5577 3179 5579 ’

2185 5634 2206 5699 ξ
2238 5639 2394 5691 Forte,
2420 5630 2585 5691 victor,
2607 5640 2659 5683 ut
2675 5649 2836 5699 supra,
2854 5637 2940 5688 lib.
2963 5639 3010 5697 5,
3039 5653 3089 5699 ιι,
3111 5640 3189 5692 85.

2122 5756 2155 5807 ά
2183 5696 2277 5806 ἓ
2295 5701 2544 5805 ἑἷιςὲξὶἰαιμιο
2566 5700 2662 5745 ate
2683 5695 2903 5761 breviter,
2919 5695 3046 5752 velut
3067 5695 3337 5774 recolendo,
3358 5707 3677 5769 rendrdsccntlt

2155 5770 2183 5807 e
2272 5770 2295 5806 ,ς
2459 5790 2470 5802 .

2155 5770 2326 5807 εσυτεα
2347 5770 2470 5805 ςιιιιι.

2182 5821 2202 5852 ⁵
2218 5825 2344 5879 Mss,
2357 5816 2578 5869 rabidum
2587 5816 2806 5884 ﬂuctum;
2817 5831 2867 5875 et
2879 5824 3000 5876 infra
3010 5827 3507 5893 constanter,rabidus
3516 5831 3662 5896 ﬂuctui
