3778 6170
68 367 319 430 habeas
348 368 730 440 Prmtextatum
757 369 812 424 et
836 358 1186 418 Felicianurn.
1227 353 1360 434 Nam
1398 352 1559 432 verba
1595 363 1715 408 mea

72 464 222 520 illic
251 465 330 528 sic
359 476 419 518 se
447 460 683 524 habent:
711 457 793 512 Ita
819 445 1052 528 intidem,
1087 452 1303 526 inquam
1323 491 1336 517 ,
1367 446 1452 503 isti
1475 446 1719 520 insultant

71 556 452 611 schismaticis
477 538 605 620 suis,
635 561 687 605 ut
706 567 790 606 eos
817 559 862 603 et
892 556 1114 622 mortuos
1138 553 1182 608 et
1206 542 1483 614 insepultos
1503 547 1718 620 vocent:

76 647 207 702 sed
239 656 374 703 certe
401 629 579 716 aptare
592 617 877 718 debuerunt
907 649 962 714 ut
993 619 1340 710 sepelirentur,
1370 649 1432 688 ne
1457 631 1519 686 de
1546 617 1720 718 mutti-

77 740 296 794 tudine
342 727 623 812 jacentium
666 735 720 790 in
761 734 924 789 littore
967 730 1270 798 cadaverum
1312 708 1715 806 insepultorum,

79 831 464 888 Gildonianus
496 827 714 904 Optata;
740 825 976 904 incedens
995 839 1109 900 cum
1137 821 1338 902 agmine
1364 816 1578 894 militari
1606 825 1720 899 tart-

74 945 272 1004 quam
328 901 556 998 rapidus,
581 905 767 998 [luctus
810 901 946 996 ultra
988 916 1254 994 prosiliens
1277 955 1293 982 ,
1323 911 1644 990 Felicianum
1673 917 1719 966 et

84 1021 503 1088 Prwtextatum
532 1018 780 1088 introrsus
810 1022 983 1088 postea
1010 1008 1282 1086 resorberet
1313 1005 1450 1086 (Lit).
1482 1006 1506 1082 ξ
1543 1013 1719 1082 contra

79 1111 343 1168 Litteras
375 1091 651 1174 Petiliani,
685 1124 739 1160 η.
773 1102 885 1176 Η).
914 1102 1038 1166 Haec
1065 1100 1227 1178 verba
1250 1113 1366 1178 mea
1387 1112 1507 1177 cum
1537 1095 1610 1172 ibi
1639 1095 1718 1172 le-

82 1207 281 1278 geris,
312 1219 406 1278 cur
431 1216 538 1278 non
558 1198 735 1278 omnia
753 1180 976 1269 posuisti
1002 1195 1055 1248 1?
1091 1193 1202 1261 Cur
1222 1207 1307 1274 me
1332 1190 1494 1272 veluti
1519 1189 1716 1268 arguis,

86 1267 235 1352 ἶιοιι
271 1273 474 1366 dixisse
509 1290 634 1364 quid
666 1267 883 1372 rapidus
920 1285 1113 1367 auctus
1152 1267 1250 1360 ille
1266 1267 1570 1360 sorbucrit,
1597 1294 1718 1362 cum

91 1391 189 1447 ibi
229 1363 491 1460 scripturn
520 1365 737 1458 videas,
784 1359 1103 1454 Felicianum
1145 1386 1190 1433 et
1230 1359 1604 1455 ertezrtatum‘
1637 1359 1718 1451 irt-

59 1491 64 1494 '
91 1492 321 1537 trorsus
359 1489 534 1552 postea
558 1474 868 1544 resorberet?

184 1572 418 1648 CAPUT
444 1569 612 1642 XXV.
636 1599 706 1608 —
723 1566 810 1632 52.
845 1564 981 1642 Quid
1005 1564 1148 1626 enim
1177 1560 1317 1634 aliud
1346 1561 1491 1636 velut
1515 1561 1582 1616 ad
1605 1573 1720 1634 ma-

93 1682 282 1739 gnam
333 1663 702 1730 defensionem
746 1674 898 1728 suam
938 1655 1267 1734 reSpondere
1306 1653 1468 1709 vestri
1511 1652 1718 1721 solent,

96 1741 242 1814 cum
273 1756 353 1813 eis
391 1754 638 1826 obiicitur
671 1739 988 1830 Praetextati
1019 1756 1072 1805 et
1111 1745 1370 1823 Feliciani
1406 1745 1526 1800 talis
1567 1760 1720 1801 rece—

100 1853 234 1921 ptio
264 1850 674 1914 damnatorum,
705 1844 807 1918 nisi
830 1887 844 1912 ,
881 1831 1102 1918 Optatus
1143 1841 1240 1896 hoc
1274 1839 1466 1914 voluit,
1499 1839 1719 1908 Optatus

103 1945 218 1999 hoc
246 1944 365 2014 fecit
383 1927 586 2022 ἷῖριὶοςι
626 1948 681 2024 et
718 1939 848 2020 ipsae
884 1936 1125 2018 civitates
1157 1933 1441 2010 Mustitaua
1470 1942 1523 2006 et
1552 1934 1721 2020 Assu-

101 2039 293 2092 ritana
330 2011 764 2108 testantur,'quae
789 2013 854 2112 se
889 2011 1093 2086 dicunt
1115 2045 1183 2100 ex
1223 2027 1398 2108 thati
1430 2011 1722 2098 commina-

101 2130 265 2208 tione
298 2128 675 2192 Gildonianum
702 2124 923 2180 militem
952 2121 1322 2185 formidantes,
1345 2119 1588 2190 coegisse
1610 2118 1724 2192 epi-

105 2209 314 2298 scopos
345 2237 471 2277 suos
488 2220 556 2276 ad
579 2219 1007 2276 communionem
1035 2215 1210 2272 redire
1224 2213 1500 2271 Primiani.
1523 2212 1723 2284 Verum

114 2325 180 2372 tu
215 2315 340 2387 quia
368 2313 472 2389 hoc
503 2312 568 2370 ab
597 2311 690 2366 illo
719 2309 918 2382 factum
939 2349 954 2377 ,
987 2306 1324 2378 impudenter
1355 2305 1536 2378 negari
1566 2320 1724 2376 posse

111 2407 342 2474 vidisti,
377 2406 479 2460 hoc
522 2419 552 2458 a
587 2417 670 2458 me
701 2397 955 2474 Scriptum
997 2397 1242 2468 negasti,
1275 2398 1443 2470 magis
1478 2395 1722 2464 fortassis

109 2499 438 2555 existimans
464 2495 668 2551 litteras
682 2508 829 2549 meas
841 2508 999 2568 quam
1018 2491 1162 2546 illam
1185 2506 1297 2546 rem
1319 2505 1480 2563 posse
1503 2490 1720 2547 nesciri.

112 2591 230 2648 Sed
259 2591 472 2647 licuerit
497 2587 761 2660 episcopis
798 2587 990 2642 vestris
1012 2627 1028 2654 ,
1068 2584 1253 2658 nescio
1283 2599 1390 2659 quo
1422 2584 1724 2655 Donatiano

114 2688 206 2744 vel
232 2685 519 2742 Numidico
542 2683 842 2756 privilegio,
867 2681 935 2738 de
960 2695 1057 2748 suo
1079 2681 1324 2752 ignorare
1345 2679 1547 2751 collega
1570 2661 1725 2750 quid-

115 2781 252 2852 quid
280 2790 387 2836 tota
415 2778 591 2834 Africa
616 2777 1017 2856 conclamabat;
1050 2789 1172 2830 cum
1194 2772 1339 2830 Afris
1367 2774 1434 2828 ab
1459 2773 1601 2830 Afris
1631 2774 1725 2830 ob-

116 2875 267 2944 jecta
308 2871 529 2928 crimina
554 2912 569 2938 ,
610 2884 882 2941 nunquam
926 2865 1144 2939 probata
1169 2908 1185 2934 ,
1234 2866 1393 2930 toties
1437 2865 1678 2922 absoluta
1704 2908 1720 2934 ,

119 2962 492 3040 Orientalibus
529 2969 582 3019 et
620 2960 1049 3038 Occidentalibus
1097 2966 1252 3014 terra:
1308 2956 1503 3013 finibus
1544 2958 1724 3029 ignota

121 3070 246 3112 esse
303 3071 412 3110 non
483 3055 680 3126 sinant.
733 3051 920 3108 Valeat
973 3049 1111 3122 apud
1159 3064 1255 3104 vos
1308 3049 1611 3120 Baptismus
1657 3050 1726 3106 ab

124 3148 322 3221 Optato
353 3149 527 3214 datus,
565 3161 724 3218 quem
763 3144 841 3200 sic
875 3143 1130 3199 damnare
1160 3125 1410 3206 noluisti,
1441 3151 1500 3197 ut
1547 3151 1724 3198 tamen

123 3259 232 3300 non
265 3242 435 3298 fueris
473 3256 634 3296 ausus
663 3238 977 3312 absolvere;
1005 3245 1060 3306 et
1087 3251 1191 3291 non
1221 3235 1397 3291 valeat
1435 3235 1594 3291 datus
1621 3236 1724 3292 Ba-

126 3335 357 3407 ptismus
388 3335 442 3408 in
480 3330 738 3398 Ecclesiis
774 3329 1069 3402 apostolico
1113 3328 1296 3384 labore
1334 3327 1590 3395 fundatis,
1622 3326 1726 3384 Co-

125 3429 474 3490 rinthiorum,
503 3425 841 3496 Galatarum,
875 3422 1254 3494 Ephesiorum,
1281 3421 1684 3484 Colossensium
1706 3463 1722 3489 ,

125 3519 574 3591 Philippensium,
603 3515 1158 3574 Thessalonicensium
1177 3556 1190 3580 ,
1219 3520 1644 3583 caaterarumque
1669 3514 1724 3570 in

128 3613 327 3670 sanctis
352 3611 570 3668 Litteris
591 3650 606 3677 ,
644 3624 776 3680 quas
802 3616 856 3664 et
889 3621 985 3664 vos
1012 3607 1187 3676 legitis
1210 3647 1226 3672 ,
1258 3605 1681 3676 conscriptarum
1703 3645 1722 3674 ,

127 3705 217 3760 ubi
247 3703 550 3768 Caeciliani,
577 3715 684 3757 non
709 3701 831 3756 dico
851 3699 1042 3755 falsum
1063 3698 1194 3754 illud
1218 3698 1443 3765 crimen,
1467 3699 1561 3754 sed
1588 3697 1728 3756 forte

130 3811 228 3858 nec
247 3811 438 3853 verum
466 3809 660 3850 nomen
682 3792 922 3858 auditum
944 3800 1044 3848 est.
1067 3789 1325 3853 Habuerit
1344 3790 1728 3847 conscientiam

129 3899 316 3948 sancte
361 3889 540 3946 dantis
581 3886 805 3959 Optatus
843 3887 899 3941 in
941 3886 1034 3948 illa
1076 3885 1216 3952 vita,
1261 3899 1422 3956 quam
1466 3894 1556 3952 tu,
1589 3885 1729 3942 sicut

129 3984 329 4055 scripta
378 3992 466 4040 tua
515 3981 787 4048 indicant,
816 3979 1027 4038 etiamsi
1069 3987 1290 4050 prepter
1332 3993 1431 4034 nos
1471 3977 1728 4046 damnare

132 4075 430 4144 erubuisti,
464 4085 643 4131 tamen
687 4081 905 4146 propter
945 4073 1115 4132 Deum
1155 4071 1434 4140 absolvere
1471 4071 1726 4139 timuisti,

135 4173 185 4226 in
217 4172 307 4226 illa
341 4170 502 4227 etiam
531 4168 744 4240 publica
773 4167 914 4224 fama
945 4166 1036 4222 ubi
1055 4166 1308 4222 latentem
1337 4165 1431 4221 tibi
1455 4165 1624 4222 visum
1647 4173 1730 4221 est

133 4263 337 4322 attendi
369 4276 531 4334 posse
559 4261 982 4328 conscientiam;
1012 4269 1066 4316 et
1094 4267 1378 4315 accusetur
1400 4258 1729 4315 conscientia

135 4366 211 4414 tot
235 4365 615 4426 tantarumque
639 4355 876 4426 gentium
904 4352 1318 4409 christianarum
1339 4393 1354 4417 ,
1383 4351 1506 4422 quia
1546 4365 1729 4406 remo-

137 4452 372 4507 tissimas
400 4451 522 4516 lites
552 4448 814 4520 ignoravit
837 4446 1111 4503 Afrorum.
1139 4443 1406 4516 Numquid
1437 4444 1597 4500 etiam
1624 4443 1731 4499 cri-

136 4545 278 4600 mina
310 4543 567 4608 istornm,
599 4540 856 4597 Feliciani
898 4538 1104 4595 scilicet
1127 4545 1183 4595 et
1221 4536 1562 4600 Praetextati,
1595 4549 1731 4606 quos

137 4636 360 4693 trecenti
388 4642 442 4690 et
467 4632 654 4690 decem
682 4632 922 4706 plenario
951 4631 1179 4688 concilio
1203 4628 1612 4697 damnaverunt,
1649 4627 1729 4684 si-

138 4731 336 4786 militer
362 4730 608 4800 ignorare
635 4726 983 4798 potuerunti.

206 4821 444 4881 CAPUT
471 4819 660 4878 XXVI.
680 4851 751 4861 —
772 4821 861 4876 55.
905 4818 974 4874 Et
999 4817 1175 4874 adhuc
1198 4817 1389 4888 objicis
1416 4816 1606 4872 unitati
1633 4831 1729 4872 ca-

144 4916 356 4980 tholica:
383 4911 566 4970 nescio
596 4927 715 4984 qum
755 4910 895 4967 facta
939 4917 1277 4977 nostrorum,
1305 4924 1424 4980 quae
1463 4916 1555 4963 aut
1599 4907 1728 4964 falsa

144 5018 285 5076 sunt,
312 5014 406 5062 aut
442 5014 655 5078 peccata
684 5021 789 5061 non
825 5011 986 5070 sunt;
1022 5011 1114 5058 aut
1148 5003 1308 5058 etiam
1339 5001 1382 5057 si
1408 5016 1534 5057 vera
1573 5009 1732 5072 atque

145 5108 362 5172 peccata
388 5107 532 5165 sunt,
559 5098 823 5156 bonorum
845 5095 1158 5151 societatem
1186 5093 1454 5148 maculare
1477 5107 1582 5148 non
1609 5095 1734 5163 pos-

146 5203 290 5251 sunt.
323 5191 508 5263 Neque
532 5192 674 5248 enim
699 5189 828 5246 boni
850 5187 1246 5246 communicant
1270 5185 1501 5257 peccatis
1521 5186 1731 5252 alienis,

93 5343 102 5360 ί
150 5286 342 5358 quibus
390 5285 571 5354 utique
614 5281 872 5338 faciendis
917 5296 1024 5337 non
1071 5279 1441 5344 consentiunt;
1493 5277 1736 5348 quamvis

89 5374 268 5484 facum
313 5377 446 5448 ipsis
480 5375 568 5446 qui
611 5389 671 5430 ea
718 5375 952 5441 faciunt,
992 5371 1166 5428 donec
1204 5371 1273 5426 de
1310 5385 1432 5426 area
1470 5369 1736 5425 dominica

184 5473 195 5483 .
271 5480 281 5484 -
388 5470 400 5484 .
788 5483 791 5484 ν
1073 5462 1601 5484 --μμημ-ημηι

84 5462 288 5547 ςἐἰοιιι
316 5470 469 5542 palea
512 5467 810 5524 ventilabro
853 5466 1041 5522 ultimo
1069 5473 1386 5536 separentur
1414 5462 1625 5535 (Matth.
1658 5478 1733 5529 ιιι,

82 5559 84 5563 ’
165 5564 246 5634 12)
270 5607 284 5633 ,
315 5579 420 5626 non
457 5576 643 5618 eorum
686 5568 904 5631 peccata
925 5603 940 5626 ,
972 5557 1065 5616 sed
1099 5558 1193 5612 Dei
1237 5567 1566 5613 sacramenta
1591 5570 1738 5612 com-

223 5783 237 5816 ³
265 5784 343 5833 Hic
366 5781 462 5830 duo
483 5787 586 5830 Mss.
611 5778 806 5840 addunt,
834 5790 940 5828 cum
966 5777 1033 5829 eis
1054 5775 1343 5840 respondere
1361 5783 1589 5829 tentares.

1471 233 1675 316 LiBER
1713 233 2059 306 QUARTUS.

3311 244 3416 304 566

1827 356 2136 424 municent;
2187 365 2241 414 et
2284 357 2422 428 intra
2477 357 2719 432 eamdem
2759 372 3012 432 segenam
3061 358 3203 430 velut
3243 359 3414 431 pisces

1827 449 1954 514 boni
1982 465 2102 506 cum
2137 451 2293 508 malis
2324 467 2490 524 usque
2519 452 2587 509 ad
2625 453 3049 525 separationem,
3083 470 3201 526 qua:
3241 455 3293 510 in
3326 455 3416 513 lit-

1825 551 1960 612 tore,
1994 544 2096 600 hoc
2127 553 2241 611 est,
2275 546 2329 600 in
2371 544 2476 600 ﬁne
2511 545 2693 602 saeculi
2729 554 2978 618 tanquam
3021 547 3075 602 in
3106 550 3208 603 line
3249 550 3415 606 maris

1825 635 2002 694 futura
2027 646 2110 694 est
2141 637 2250 710 (Id.
2283 654 2395 704 xm,
2423 638 2612 712 47-50)
2637 682 2652 708 ,
2680 654 2786 696 non
2815 641 2883 698 ab
2909 639 2986 698 eis
3013 655 3298 712 corporum
3329 658 3414 700 se-

1825 736 2164 806 gregatione,
2197 734 2292 790 sed
2317 734 2440 790 vitae
2478 748 2542 791 ac
2581 749 2788 790 morum
2814 734 3123 794 diversitate
3162 736 3413 807 disjuncti

1825 837 1972 888 sunt.
2005 828 2152 894 Sicut
2198 844 2300 885 nec
2328 827 2575 890 undecim
2617 829 2860 900 Apostoli
2897 828 3051 886 furtis
3089 829 3238 886 Judae
3267 846 3414 886 com-

1827 925 2204 989 munieabant;
2236 931 2291 978 et
2331 932 2507 980 tamen
2544 937 2664 979 cum
2704 923 2796 982 illo
2833 923 3007 980 eidem
3038 923 3264 998 Domino
3289 924 3418 982 visi-

1827 1016 2006 1072 biliter
2034 1013 2414 1081 cohaerebant,
2459 1014 2707 1070 eumdem
2756 997 3060 1086 Magistrum
3091 1015 3411 1082 audiebant,

1826 1110 1968 1166 idem
2012 1108 2340 1168 credendum
2364 1108 2380 1141 ¹
2407 1093 2758 1178 Evangelium
2801 1109 3194 1180 percipiebant,
3227 1109 3414 1166 eadem

1824 1202 2168 1260 Sacramenta
2211 1200 2493 1258 sumebant
2526 1199 2714 1273 (Joan.
2748 1215 2841 1268 xu,
2871 1201 2968 1258 4-6
2991 1243 3005 1266 ,
3036 1211 3081 1256 et
3105 1217 3230 1267 xm,
3263 1201 3370 1273 ‘26)
3399 1246 3412 1269 ,

1824 1297 2090 1369 corporali
2118 1312 2238 1353 cum
2278 1296 2368 1352 illo
2407 1293 2816 1367 congregatione
2843 1294 3126 1364 permixti,
3155 1293 3417 1364 spirituali

1825 1389 2258 1450 dissimilitudine
2287 1387 2539 1460 separati.
2570 1385 2718 1442 Sicut
2760 1385 3032 1454 apostolus
3082 1385 3280 1446 Paulus
3309 1399 3418 1440 non

1825 1482 2257 1542 communicabat
2283 1477 2633 1538 contumaciae
2664 1485 2718 1532 et
2752 1477 2964 1538 invidiae
2989 1517 3002 1542 ,
3038 1475 3140 1534 hoc
3165 1486 3277 1540 est,
3307 1475 3419 1534 dia-

1825 1577 2015 1636 bolicis
2042 1575 2184 1632 vitiis
2223 1589 2410 1631 eorum
2455 1573 2544 1650 qui
2584 1586 2689 1628 non
2736 1578 2885 1627 caste
2925 1569 3193 1626 Christum
3219 1584 3420 1626 annun-

1828 1671 2062 1736 tiabant;
2095 1675 2149 1726 et
2178 1677 2361 1724 tamen
2389 1681 2510 1722 cum
2541 1666 2619 1721 eis
2644 1662 2891 1720 eumdem
2919 1660 3191 1720 Christum
3220 1661 3417 1732 praedi-

1826 1767 2014 1832 cabat,
2046 1763 2288 1835 ejusdem
2328 1759 2529 1820 Christi
2571 1759 2913 1816 Sacramenta
2956 1757 3334 1828 participabat;
3363 1764 3419 1812 et

1827 1859 1892 1916 de
1923 1858 2004 1914 his
2034 1856 2263 1922 dicebat,
2301 1853 2420 1912 Sive
2462 1851 2755 1915 occasione,
2787 1851 2889 1906 sive
2918 1849 3121 1902 veritate
3140 1888 3154 1912 ,
3187 1846 3418 1902 Christus

1827 1949 2150 2006 mutantietur
2173 1944 2433 2016 (Philipp.
2465 1959 2500 2009 ι,
2535 1943 2622 2007 l7,
2655 1941 2768 2010 18).
2790 1939 2921 2001 Nam
2951 1939 3050 1994 hos
3079 1946 3281 2008 martyr
3306 1935 3416 2009 Cy-

1828 2042 2048 2112 prianus
2076 2035 2474 2098 amantissimus
2502 2034 2737 2098 unitatis,
2767 2046 2874 2087 non
2916 2030 3093 2100 aliquo
3129 2028 3417 2086 schismate

1827 2135 1910 2190 vel
1939 2131 2133 2196 haeresi
2162 2137 2460 2200 separatos,
2493 2126 2588 2182 sed
2615 2124 2868 2180 fratribus
2897 2121 3161 2192 corporali
3192 2135 3417 2191 congre-

1825 2227 2040 2300 gatione
2087 2224 2253 2280 fuisse
2296 2221 2656 2287 commixtos,
2699 2227 2754 2274 et
2796 2217 3057 2274 intellexit
3103 2225 3154 2271 et
3203 2214 3419 2285 scripsit

1830 2318 2086 2390 (Epistola
2123 2317 2190 2370 ad
2236 2313 2544 2383 Maximum)
2571 2330 2583 2366 :
2610 2312 2748 2366 sicut
2787 2310 2929 2365 idem
2970 2309 3128 2364 etiam
3171 2308 3284 2378 ipse
3311 2306 3419 2379 Cy-

1828 2417 2047 2487 prianus
2073 2411 2332 2476 avaritias,
2362 2406 2580 2478 rapinis,
2609 2403 2777 2462 fenori
2805 2403 3128 2473 collegarum
3151 2417 3257 2456 non
3279 2416 3419 2458 com-

1829 2506 2156 2569 municabat,
2187 2516 2322 2574 quos
2343 2500 2554 2557 dicebat
2575 2497 2932 2555 esurientibus
2957 2496 3008 2551 in
3040 2495 3279 2551 Ecclesia
3309 2495 3418 2552 fra-

1831 2602 2000 2657 tribus
2032 2597 2230 2653 habere
2252 2603 2532 2666 argentum
2563 2592 2778 2663 largiter
2799 2590 2959 2654 velle,
2983 2588 3177 2644 fundos
3198 2587 3422 2644 insidio-

1828 2692 1903 2749 sis
1947 2689 2226 2749 fraudibus
2265 2701 2487 2757 rapere,
2531 2685 2705 2740 usuris
2740 2681 3219 2751 multiplicantibus
3267 2683 3420 2737 fenus

1828 2800 2056 2856 augere;
2099 2781 2240 2854 quod
2283 2780 2481 2836 malum
2530 2777 2690 2833 etiam
2738 2774 3051 2831 idololatriae
3093 2773 3423 2844 comparavit

1831 2878 2004 2953 (Libro
2031 2876 2094 2931 de
2121 2871 2323 2946 Lapsis)
2351 2891 2363 2926 :
2388 2886 2611 2943 quorum
2640 2881 2816 2925 tamen
2839 2867 3170 2938 corporalem
3191 2881 3418 2938 congre-

1829 2972 2098 3043 gationem
2127 2982 2234 3024 non
2263 2963 2595 3037 refugiebat,
2624 2961 2690 3018 ad
2733 2961 2922 3028 eadem
2951 2961 3134 3016 altaria
3161 2959 3421 3016 consiste-

1827 3065 1938 3131 bat,
1973 3061 2221 3120 eumdem
2264 3057 2678 3114 sacratissimum
2716 3054 2895 3111 cibum
2921 3063 3210 3123 potumque
3237 3065 3420 3106 sume-

1828 3159 1938 3214 bat.
1973 3158 2051 3212 llli
2079 3156 2224 3212 enim
2269 3168 2376 3209 non
2403 3151 2550 3218 aliis,
2582 3148 2678 3205 sed
2707 3149 2807 3204 sibi
2832 3146 3093 3216 judicium
3124 3143 3417 3200 manduca-

1829 3253 1957 3308 bant
1998 3259 2052 3306 et
2099 3249 2353 3304 bibebant
2400 3243 2444 3317 (l
2495 3242 2613 3298 Cor.
2667 3257 2742 3306 ιι,
2787 3238 3032 3307 29);ἰΙΙθ
3075 3246 3251 3293 autem
3296 3250 3420 3291 cum

1830 3341 2060 3404 talibus,
2093 3354 2201 3395 non
2249 3351 2432 3392 eorum
2475 3341 2727 3405 peccata,
2779 3330 2875 3403 sed
2923 3329 3173 3400 mysteria
3218 3325 3419 3382 Christi

1830 3433 2278 3499 communicabat,
2313 3426 2786 3499 coniunctissimus
2810 3422 3039 3480 etetibus
3058 3462 3075 3490 ,
3105 3420 3418 3492 disiunctis-

1830 3532 1998 3586 simus
2027 3527 2287 3584 moribus.
2321 3523 2400 3579 Ad
2439 3522 2542 3578 hoc
2565 3521 2707 3576 enim
2739 3527 2794 3575 et
2831 3518 2935 3574 illae
2962 3515 3335 3573 similitudines
3363 3515 3419 3571 in

1829 3621 2137 3693 Seripturis,
2161 3626 2215 3675 et
2236 3618 2324 3674 illa
2349 3614 2599 3685 exempla
2625 3611 2898 3683 praemissa
2927 3619 3071 3676 sunt,
3103 3618 3160 3663 ut
3181 3606 3418 3662 discere-

1832 3731 1954 3772 mus
1983 3715 2308 3770 frumentum
2339 3724 2477 3773 esse,
2510 3722 2611 3763 nec
2636 3721 2816 3762 aream
2846 3703 3166 3760 dominicam
3197 3708 3418 3772 propter

1832 3809 1999 3880 paleae
2021 3804 2456 3862 commixtionem
2479 3798 2730 3856 deserere
2761 3795 2970 3869 (Matth.
2995 3809 3074 3862 ιιι,
3100 3793 3221 3863 12);
3249 3792 3422 3861 pisces

1831 3903 1993 3960 boni’
2024 3915 2164 3964 esse,
2198 3913 2297 3954 nec
2327 3904 2543 3968 propter
2570 3892 3001 3949 commixtiouem
3021 3889 3283 3945 malorum
3312 3884 3423 3940 dis-

1833 3998 2002 4070 ruptis
2033 3995 2236 4052 retibus
2281 3993 2423 4048 foras
2455 3992 2531 4046 ire
2558 3989 2668 4061 (Id.
2701 4004 2832 4052 xm,
2863 3987 2954 4054 47,
2987 3985 3079 4056 48)
3107 4001 3121 4047 ;
3149 3997 3274 4038 vasa
3302 3995 3424 4037 esse

1833 4088 2215 4147 misericordia:
2259 4086 2311 4140 in
2353 4084 2560 4140 honore
2602 4080 2741 4136 facta
2781 4088 2941 4149 atque
2983 4075 3274 4140 mundata,
3325 4088 3426 4129 nec

1834 4191 2054 4254 propter
2079 4194 2205 4235 vasa
2233 4175 2546 4248 perditionis
2576 4182 2628 4228 et
2655 4170 2993 4228 contumelia:
3020 4168 3087 4223 de
3113 4168 3275 4223 domo
3307 4180 3424 4219 ma-

1833 4291 1934 4348 gna
1964 4275 2143 4345 fugere
2176 4270 2248 4342 (ll
2280 4269 2411 4324 Tim.
2440 4284 2510 4332 ιι,
2539 4265 2630 4332 20,
2665 4263 2788 4334 21).
2818 4262 2970 4317 Nulla
2996 4261 3140 4316 enim
3170 4273 3330 4313 causa
3363 4257 3423 4312 in

1835 4378 2184 4436 utrorumque
2232 4359 2512 4432 temporali
2539 4356 2950 4428 congregatione
2995 4363 3156 4422 atque
3185 4349 3421 4421 permix-

1837 4463 1982 4518 tione
2007 4457 2347 4516 laudabiliter
2372 4453 2666 4509 tolerantur
2694 4449 2853 4514 mali,
2884 4447 2986 4502 nisi
3014 4461 3082 4500 ne
3101 4441 3424 4500 damnabili-

1835 4564 1919 4611 ter
1946 4553 2262 4609 deserantur
2299 4547 2446 4603 boni.
2479 4543 2629 4612 Quod
2657 4557 2777 4599 cum
2805 4549 2859 4597 et
2883 4554 2977 4594 vos
3006 4539 3058 4594 in
3091 4536 3281 4592 vestris
3312 4544 3422 4590 tam

1838 4646 2018 4703 multis
2048 4652 2104 4701 et
2129 4651 2234 4697 tam
2262 4637 2554 4712 manifestis
2585 4635 2740 4691 malis
2763 4631 2948 4688 eadem
2975 4629 3294 4686 necessitate
3337 4625 3419 4681 fa-

1836 4739 2025 4805 ciatis;
2058 4745 2212 4808 potes
2238 4733 2418 4798 facile,
2453 4732 2496 4786 si
2527 4730 2660 4787 velis
2684 4772 2698 4796 ,
2725 4727 3004 4783 advertere
3031 4722 3174 4794 quod
3211 4720 3422 4777 nonnisi

1838 4830 2175 4888 animositate
2222 4827 2479 4897 sacrilega
2509 4838 2604 4879 vos
2633 4838 2660 4876 τι
2701 4817 3006 4876 christianis
3050 4823 3128 4870 tot
3168 4829 3232 4870 ac
3261 4813 3424 4868 tantis

1837 4925 2083 4998 gentibus
2113 4920 2394 4993 separatis.

1907 5017 2134 5077 CAPUT
2162 5012 2378 5072 XXVII.
2408 5041 2480 5053 --
2517 5011 2606 5066 54.
2636 5008 2818 5078 Itaque
2858 5019 2966 5060 non
3003 5003 3174 5060 solum
3204 5003 3431 5074 Optatus

1840 5118 1893 5173 in
1924 5116 2012 5171 illa
2037 5110 2349 5171 Gildoniana
2390 5105 2646 5163 societate
2676 5085 2986 5157 notissimus
3007 5141 3023 5168 ,
3071 5097 3165 5153 sed
3206 5097 3431 5167 quilibet

1840 5209 2096 5264 obscurus
2137 5200 2280 5274 apud
2306 5214 2402 5256 vos
2437 5197 2458 5229 ³
2492 5207 2541 5252 te
2585 5194 2784 5251 sciente
2811 5192 2936 5248 mali
2980 5189 3177 5262 aliquid
3221 5189 3427 5256 fecerit,

1840 5315 1960 5358 cum
2003 5312 2124 5352 cum
2154 5310 2260 5349 non
2303 5288 2542 5362 potueris
2572 5303 2599 5341 a
2640 5295 2814 5342 vestra
2855 5283 3233 5340 communione
3271 5295 3429 5350 sepa-

1841 5406 1962 5448 rare
1980 5432 1994 5457 ,
2022 5387 2143 5459 quia
2172 5384 2256 5439 vel
2297 5398 2401 5438 non
2441 5380 2532 5436 tibi
2562 5377 2796 5434 creditur
2822 5374 3128 5440 accusanti,
3157 5372 3241 5426 vel
3270 5385 3430 5426 accu-

1843 5500 1964 5542 sare
2007 5497 2112 5538 non
2156 5479 2357 5544 audes,
2406 5489 2475 5531 ne
2519 5488 2624 5529 non
2677 5470 2855 5526 valeas
2902 5466 3290 5539 comprobare;
3342 5471 3434 5519 aut

1911 5647 1927 5677 ι
1953 5646 2024 5693 Sic
2047 5646 2152 5690 Mss.
2179 5642 2236 5686 At
2259 5633 2394 5694 editi,
2419 5633 2477 5694 ab
2498 5630 2663 5683 eodem
2687 5627 2945 5680 creditum.

1909 5709 1930 5738 ¹
1965 5701 2131 5754 Melius
2152 5693 2427 5763 legeretur,
2444 5693 2657 5763 bonos.“
2669 5700 2726 5742 M.

1914 5770 1933 5801 ³
1958 5747 2258 5826 ιίινὲῖέιιὲίξ,
2285 5747 2532 5824 superﬂuo
2554 5757 2765 5806 additum
2782 5788 2796 5815 ,
2823 5751 2899 5814 si;
2923 5748 3049 5813 quod
3073 5747 3215 5799 abest
3238 5759 3267 5796 a
3289 5751 3396 5796 Mss.
