3784 6190
348 273 453 332 561

351 385 646 447 deserenda
686 382 782 440 tibi
820 386 903 438 est
938 392 1061 452 pars
1086 377 1312 445 Donati,
1356 385 1447 432 aut
1475 375 1596 432 talis
1624 376 1731 433 eris
1759 373 1929 447 qualis

350 482 444 538 ille
462 521 476 546 ,
504 477 656 548 cujus
683 481 957 546 peccatum
983 484 1090 525 non
1119 469 1361 541 ignoras,
1388 467 1634 541 quamvis
1660 465 1938 523 dissimili-

352 583 437 629 ter
461 572 627 626 vivas.
673 566 786 622 Hoc
810 578 919 621 non
949 561 1242 619 secundum
1267 576 1478 627 veram,
1520 560 1614 617 sed
1644 558 1936 616 secundum

352 672 584 721 vestram
633 657 953 717 sententiam
997 654 1150 712 vobis
1195 655 1493 711 rectissime
1546 651 1759 709 dicitur.
1809 651 1939 719 Quis

354 755 498 813 enim
526 752 696 808 nescit
716 728 772 806 te
795 749 1025 809 alienum
1052 761 1172 803 esse
1195 746 1265 802 ab
1288 745 1430 801 illius
1452 745 1615 813 malo,
1643 745 1687 801 si
1715 758 1943 801 consen-

354 846 508 902 sione
540 849 762 915 peccato
788 840 906 912 ejus
929 854 1036 896 non
1065 837 1423 894 communicas
1442 837 1467 888 ?
1503 836 1598 892 sed
1624 835 1749 892 hinc
1773 850 1940 907 agno-

355 952 507 996 scere
534 934 743 1009 cogeris
762 975 777 1001 ,
804 940 1003 1006 quanta
1035 931 1302 1002 impietate
1331 928 1595 1001 objiciatis
1636 928 1753 985 orbi
1794 928 1941 984 chri-

354 1030 531 1087 stiano
556 1028 641 1085 vel
685 1026 815 1083 falsa
835 1067 849 1094 ,
874 1024 961 1081 vel
989 1032 1135 1080 certe
1177 1023 1356 1095 ignota
1397 1023 1622 1078 crimina
1649 1022 1940 1092 Afrorum;

357 1137 480 1179 cum
508 1121 603 1177 tibi
631 1120 790 1192 objici
825 1118 963 1175 nolis
990 1117 1132 1190 quod
1160 1116 1227 1175 de
1253 1117 1421 1174 altero
1447 1116 1522 1173 sis
1541 1157 1555 1183 ,
1586 1116 1709 1187 quia
1737 1116 1839 1172 hoc
1863 1116 1943 1173 eis

357 1230 464 1269 non
507 1220 659 1285 potes
699 1210 1041 1284 persuadere,
1082 1225 1115 1266 a
1154 1224 1383 1282 quorum
1428 1224 1536 1265 non
1565 1209 1645 1265 vis
1689 1209 1944 1266 societate

358 1304 657 1361 discedere.
707 1304 819 1373 Ita,
851 1317 920 1360 ne
946 1302 1164 1360 deseras
1205 1316 1339 1375 quos
1378 1311 1532 1373 putas
1569 1302 1760 1371 bonos,
1804 1300 1945 1359 ferre

360 1398 571 1473 cogeris
597 1413 733 1470 quos
757 1397 899 1454 nosti
925 1396 1114 1453 malos.
1142 1397 1220 1452 Ac
1255 1411 1354 1467 per
1376 1394 1481 1451 hoc
1512 1409 1699 1451 omnes
1724 1395 1947 1451 convin-

363 1493 439 1548 cit
459 1491 659 1548 veritas
684 1490 874 1556 malos,
899 1489 988 1561 qui
1017 1497 1234 1559 propter
1256 1487 1428 1544 aliena
1452 1487 1673 1544 crimina
1701 1501 1797 1543 seu
1824 1502 1946 1544 vera

364 1596 462 1640 seu
492 1580 620 1638 falsa
644 1622 658 1647 ,
697 1579 907 1637 caeteris
947 1587 1123 1635 tamen
1164 1579 1428 1651 incognita
1450 1621 1466 1647 ,
1494 1579 1595 1635 sibi
1632 1588 1810 1636 autem
1838 1595 1946 1636 non

363 1674 631 1743 obfutura,
676 1674 915 1745 disrupta
956 1672 1158 1729 unitate
1194 1681 1272 1729 tot
1311 1674 1552 1745 gentium
1596 1673 1949 1733 deseruerunt

362 1768 552 1823 bonos.
584 1766 697 1822 Hoc
723 1773 828 1833 tam
856 1780 1106 1837 magnum
1151 1766 1302 1822 nefas
1341 1767 1509 1837 partis
1533 1767 1722 1822 Donati
1752 1783 1819 1824 ne
1846 1768 1946 1824 all-

360 1876 469 1932 quo
504 1862 665 1916 modo
688 1873 968 1917 excusare
1010 1859 1259 1930 possetis,
1303 1873 1464 1915 causa
1502 1860 1651 1916 vobis
1676 1860 1949 1918 Maximia-

361 1952 608 2009 nensium
641 1959 922 2023 procurata
947 1958 1029 2008 est
1045 1994 1060 2020 ,
1090 1951 1145 2007 in
1173 1966 1279 2023 quo
1303 1951 1450 2008 velut
1473 1953 1689 2024 speculo
1716 1961 1948 2010 vestram

363 2043 678 2115 pravitatem
716 2049 1058 2114 conspectam
1080 2084 1097 2111 ,
1134 2042 1179 2099 si
1207 2043 1515 2111 volueritis,
1555 2045 1871 2117 corrigatis:
1902 2046 1949 2103 si

364 2145 541 2192 autem
584 2135 902 2201 nolueritis,
948 2135 1074 2190 nolo
1131 2134 1419 2206 quidquam
1476 2136 1689 2207 gravius
1746 2136 1947 2205 dicere,

363 2228 576 2302 quando
615 2228 729 2285 scio
772 2235 827 2284 te
870 2242 965 2285 cor
999 2228 1217 2287 habere.
1267 2227 1404 2298 Quid
1445 2229 1588 2286 enim
1621 2238 1804 2286 contra
1849 2232 1949 2288 ista

363 2319 603 2379 dicturus
627 2320 731 2377 es?

434 2411 662 2469 CAPUT
690 2408 929 2467 XXVIII.
961 2439 1036 2451 -—
1061 2411 1150 2467 55.
1190 2413 1369 2477 Bene,
1413 2412 1535 2483 quia
1578 2414 1693 2485 ipse
1735 2413 1947 2482 scribis,

365 2519 481 2559 cum
509 2502 574 2557 de
597 2501 1086 2558 Mawimianensibus
1132 2501 1387 2558 damnatis
1427 2512 1474 2559 et
1511 2505 1720 2575 receptis
1749 2504 1951 2579 legisses

368 2602 530 2648 totum
553 2593 689 2665 quod
727 2594 917 2650 inserui
947 2594 1124 2650 litteris
1149 2595 1292 2662 meis,
1324 2595 1470 2652 valde
1499 2605 1547 2652 te
1571 2598 1728 2668 fuisse
1754 2615 1953 2669 permo-

368 2695 495 2741 tum.
525 2686 720 2753 Credo,
750 2702 973 2758 prorsus
998 2688 1153 2744 video
1182 2703 1396 2745 causam
1426 2706 1545 2761 quae
1571 2692 1728 2749 valde
1754 2693 1954 2751 debue-

368 2778 439 2834 rit
483 2793 816 2850 permovere.
865 2779 1154 2837 Videamus
1182 2797 1358 2854 _ergo,
1406 2790 1493 2839 tua
1544 2785 1644 2840 ista
1691 2788 1952 2857 permotio

367 2885 597 2941 quanam
624 2870 831 2927 reddita
872 2872 1077 2927 ratione
1103 2873 1284 2929 sedata
1311 2883 1411 2929 est.
1440 2875 1630 2931 Statim
1671 2886 1719 2931 te
1750 2878 1884 2934 dicis
1921 2895 1953 2934 a

367 2962 546 3017 uestris
569 2960 816 3033 episcopis
839 2962 1129 3033 diligentius
1152 2964 1437 3033 inquisisse,
1464 2975 1614 3037 atque
1636 2968 1759 3039 ipsis
1770 2970 1952 3024 docen-

369 3053 502 3108 tibus
525 3096 540 3122 ,
583 3063 631 3109 et
673 3054 928 3109 decretum
956 3055 1184 3120 concilii,
1229 3064 1274 3110 et
1305 3058 1599 3113 sententiam
1641 3060 1695 3114 in
1738 3077 1821 3116 eos
1866 3063 1953 3135 qui

370 3145 599 3200 damnati
628 3154 745 3201 sunt
768 3145 975 3213 dictam,
1020 3154 1066 3200 et
1090 3146 1163 3200 rei
1200 3146 1351 3201 totius
1379 3148 1607 3203 ordinem
1643 3152 1950 3222 cognovisse.

371 3238 576 3295 Deinde
618 3238 775 3295 etiam
798 3234 908 3295 'me
950 3239 1176 3296 credens
1217 3239 1393 3296 adhuc
1431 3242 1680 3314 ignorare
1705 3245 1831 3316 quid
1857 3262 1953 3317 ge-

370 3338 510 3386 stum
556 3330 646 3398 s’t,
696 3337 857 3401 atque
900 3330 1194 3387 admonens
1243 3341 1302 3388 ut
1346 3332 1474 3403 quid
1520 3333 1712 3392 habeat
1755 3338 1954 3395 veritas

368 3422 660 3491 discerem,
707 3424 937 3480 narrasti
978 3425 1137 3497 plane
1178 3440 1287 3481 non
1330 3426 1456 3499 quid
1493 3429 1693 3485 veritas
1737 3430 1951 3501 habeat,

283 3508 286 3512 ’
370 3516 467 3572 sed
493 3516 620 3587 quid
651 3516 877 3573 incautis
903 3525 960 3573 et
985 3517 1374 3590 negligentibus
1408 3520 1570 3577 vestri
1608 3509 1707 3593 pro
1730 3523 1955 3581 veritate

370 3616 692 3679 supponant.
727 3608 869 3665 Dicis
898 3610 1039 3666 enim
1060 3652 1074 3675 ,
1102 3626 1219 3665 cum
1245 3628 1397 3683 quam
1421 3613 1668 3684 plurimos
1694 3618 1954 3690 episcopos

370 3716 512 3756 error
538 3701 639 3757 sibi
667 3700 973 3756 Maximiani
1012 3703 1205 3757 sociare
1249 3704 1585 3772 contenderet,
1631 3718 1889 3765 contracto
1919 3728 1953 3765 a

370 3792 546 3846 vestris
573 3791 788 3846 concilio
810 3792 866 3846 in
902 3809 986 3847 eos
1021 3809 1192 3847 omnes
1220 3795 1308 3864 qui
1330 3796 1384 3849 in
1413 3797 1523 3866 ejus
1545 3797 1817 3855 schismate
1840 3818 1956 3871 per-

371 3883 613 3938 stitissent
654 3882 906 3955 prolatam
946 3901 1054 3941 esse
1091 3887 1407 3957 sententiam,
1447 3905 1605 3959 quam
1631 3907 1717 3948 me
1743 3908 1956 3965 quoque

373 3975 569 4045 legisse
611 3990 1000 4033 commemoras
1047 3995 1061 4033 :
1108 3993 1221 4049 qua:
1267 3994 1382 4033 cum
1427 3984 1673 4037 sententia
1712 4001 1958 4042 consensu

372 4065 598 4121 omnium
634 4067 958 4137 ﬁrmaretur,
1006 4068 1257 4140 placuisse
1298 4079 1464 4127 tamen
1511 4073 1712 4130 decreto
1754 4079 1957 4135 concilii

372 4156 667 4215 dilationem
706 4159 943 4229 temporis
986 4161 1132 4227 dari,
1177 4163 1313 4217 intra
1351 4162 1487 4236 quod
1527 4166 1574 4220 si
1615 4169 1725 4238 quis
1767 4171 1957 4245 corrigi

371 4252 635 4319 voluisset,
676 4253 917 4309 innocens
952 4254 1235 4310 haberetur.
1266 4255 1356 4313 Sic
1380 4274 1487 4314 esse
1524 4262 1744 4333 factum,
1775 4273 1828 4317 ut
1854 4282 1957 4322 non

371 4342 539 4400 solum
566 4344 645 4399 illi
685 4344 787 4399 duo
815 4361 939 4416 quos
980 4362 1203 4402 memoro
1241 4345 1351 4421 (a),
1376 4350 1466 4405 sed
1498 4352 1649 4406 etiam
1692 4356 1838 4410 multi
1865 4357 1957 4412 alii

377 4436 583 4508 purgati
610 4446 762 4507 atque
785 4436 1069 4493 innocentes
1090 4437 1335 4495 Ecclesiae
1355 4441 1700 4499 redderentur.
1730 4446 1957 4512 Quorum

370 4528 485 4584 ideo
500 4538 647 4602 putas
658 4528 920 4602 Baptisma
934 4547 1035 4586 non
1051 4530 1282 4589 debuisse
1296 4535 1533 4605 rescindi,
1547 4538 1665 4609 quia
1680 4540 1812 4594 intra
1823 4542 1957 4598 diem

374 4620 708 4689 prtestitutum
728 4621 960 4687 restituti,
986 4623 1323 4694 peremptoria
1344 4628 1591 4681 sententia
1611 4645 1711 4684 non
1730 4638 1955 4693 teneren-

372 4725 484 4782 tur,
506 4731 595 4769 nec
623 4731 735 4769 cum
767 4715 1078 4786 baptizarent
1107 4716 1320 4786 fuissent
1349 4719 1412 4773 ab
1439 4717 1670 4776 Ecclesia
1707 4727 1950 4795 separati,

373 4805 588 4859 necdum
628 4804 817 4860 scilicet
856 4806 1097 4860 transacti
1136 4808 1373 4878 temporis
1426 4819 1557 4865 meta
1593 4812 1803 4883 deﬁnita
1850 4816 1955 4871 dis.

367 4894 549 4967 juncti.
596 4894 693 4950 llic
719 4910 820 4967 ego
857 4896 910 4952 in
949 4913 1012 4954 ea
1060 4896 1175 4968 ipsa
1216 4899 1442 4958 falsitate
1468 4905 1789 4962 narrationis
1817 4915 1947 4978 tute,

371 4986 798 5058 quandoquidem
826 5006 931 5046 non
974 4990 1146 5047 solum
1185 4994 1497 5065 sententias,
1523 5013 1709 5055 verum
1748 5009 1803 5057 ct
1839 5001 1953 5073 ipsa

373 5080 532 5134 verba
556 5090 643 5136 tua
666 5084 839 5152 posui,
863 5085 1029 5141 miror
1048 5086 1313 5158 ingenium
1336 5096 1506 5160 tuum,
1525 5093 1692 5149 miror
1714 5095 1949 5153 animum

370 5172 585 5242 ingenio
625 5173 995 5231 reluctantem.
1038 5176 1314 5249 Nunquam
1345 5181 1549 5252 uSpiam
1593 5184 1670 5239 sic
1708 5188 1953 5256 apparuit

369 5271 622 5333 quantum
642 5264 812 5319 valeat
836 5266 1198 5337 praejudicium
1221 5274 1652 5343 praesumptionis
1677 5276 1946 5352 humanm,

371 5357 451 5411 vel
495 5356 561 5411 ad
606 5371 712 5413 non
760 5356 1069 5415 intuendam
1117 5362 1602 5423 manifestissimam
1644 5370 1947 5445 veritatem,

371 5450 454 5503 vel
508 5448 576 5504 ad
636 5449 1002 5507 afﬁrmandam
1063 5453 1577 5524 impudentissimam
1639 5462 1945 5523 falsitatem.

370 5539 515 5597 Itane
543 5550 594 5598 te
623 5549 727 5597 tam
754 5550 939 5613 aperte
975 5548 1319 5616 repugnantia
1348 5552 1591 5619 posuisse
1622 5570 1725 5611 non
1756 5559 1945 5629 sentis,

374 5644 429 5689 ut
454 5636 540 5690 vix
582 5637 835 5693 credibile
876 5637 945 5692 sit
983 5639 1124 5708 quod
1156 5655 1289 5696 unus
1318 5641 1480 5701 homo
1518 5646 1695 5705 dicere
1724 5660 1947 5723 utraque

431 5749 501 5815 (α)
528 5757 845 5805 Przctcxtatus
863 5760 913 5803 ct
933 5750 1213 5813 Felicianus,

1133 257 1404 318 CONTRA
1431 254 1864 316 CRESCONIUM
1902 252 2360 324 DONATISTAM,
2403 253 2462 314 S.
2504 253 2872 316 AUGUSTINI

2047 369 2324 442 potuerit?
2363 370 2444 426 Tu
2469 385 2664 443 nempe
2686 371 2851 440 dicis,
2881 356 3042 445 inyeos
3068 388 3240 431 omnes
3261 362 3351 449 qui
3372 377 3435 433 in
3462 376 3704 436 Hari-

2043 464 2202 518 miani
2225 464 2495 520 schismate
2520 464 2870 537 perstitissent,
2898 468 3153 538 prolatam
3177 486 3287 527 esse
3305 474 3693 541 sententiam,

2043 565 2091 612 et
2119 558 2366 629 placuisse
2391 558 2685 615 dilationem
2707 562 2945 633 temporis
2970 562 3106 631 dari,
3132 564 3267 619 intra
3288 568 3429 637 quod
3460 570 3515 623 si
3539 569 3696 641 quis

2044 650 2231 722 corrigi
2259 649 2516 720 voluisset,
2544 651 2783 707 innocens
2809 652 3091 711 haberetur.
3117 654 3395 725 Quomodo
3422 674 3583 732 ergo
3616 669 3698 717 ιιι

2044 741 2162 812 ipse
2201 741 2327 799 item
2362 742 2517 811 dicis,
2560 761 2660 800 non
2704 762 2790 802 eos
2826 755 2972 802 extra
3007 747 3290 805 Ecclesiam
3326 751 3693 826 baptizasse,

2045 844 2315 908 antequam
2348 854 2403 894 se
2429 837 2492 893 ab
2532 838 2623 894 illo
2651 839 2918 897 schismate
2955 843 3317 910 correxissent,
3343 845 3391 902 si
3415 847 3696 919 quando

2044 945 2168 985 cum
2196 929 2515 987 Maximiano
2540 940 2722 997 erant,
2750 947 2858 989 non
2888 934 2906 965 ⁸
2934 940 3088 990 erant
3113 942 3263 992 extra
3290 935 3634 994 Ecclesiam
3660 938 3695 993 Ξ

2045 1019 2365 1077 Advertisne
2398 1020 2526 1093 quid
2549 1021 2743 1080 dicas?
2785 1022 2997 1080 Iuvenis
3021 1040 3126 1097 qua
3149 1041 3334 1097 exeas,
3367 1044 3486 1100 quo
3513 1045 3690 1088 con-

2045 1113 2242 1187 fugias,
2276 1113 2368 1171 ubi
2396 1123 2449 1173 te
2476 1114 2818 1174 abscondas?

2116 1206 2343 1264 CAPUT
2371 1206 2566 1265 XXIX.
2590 1239 2663 1251 -—
2690 1208 2781 1266 56.
2812 1209 2972 1268 Vides
2993 1220 3139 1275 eme
3162 1213 3290 1271 dum
3319 1217 3689 1276 manifestos

2047 1312 2259 1356 errores
2301 1297 2591 1357 defendere
2633 1301 2847 1358 conaris
2891 1303 3133 1373 alienos,
3180 1306 3317 1362 nihil
3358 1316 3413 1365 te
3453 1324 3684 1381 agere,

2046 1390 2151 1447 nisi
2193 1389 2516 1464 subiungere
2556 1391 2949 1452 manifestiores
2976 1403 3117 1452 tuos.
3148 1396 3292 1456 Ecce
3326 1398 3448 1473 lege
3480 1401 3687 1459 verba

2048 1490 2138 1539 tua
2166 1501 2180 1538 :
2208 1483 2287 1540 sic
2309 1499 2341 1540 a
2368 1499 2455 1541 me
2482 1499 2704 1557 prorsus
2728 1497 3250 1561 commemorantur,
3276 1501 3394 1550 uta
3419 1503 3483 1553 te
3505 1497 3687 1554 scri-

2049 1585 2137 1648 pta
2162 1586 2304 1634 sunt.
2333 1577 2460 1634 Cum
2483 1595 2637 1649 quam
2674 1581 2943 1653 plurimos,
2975 1583 3173 1656 inquis,
3208 1588 3480 1662 episcopos
3505 1608 3687 1649 error

2048 1668 2145 1724 sibi
2171 1667 2479 1725 Maximiani
2505 1670 2700 1727 sociare
2737 1674 3094 1743 contenderet,
3120 1686 3376 1736 contracto
3397 1698 3431 1737 a
3454 1684 3683 1741 uasa-is

2049 1761 2285 1831 concilio,
2307 1763 2361 1817 in
2381 1780 2465 1819 eos
2488 1780 2661 1821 omnes
2677 1766 2764 1836 qui
2784 1766 2837 1822 in
2857 1768 2967 1839 ejus
2987 1769 3261 1827 schismate
3284 1777 3673 1846 perstitissent,

2054 1854 2256 1926 prolata
2282 1858 2528 1913 sententia
2552 1865 2646 1927 est,
2668 1875 2821 1930 quam
2842 1869 2897 1915 tu
2922 1877 3117 1934 quoque
3142 1872 3192 1920 te
3218 1865 3396 1939 legisse
3417 1870 3674 1927 testaris.

2055 1947 2182 2015 Quae
2204 1965 2317 2003 cum
2342 1951 2595 2005 sententia
2632 1967 2881 2007 consensu
2914 1955 3142 2010 omnium
3175 1957 3467 2027 ﬁrmaretur
3487 2002 3506 2026 ,
3535 1962 3679 2033 pla-

2052 2040 2154 2094 cuit
2195 2049 2363 2096 tamen
2406 2040 2606 2097 decreto
2644 2043 2847 2099 concilii
2894 2045 3188 2102 dilationem
3229 2052 3470 2121 temporis
3506 2053 3673 2124 dari,

2053 2129 2187 2184 intra
2205 2130 2342 2202 quod
2370 2130 2415 2186 si
2441 2132 2555 2203 quis
2579 2134 2765 2205 corrigi
2791 2135 3053 2203 voluisset,
3081 2138 3325 2195 innocens
3351 2140 3674 2199 haberetur.

2054 2221 2179 2278 Haec
2204 2222 2424 2290 dicens,
2455 2223 2657 2281 siccine
2683 2234 2868 2282 contra
2896 2236 2948 2284 te
2973 2228 3146 2300 ipsum
3187 2245 3378 2289 sensus
3405 2233 3671 2306 claudis,

2054 2321 2115 2369 ut
2139 2328 2247 2369 non
2273 2313 2522 2371 advertas
2546 2316 2688 2386 quod
2716 2316 2773 2372 hi
2797 2331 2985 2376 omnes
3011 2321 3103 2391 qui
3137 2334 3416 2395 propterea
3448 2336 3672 2384 contra

2054 2418 2116 2461 se
2159 2405 2284 2461 ferri
2323 2408 2646 2463 sententiam
2689 2409 2901 2465 concilii
2930 2422 3262 2481 meruerunt,
3304 2417 3426 2487 quia
3469 2417 3671 2475 Maxi-

2056 2498 2238 2554 miano
2261 2498 2624 2569 sociabantur,
2646 2510 2930 2574 antequam
2958 2518 3018 2560 se
3043 2503 3183 2562 intra
3208 2505 3478 2565 dilationis
3512 2517 3667 2566 tem-

2054 2607 2157 2664 pus
2202 2592 2554 2665 corrigerent,
2599 2594 2654 2650 in
2698 2595 2889 2653 eodem
2919 2596 3205 2655 schismate
3237 2600 3611 2658 consistebant
3634 2605 3667 2658 τ

2058 2684 2135 2741 Ibi
2162 2700 2290 2757 ergo
2320 2686 2480 2741 etiam
2510 2685 2875 2755 baptizabant.
2905 2689 3140 2749 Obsecro
3165 2701 3249 2762 te,
3280 2694 3405 2764 quid
3431 2695 3662 2753 inanem

2054 2775 2337 2847 caliginem
2385 2777 2679 2848 perspicuis
2722 2779 2881 2835 rebus
2931 2783 3205 2855 aspergis,
3253 2800 3411 2856 quam
3455 2802 3671 2845 rursus

2056 2874 2268 2921 tuorum
2294 2867 2580 2923 verborum
2619 2884 2729 2925 non
2772 2872 2980 2929 minore
3023 2876 3401 2946 perspicuitate
3428 2878 3657 2951 disper-

2054 2956 2177 3027 gis?
2219 2958 2345 3013 Dico
2387 2959 2529 3015 enim
2571 2960 2948 3019 Prtetextatum
2993 2974 3048 3021 et
3091 2965 3423 3027 Felicianum
3466 2971 3658 3029 Maxi-

2054 3046 2220 3103 miani
2257 3048 2616 3121 ordinatorcs,
2648 3052 2703 3107 in
2737 3067 2805 3108 eo
2859 3055 3001 3125 quod
3031 3059 3444 3128 commiserunt,
3469 3067 3655 3123 sacri-

2055 3142 2175 3214 lego
2201 3142 2491 3199 schismate
2518 3145 2821 3216 baptizasse
2846 3188 2862 3215 ,
2892 3157 2948 3204 et
2985 3149 3054 3207 ab
3078 3151 3159 3207 eis
3200 3153 3491 3225 baptizatos
3518 3174 3653 3216 cum

2057 3236 2135 3291 eis
2163 3250 2285 3291 esse
2322 3247 2599 3308 susceptos
2618 3278 2634 3305 ,
2666 3254 2776 3295 non
2803 3242 3033 3298 rescisso
3057 3242 3383 3314 Baptismate
3406 3249 3550 3320 quod
3586 3252 3653 3311 in

2055 3326 2343 3383 schismate
2368 3327 2657 3397 dederant,
2686 3330 2831 3401 quod
2858 3333 3106 3405 sacrilegi
3134 3337 3155 3367 ³
3190 3338 3645 3410 ministraverant,

2056 3418 2197 3490 quod
2223 3434 2318 3475 ore
2338 3420 2714 3479 maledictione
2740 3424 2922 3494 pleno,
2944 3427 3085 3497 quod
3112 3428 3266 3487 labiis
3290 3446 3411 3488 cum
3433 3449 3648 3495 veneno

2057 3511 2303 3583 aspidum
2342 3524 2808 3571 consecraverant.
2838 3517 2987 3573 Talia
3017 3520 3213 3593 quippe
3248 3523 3301 3580 in
3330 3539 3423 3582 eos
3449 3526 3644 3585 dicun-

2058 3608 2164 3668 tur,
2212 3617 2383 3674 eaque
2424 3605 2687 3660 sententia
2732 3621 2892 3677 quam
2933 3607 2988 3664 in
3016 3623 3113 3666 eos
3151 3626 3339 3670 omnes
3381 3617 3641 3688 prolatam

2057 3710 2178 3751 8838
2202 3710 2308 3751 non
2336 3711 2516 3768 negas.

2128 3784 2357 3842 CAPUT
2395 3786 2564 3843 XXX.
2592 3818 2663 3830 —
2688 3790 2778 3845 37.
2809 3790 2907 3848 Hic
2936 3801 2993 3848 tu
3019 3797 3314 3867 respondes
3332 3842 3348 3867 ,
3377 3804 3511 3874 quod
3536 3821 3639 3862 non

2057 3876 2220 3933 solum
2246 3878 2348 3932 duo
2374 3880 2459 3934 isti
2485 3896 2612 3952 quos
2638 3898 2860 3939 memoro
2885 3925 2899 3950 ,
2931 3886 3021 3941 sed
3049 3888 3203 3944 etiam
3226 3893 3374 3946 multi
3396 3895 3484 3949 alii
3510 3913 3639 3967 par-

2058 3969 2162 4041 gati
2203 3978 2353 4041 atque
2388 3971 2673 4029 innocentes
2699 3975 2834 4030 intra
2871 3976 3004 4033 diem
3039 3980 3297 4040 dilationis
3322 4001 3377 4040 se
3404 3985 3637 4045 Ecclesia

2059 4060 2410 4118 reddiderunt.
2437 4062 2553 4131 Quo
2583 4064 2748 4121 verbo
2786 4082 2872 4122 me
2904 4068 3156 4141 adjuvas,
3191 4089 3297 4144 quo
3321 4078 3481 4133 verbo
3518 4096 3634 4138 me-

2059 4166 2181 4207 cum
2210 4153 2410 4209 asseris
2433 4156 2712 4212 veritatem
2730 4199 2745 4226 ,
2773 4159 3160 4235 caliginemque
3188 4166 3328 4222 illam
3365 4185 3516 4239 quam
3540 4188 3632 4230 co-

2059 4243 2272 4299 nabaris
2314 4244 2610 4314 effundere,
2656 4247 2895 4305 discutis.
2945 4254 3078 4308 Cum
3120 4257 3263 4312 enim
3299 4258 3433 4316 dicis
3459 4278 3549 4318 eos
3574 4280 3633 4322 se

2061 4335 2317 4391 Ecclesiae
2358 4336 2674 4405 reddidisse,
2718 4342 2905 4411 procul
2941 4343 3103 4401 dubio
3144 4346 3325 4406 fateris
3357 4367 3451 4408 eos
3487 4364 3631 4412 extra

2059 4424 2357 4483 Ecclesiam
2405 4427 2589 4485 fuisse.
2636 4430 2738 4487 Ubi
2784 4448 2913 4506 ergo
2961 4446 3246 4509 antequam
3289 4456 3349 4499 se
3393 4444 3631 4507 Ecclesia:

2059 4516 2366 4587 redderent,
2411 4519 2647 4588 fuerunt,
2693 4523 2764 4578 ibi
2811 4525 3215 4597 baptizaverunt
3260 4550 3274 4586 :
3320 4550 3448 4607 ergo
3489 4549 3629 4598 extra

2039 4606 2356 4664 .Ecclesiam
2395 4611 2666 4682 Baptisma
2710 4614 2993 4674 dederunt.
3036 4621 3122 4677 Ab
3151 4623 3253 4680 hoc
3282 4606 3629 4699 inesplicabili

2061 4700 2456 4771 implicamento
2482 4704 2608 4761 dum
2639 4716 2691 4764 te
2716 4712 2928 4779 conaris
2952 4715 3228 4786 evolvere,
3254 4735 3440 4779 rursus
3464 4725 3627 4785 invol-

2058 4793 2221 4848 veris.
2270 4794 2412 4851 Dicis
2451 4798 2596 4859 enim
2635 4799 2750 4855 ideo
2778 4817 2953 4859 eorum
2975 4805 3241 4880 Baptisma
3276 4830 3379 4869 non
3415 4817 3628 4877 debuisse

2058 4885 2305 4953 rescindi,
2333 4887 2450 4958 quia
2475 4888 2614 4944 intra
2650 4891 2785 4948 diem
2809 4898 3147 4965 praestitutum
3170 4907 3417 4975 restituti,
3447 4927 3626 4981 perem-

2059 4978 2223 5048 ptoria
2248 4980 2495 5035 sententia
2523 4997 2626 5038 non
2656 4992 2961 5044 tenerentur.
3007 4991 3285 5061 Quomodo
3316 4978 3455 5074 ergo-
3479 5004 3619 5077 dicis,

2057 5079 2181 5125 ante
2217 5069 2359 5127 diem
2389 5073 2743 5133 restitutionis
2772 5094 2878 5135 non
2917 5081 3082 5142 fuisse
3121 5089 3190 5145 ab
3214 5069 3451 5151 Ecclesia
3477 5069 3619 5170 sepa;

2059 5171 2205 5217 ratos
2225 5205 2240 5229 ,
2272 5178 2405 5234 quos
2448 5175 2574 5223 ante
2600 5166 2742 5225 diem
2773 5170 3043 5232 dilationis
3083 5182 3358 5241 confiteris
3389 5166 3618 5251 Ecclesia:

2057 5254 2380 5311 restitutos?
2428 5256 2485 5315 Si
2537 5259 2782 5318 homines
2835 5279 3020 5325 sumus
3043 5310 3059 5336 ,
3108 5271 3154 5326 si
3201 5276 3616 5355 qualemcumque
3646 5278 3671 5360 ·,
3764 5324 3765 5360 ἡ

2056 5348 2340 5416 rationem,
2378 5350 2424 5406 si
2449 5365 2665 5409 sensum
2693 5356 2952 5416 habemus
2975 5360 3289 5435 humanum,
3325 5372 3371 5426 si
3401 5387 3500 5429 non
3529 5348 3612 5447 pe-
3648 5348 3673 5407 ί

2057 5455 2182 5497 cora
2210 5442 2514 5539 pecoribus,
2545 5446 2590 5502 si
2618 5462 2723 5504 non
2758 5450 2899 5521 ligna
2928 5463 2983 5509 et
3012 5453 3213 5526 lapides
3244 5459 3399 5532 lignis
3422 5473 3473 5521 et
3497 5442 3614 5539 lapi-

2056 5535 2211 5593 dibus
2257 5535 2544 5608 loquimur,
2591 5555 2698 5596 non
2741 5545 2875 5602 meis
2915 5553 3152 5620 tantum,
3192 5553 3291 5610 sed
3321 5557 3475 5614 etiam
3498 5535 3611 5631 ipsis

2057 5648 2149 5760 nu;
2166 5648 2445 5701 Particulam
2466 5661 2733 5717 negantem
2777 5664 2996 5721 praeterit
3039 5677 3166 5717 unus
3200 5668 3358 5724 codex
3397 5673 3605 5736 Michaeli-

2124 5774 2144 5807 ¹
2163 5773 2234 5824 sic
2257 5780 2361 5825 Mss.
2388 5782 2442 5827 At
2467 5776 2601 5841 editi,
2626 5781 2874 5851 sacrilege.
