3784 6140
49 281 161 342 569

51 403 164 462 tuis
190 403 378 462 verbis
420 405 657 474 eminet,
703 411 942 477 apparet,
985 406 1193 473 elucet,
1241 405 1294 462 in
1337 406 1644 464 Maximiani

50 502 325 572 sacrilego
366 499 652 557 schismate
677 499 1004 572 Baptismun'l
1048 500 1229 556 datum
1255 510 1463 557 vestros
1490 517 1651 559 ausos

50 605 167 648 non
219 591 386 647 fuisse
429 591 774 658 rescindere,
818 593 908 661 qui
954 591 1198 647 homines
1248 591 1543 662 baptizatos
1596 593 1649 649 in

54 684 321 740 Ecclesiis
354 697 485 754 quas
507 683 560 738 in
590 684 759 756 gratia
789 684 998 740 Domini
1029 685 1249 756 proprio
1294 686 1476 743 labore
1501 688 1648 758 Apo-

52 777 180 833 stoli
206 786 659 850 propagaverunt,
683 792 788 833 non
811 776 1059 833 dubitant
1083 777 1404 835 christianos
1430 796 1644 852 negare,

53 866 374 934 exsufﬂare,
424 866 775 938 rebaptizare.
821 866 900 923 Tu
943 866 1107 937 dicis,
1151 877 1204 924 tu
1249 869 1475 936 scribis;
1525 886 1651 927 ecce

55 971 108 1018 te
136 962 321 1034 ipsum
349 961 492 1028 audi,
533 960 649 1034 lege
677 972 727 1018 te
754 961 948 1033 ipsum.
978 960 1055 1017 Tu
1077 1003 1091 1029 ,
1122 962 1332 1033 inquam
1352 1005 1367 1030 ,
1399 962 1530 1018 dicis
1550 1005 1564 1030 ,
1595 972 1650 1020 tu

55 1056 277 1125 scribis,
303 1055 356 1111 in
378 1071 462 1111 eos
495 1071 666 1110 omnes
701 1055 788 1124 qui
822 1056 877 1110 in
901 1053 1209 1110 Maximiani
1237 1056 1506 1112 schismate
1530 1074 1650 1128 per-

56 1145 328 1215 stitissent,
355 1153 612 1202 contracto
635 1162 667 1200 a
689 1146 862 1201 vestris
889 1145 1103 1200 concilio
1130 1145 1381 1216 prolatam
1406 1163 1512 1202 esse
1537 1164 1650 1202 sen-

57 1237 294 1291 tentiam.
325 1235 404 1291 Tu
442 1235 594 1303 dicis,
628 1244 686 1291 tu
723 1235 948 1303 scribis,
979 1235 1074 1289 hac
1115 1230 1362 1291 sententia
1407 1253 1650 1294 consensu

57 1329 290 1383 omnium
313 1327 614 1398 confirmata
633 1368 648 1395 ,
678 1327 927 1398 placuisse
950 1336 1116 1382 tamen
1142 1327 1436 1384 dilationem
1459 1338 1648 1401 tempo-

56 1421 127 1474 ris
151 1420 294 1488 dari,
324 1420 462 1475 intra
500 1418 636 1490 quod
663 1418 709 1474 si
747 1418 858 1492 quis
892 1418 1076 1490 corrigi
1116 1420 1371 1488 voluisset,
1411 1420 1648 1477 innocens

58 1511 351 1566 haberetur.
383 1510 463 1566 Tu
500 1510 665 1576 dicis,
697 1519 751 1565 tu
790 1509 1002 1578 scribis,
1047 1526 1149 1565 non
1186 1511 1350 1565 solum
1378 1511 1505 1566 duos
1533 1512 1650 1570 inde

57 1619 183 1673 quos
209 1617 434 1658 memoro
452 1642 468 1668 ,
493 1601 583 1656 sed
606 1601 794 1657 multos
819 1600 948 1655 alios
972 1610 1213 1672 purgatos
1236 1610 1384 1674 atque
1408 1603 1649 1659 innocen-

58 1704 128 1750 tes
150 1710 208 1750 se
234 1702 415 1749 vestris
436 1691 685 1748 Ecclesia:
705 1692 1011 1748 reddidisse.
1040 1691 1120 1748 Tu
1146 1692 1308 1762 dicis,
1340 1703 1396 1748 tu
1434 1695 1644 1762 scribis,

57 1786 168 1840 ideo
193 1801 370 1840 eorum
392 1784 659 1857 Baptisma
701 1800 802 1838 non
839 1783 1071 1839 debuisse
1099 1785 1340 1852 rescindi,
1367 1785 1487 1854 quia
1514 1786 1648 1841 intra

58 1879 192 1931 diem
222 1877 562 1948 prastitutum
587 1875 847 1944 restituti,
894 1876 1231 1946 peremptoria
1267 1877 1511 1930 sententia
1546 1893 1649 1932 non

60 1976 364 2025 tenerentur.
781 1998 792 2007 -

124 2057 360 2116 CAPUT
387 2059 576 2115 XXXI.
606 2089 678 2100 —
701 2057 789 2115 58.
821 2057 958 2125 Quid
997 2064 1200 2112 tantum
1227 2059 1480 2128 prtevalet
1500 2059 1647 2130 inge-

63 2151 150 2206 nio
179 2160 292 2207 tam
319 2150 462 2205 bono
506 2164 668 2206 causa
693 2155 802 2204 tam
837 2147 997 2216 mala,
1030 2146 1190 2202 homo
1211 2148 1451 2216 cordate,
1483 2147 1647 2205 homo

59 2244 328 2300 litterate?
355 2241 445 2298 Isti
470 2242 524 2298 in
554 2255 690 2312 quos
718 2248 999 2311 pr0pterea
1040 2247 1123 2294 est
1153 2239 1246 2295 illa
1284 2239 1490 2314 prolata
1519 2255 1648 2300 seu-

61 2336 244 2404 tentia,
271 2334 400 2408 quia
423 2333 564 2392 sicut
586 2332 702 2406 ipse
728 2331 884 2402 dicis,
933 2331 986 2389 in
1009 2329 1314 2388 Maximiani
1359 2334 1648 2392 schismate

61 2427 436 2497 persistebant,
465 2435 752 2497 antequam
775 2425 913 2480 sicut
933 2423 1064 2480 dicis
1091 2425 1517 2492 restituerentur,
1555 2425 1648 2482 ubi

59 2530 230 2587 erant,
285 2520 359 2576 ibi
406 2520 750 2576 Sacramenta
779 2516 1140 2584 celebrabant,
1172 2517 1245 2572 ibi
1286 2517 1644 2588 baptizabant.

60 2615 124 2669 Et
143 2623 200 2670 ut
230 2613 412 2676 verbis
459 2612 566 2668 illis
599 2611 823 2683 plenarii
843 2610 1060 2666 concilii
1083 2610 1254 2681 magis
1276 2619 1424 2679 utar,
1450 2609 1528 2664 lbi
1569 2610 1645 2664 vi-

61 2709 191 2778 perei
222 2707 433 2763 seminis
462 2705 643 2760 noxios
699 2713 877 2776 partus
903 2704 1050 2758 tardo
1084 2701 1254 2756 calore
1294 2701 1604 2772 vaporabant
1625 2719 1646 2758 :

60 2800 125 2856 ibi
151 2798 344 2869 publici
370 2795 612 2869 facinoris
631 2802 679 2850 et
699 2793 962 2864 parricidii
1006 2793 1087 2847 sui
1114 2796 1217 2864 feta
1241 2792 1485 2848 scelerum
1531 2800 1646 2847 vota

59 2891 322 2964 gignebant
350 2905 368 2944 :
396 2889 469 2944 ibi
512 2887 854 2960 parturiebant
908 2886 1211 2958 injustitiam
1234 2927 1248 2952 ,
1301 2884 1646 2956 concipiebant

59 2987 296 3048 laborem,
329 2991 375 3037 et
426 2981 688 3053 pariebant
725 2979 1041 3049 iniquitatem
1072 2993 1090 3030 :
1120 2976 1191 3032 ibi
1211 2977 1327 3048 jam
1369 2993 1471 3030 non
1523 2992 1644 3030 con-

62 3079 168 3146 fusa
197 3074 474 3130 criminum
501 3072 650 3139 silva,
682 3070 889 3126 nomina
932 3086 1104 3124 eorum
1153 3068 1544 3140 designabantur
1576 3069 1645 3123 ad

61 3185 250 3239 poenam
285 3184 306 3223 :
329 3167 402 3223 ibi
426 3166 498 3222 eis
522 3164 857 3235 indulgentia:
880 3163 1019 3234 funis
1047 3163 1063 3194 ¹
1093 3162 1216 3216 dum
1241 3161 1520 3216 clementia:
1559 3161 1642 3214 di-

61 3262 335 3316 mitteretur
378 3259 532 3324 linea,
569 3257 685 3328 jam
741 3271 896 3310 causa
943 3270 1067 3326 quos
1112 3254 1313 3326 puniret
1352 3255 1604 3308 inuenerat
1623 3270 1642 3320 ;

61 3354 174 3409 illuc
197 3368 379 3410 eorum
403 3361 642 3423 tanquam
666 3350 720 3404 in
749 3364 954 3419 asperos
995 3348 1229 3417 scopulos
1260 3347 1483 3401 veridica
1505 3346 1644 3400 unda

61 3449 310 3516 naufraga
353 3442 578 3497 membra
623 3441 944 3512 projecerat;
995 3453 1167 3492 eorum
1216 3439 1531 3508 pereuntium
1575 3437 1644 3494 ibi

61 3546 190 3591 erant
232 3535 410 3590 littora
458 3530 829 3604 £gyptiorum
874 3529 1105 3600 exentplo
1156 3529 1419 3600 funeribus
1468 3529 1638 3599 plena,

60 3645 141 3683 nec
159 3630 328 3701 ipsam
353 3625 706 3681 inuenientium
749 3623 1061 3694 sepulturam
1081 3623 1102 3654 ³
1143 3620 1335 3692 (Exod.
1363 3636 1474 3688 xw,
1504 3620 1593 3692 5i)
1625 3639 1637 3676 :

61 3719 123 3775 ibi
157 3736 260 3775 non
309 3718 472 3773 solum
523 3715 895 3771 Maximianum
944 3713 1066 3784 fidei
1120 3713 1380 3780 aemulum,
1419 3713 1642 3767 ueritatis

58 3811 355 3876 adulterum,
398 3807 639 3864 Ecclesia
675 3807 851 3861 matris
885 3805 1167 3873 inimicum,
1227 3803 1432 3868 Dathw,
1478 3803 1642 3860 Chore

60 3910 101 3956 et
125 3900 318 3958 Abiron
339 3900 641 3965 ministrum,
673 3899 736 3953 de
762 3897 902 3968 pacis
930 3897 1120 3968 gremio
1163 3897 1421 3951 sententia:
1447 3894 1641 3968 fulmen

60 4000 356 4059 excusserat,
385 4008 474 4046 nec
499 3991 662 4046 solum
706 4005 841 4043 mors
861 3989 1003 4059 justa
1042 3988 1122 4042 sui
1159 3987 1359 4042 sceleris
1399 3987 1640 4042 condem-

62 4085 236 4150 nabat;
265 4084 356 4139 sed
373 4083 524 4138 etiam
557 4081 784 4136 trahebat
804 4081 872 4141 ad
897 4080 1202 4136 consortium
1226 4080 1450 4134 criminis
1480 4080 1641 4149 pluri-

65 4190 163 4230 mos
189 4184 372 4231 catena
396 4173 651 4243 sacrilegii
680 4188 700 4228 :
724 4173 796 4228 ibi
821 4181 932 4226 erat
977 4188 1220 4226 venenum
1262 4170 1500 4242 aspidum
1547 4171 1640 4224 sub

63 4264 196 4322 labiis
222 4281 400 4322 eorum
429 4280 448 4320 :
476 4265 549 4320 ibi
577 4279 750 4319 eorum
771 4277 827 4317 os
858 4261 1204 4316 maledictione
1231 4270 1278 4315 et
1297 4259 1639 4316 amaritudine

65 4357 265 4426 plenum
288 4373 308 4411 .°
333 4355 406 4412 ibi
476 4355 666 4410 veloces
729 4369 910 4408 eorum
953 4351 1104 4422 pedes
1161 4351 1229 4404 ad
1279 4349 1640 4418 effundendum

64 4451 348 4522 sanguinem
373 4447 484 4505 :ibi
528 4447 762 4502 contritio
791 4455 836 4500 et
879 4445 1148 4516 infelicitas
1175 4445 1228 4498 in
1249 4445 1341 4498 viis
1365 4460 1558 4512 eorum,
1590 4454 1637 4499 et

64 4543 184 4598 viam
205 4541 350 4614 pacis
377 4558 478 4598 non
504 4538 908 4612 cognoscebant;
950 4554 1040 4592 nec
1086 4547 1193 4592 erat
1233 4537 1380 4592 timor
1403 4536 1502 4592 Dei
1522 4547 1639 4593 ante

68 4635 220 4691 oculos
244 4650 419 4692 eorum
447 4630 621 4708 (Psal.
648 4646 764 4700 xm,
796 4628 874 4703 '5),
907 4629 976 4686 ibi
1004 4629 1246 4702 jacebant
1292 4631 1512 4684 membra
1549 4631 1640 4685 ab-

69 4728 204 4795 scisa,
231 4743 348 4800 quia
377 4725 616 4797 pestifera
661 4722 876 4794 putredo
927 4723 999 4775 ita
1048 4730 1366 4790 corruperat,
1420 4731 1474 4775 ut
1521 4723 1638 4792 plus

70 4820 256 4878 haberet
279 4821 334 4875 in
357 4818 634 4875 abscisione
651 4816 911 4872 solaminis
927 4855 941 4882 ,
969 4831 1122 4886 quam
1145 4815 1198 4868 in
1219 4814 1508 4869 remissione
1533 4831 1638 4870 me-

69 4913 316 4969 dicaminis
346 4930 364 4966 :
389 4911 463 4968 ibi
500 4917 656 4966 erant
699 4907 883 4980 famosi
937 4906 1161 4962 criminis
1199 4906 1272 4960 rei
1321 4904 1636 4961 Victorianus

70 5003 487 5070 Carcabianensis,
533 5010 589 5058 et
625 5001 804 5058 caeteri
835 5013 955 5055 cum
999 4998 1102 5054 isto
1154 4997 1455 5066 duodecim,
1499 4999 1637 5056 inter

70 5112 189 5167 quos
235 5099 584 5154 Prtetextatus
631 5093 998 5159 Assuritanus,
1030 5098 1086 5147 et
1108 5090 1404 5146 Felicianus
1449 5090 1634 5146 Musti-

73 5197 228 5257 tanus,
258 5190 326 5247 de
349 5189 540 5262 quibus
564 5185 794 5258 receptis
821 5185 1046 5258 agimus,
1075 5182 1166 5254 qui
1192 5181 1435 5238 eumdem
1465 5182 1634 5238 Maxi-

75 5281 288 5339 mianum
341 5290 634 5354 praesentes
679 5279 1084 5343 ordinaverant;
1141 5277 1243 5332 hoc
1285 5286 1387 5342 est,
1436 5281 1634 5347 funesto

77 5390 208 5444 opere
226 5375 518 5450 perditionis
543 5390 631 5429 uas
672 5371 935 5427 sordidum
958 5370 1167 5425 collecta
1196 5369 1482 5441 frcculentia
1523 5369 1635 5440 glu-

75 5467 354 5538 tinaverant,
384 5469 472 5526 ubi
499 5477 640 5523 tanto
668 5465 882 5536 facinori
914 5474 1151 5535 tanquam
1198 5462 1376 5517 illicito
1422 5463 1634 5516 incestui

131 5605 212 5656 ἰιι
243 5615 346 5657 Mss.
391 5579 609 5669 legitur,
651 5599 916 5664 indulgenti
953 5601 1080 5664 fune.
1123 5599 1294 5650 Confer
1351 5600 1524 5649 librum
1569 5601 1633 5652 de

75 5669 212 5734 uestis
232 5683 338 5719 cum
359 5671 580 5734 Emerita.
902 5725 912 5734 ,
1101 5724 1110 5734 ,
1239 5724 1247 5732 .
1317 5723 1347 5734 _.

130 5730 234 5781 ἐἰς
267 5740 369 5782 Mss.
409 5732 527 5781 Editi
575 5741 721 5786 vero,
767 5737 852 5776 nec
894 5725 1050 5789 ipsam
1093 5725 1377 5775 invenientia
1421 5726 1631 5788 sepultu-

78 5808 180 5850 rum.

1409 289 1608 348 LIBER
1643 289 1987 361 QUARTUS.

3239 325 3344 385 570

1759 413 1926 469 clerici
1951 414 2274 491 Carthaginis
2313 420 2617 480 elnocinium
2653 429 2988 499 prwbuerunt.
3035 433 3190 493 Tales
3238 441 3344 498 mi-

1757 507 1911 564 nistri
1942 510 2406 572 Sacramentorum
2432 519 2666 575 nondum
2694 525 2942 592 correcti,
2975 529 3210 586 nondum
3247 548 3348 590 vo-

1758 599 1840 656 bis
1867 602 2060 659 redditi
2084 620 2147 661 ac
2185 609 2436 678 restituti,
2491 611 2543 667 in
2572 613 2858 672 schismate
2893 617 3197 678 Maximiani
3244 625 3342 681 ba-

1759 694 2087 763 ptizaverant
2136 709 2307 770 :post
2351 702 2484 759 tales
2547 705 2824 763 ministros
2871 708 3337 773 Sacramentorum

1757 796 2046 859 correctos,
2069 789 2324 860 redditos,
2348 795 2644 867 restitutos,
2668 800 2835 856 vestri
2852 816 2959 858 non
2979 803 3344 877 rebaptizave-

1756 887 1899 932 Υωη.

1826 969 2050 1027 CAPUT
2078 972 2290 1029 XXXIl.
2315 976 2491 1033 —-'59.
2525 979 2660 1048 Quid
2685 983 2799 1038 sola
2833 984 2888 1040 in
2933 986 3086 1043 vobis
3137 1006 3343 1060 praeva-

1754 1061 1829 1117 let
1851 1063 2199 1121 animositas?
2228 1068 2528 1139 Aliquando
2556 1075 2879 1142 attendatur,
2923 1078 3209 1150 aliquando
3238 1097 3337 1138 au-

1753 1152 1929 1208 diatur
1949 1163 2004 1210 et
2023 1157 2238 1214 veritas.
2257 1159 2392 1227 Quid
2417 1161 2722 1233 injiciuntur
2747 1167 3068 1226 inanissima:
3089 1172 3103 1203 ¹
3127 1173 3342 1231 nebulae

1754 1244 2022 1303 dilationis
2057 1249 2231 1305 datae?
2273 1251 2386 1306 Non
2427 1254 2558 1324 ipsis
2606 1255 2726 1313 data
2768 1267 2870 1327 est,
2921 1259 2989 1316 de
3024 1262 3214 1333 quibus
3258 1264 3341 1322 dl-

1754 1347 1896 1394 ctum
1926 1349 2028 1409 est,
2058 1341 2336 1399 Damnatos
2363 1361 2468 1400 esse
2491 1350 2808 1420 cognoscite;
2847 1351 2916 1407 de
2959 1353 3154 1423 quibus
3175 1356 3339 1413 etiam

1753 1430 2068 1500 praedictum
2101 1444 2182 1490 est
2207 1438 2391 1507 quales
2433 1437 2649 1508 fuerint,
2681 1441 2808 1512 quid
2839 1442 3078 1512 fecerint,
3121 1433 3217 1502 cur
3245 1463 3339 1506 eos

1754 1527 2048 1594 Oportuerit
2071 1527 2179 1597 jam
2210 1531 2324 1586 sine
2363 1529 2618 1588 dilatione
2661 1533 2924 1603 damnari,
2956 1537 3096 1606 quod
3137 1539 3342 1598 scilicet

1754 1616 2128 1676 Maximianum
2163 1622 2424 1694 impositis
2455 1626 2698 1682 manibus
2742 1637 3034 1698 prmsentes
3059 1631 3340 1689 ordinave-

1752 1721 1894 1767 runt.
1930 1713 2040 1770 Hoc
2067 1725 2147 1770 est
2173 1718 2315 1772 enim
2343 1718 2483 1788 quod
2515 1719 2878 1790 signiﬁcarunt
2915 1721 3162 1792 dicendo,
3202 1727 3339 1796 quod

1753 1806 1951 1875 funesto
1981 1823 2130 1877 opere
2181 1810 2476 1879 perditionis
2504 1827 2590 1866 vas
2642 1812 2902 1866 sordidum
2942 1814 3152 1869 collecta
3177 1816 3337 1886 [cecu-

1751 1896 1906 1950 lentia
1934 1897 2308 1968 glutinaverint.
2341 1901 2448 1956 illis
2478 1911 2652 1958 autem
2692 1903 2812 1958 data
2862 1911 2945 1960 est
2993 1904 3197 1975 dilatio,
3243 1907 3334 1978 qui

1750 1988 2067 2046 ordinationi
2098 1993 2399 2048 Maximiani
2428 2010 2535 2050 non
2567 1996 2940 2064 interfuerunt,
2988 1999 3230 2068 quamvis
3277 2000 3336 2057 in

1750 2079 1865 2150 ejus
1906 2082 2160 2139 societate
2211 2092 2371 2156 atque
2430 2085 2718 2144 schismate
2759 2088 3076 2157 constituti;
3126 2099 3332 2148 tantum

1740 2165 1862 2234 quia
1906 2181 2094 2222 manus
2137 2168 2206 2235 ei,
2259 2169 2402 2239 quod
2448 2171 2696 2228 absentes
2739 2173 2966 2241 fuerant,
3001 2189 3107 2229 non
3147 2176 3324 2246 impo-

1743 2269 1984 2328 suerunt,
2019 2276 2048 2316 a
2080 2260 2343 2318 damnatis
2375 2265 2395 2295 ³
2425 2265 2821 2320 ordinatorihus
2871 2267 3056 2321 eadem
3113 2268 3327 2323 concilii

1743 2356 2003 2412 sententia
2021 2354 2438 2427 distinguuntur.
2463 2356 2594 2412 Nam
2613 2374 2731 2413 cum
2750 2357 3008 2414 dixissent
3029 2360 3170 2426 illos,
3194 2374 3330 2430 quo-

1742 2465 1858 2503 rum
1888 2457 1941 2504 et
1965 2449 2180 2504 nomina
2219 2451 2669 2519 conscripserunt,
2708 2451 2975 2506 damnatos
3013 2468 3117 2507 esse
3143 2464 3343 2526 cogno-'

1741 2543 1896 2596 scite:
1929 2541 2030 2596 Eos
2056 2551 2240 2610 autem,
2270 2543 2534 2613 inquiunt,
2576 2561 2701 2614 quos
2737 2547 2974 2616 sacrilegi
3012 2547 3203 2601 surculi
3228 2565 3331 2604 non

1743 2636 1968 2707 polluere
2009 2637 2282 2706 plantaria,
2333 2637 2427 2690 hoc
2467 2646 2556 2701 est,
2605 2639 2691 2707 qui
2735 2655 2766 2690 a
2821 2638 3124 2694 Maximiani
3167 2642 3333 2711 capite

1745 2730 1974 2800 proprias
2000 2746 2178 2784 manus
2207 2731 2482 2784 verecundo
2510 2730 2632 2798 fidei
2677 2731 2870 2800 pudore
2898 2740 3230 2798 retraxerunt,
3262 2735 3333 2787 ad

1745 2831 1956 2876 matrem
1989 2821 2268 2876 Ecclesium
2312 2822 2476 2876 redire
2518 2822 2880 2892 permissimus.
2915 2823 3051 2891 Quid
3078 2824 3331 2892 planius?

1744 2914 1868 2985 quid
1905 2913 2240 2970 distinctius?
2280 2915 2403 2984 quid
2432 2915 2703 2984 apertius?
2729 2914 2852 2970 illos
2881 2916 3084 2984 dicunt,
3119 2918 3334 2988 framosi

1745 3006 1968 3062 criminis
2002 3023 2132 3074 reos,
2179 3007 2265 3075 qui
2303 3008 2502 3077 funesto
2529 3022 2677 3077 apere
2701 3007 2998 3078 perditionis
3036 3023 3122 3062 vas
3162 3009 3334 3062 sordi-

1747 3097 1866 3150 dum
1884 3097 2089 3150 collecta
2107 3097 2389 3170 fwculentia
2404 3097 2740 3168 glutinarunt,
2755 3100 3021 3155 damnatos
3037 3117 3141 3154 esse
3158 3117 3335 3172 cogno-

1746 3190 1886 3243 scite.
1941 3188 2048 3244 llos
2088 3199 2263 3244 autem
2311 3190 2515 3258 dicunt,
2557 3208 2681 3261 quos
2722 3192 2953 3262 sacrilegi
3001 3193 3194 3254 surculi
3234 3210 3335 3251 non

1749 3281 1974 3350 polluere
2000 3281 2272 3351 plantaria,
2301 3282 2394 3335 hoc
2421 3291 2510 3347 est,
2541 3283 2676 3350 quia
2701 3282 3002 3336 Maximiani
3026 3285 3188 3353 capite
3212 3301 3336 3354 pro-

1749 3373 1888 3444 prias
1927 3390 2105 3428 manus
2153 3375 2430 3428 verecundo
2475 3375 2592 3443 fidei
2641 3377 2832 3444 pudore
2874 3386 3224 3442 retraxerunt,
3269 3386 3337 3431 α(

1746 3475 1956 3521 matrem
1980 3465 2260 3519 Ecclesium
2299 3465 2615 3534 permisimus
2640 3464 2803 3518 redire
2836 3479 2853 3519 :
2889 3474 2943 3520 et
2979 3466 3102 3536 quia
3127 3482 3198 3522 ex
3225 3468 3328 3526 illis

1745 3558 2008 3612 damnatis
2035 3556 2138 3610 duo
2163 3565 2344 3628 postea
2375 3557 2520 3610 salvo
2549 3557 2755 3611 honore
2776 3556 3008 3626 suscepti
3039 3566 3182 3620 sunt,
3214 3573 3322 3616 non

1747 3649 2013 3704 invenitur
2057 3648 2156 3702 hoc
2208 3646 2656 3719 quemadmodum
2721 3646 3055 3716 defendatur,
3108 3649 3212 3705 nisi
3272 3658 3331 3706 ut

1745 3747 1994 3797 omnibus
2010 3740 2215 3796 dicatur
2242 3740 2426 3795 dilatio
2455 3739 2618 3796 fuisse
2638 3754 2913 3797 concessa.

1815 3835 2037 3890 CAPUT
2067 3832 2394 3888 XXXlll.—-—
2415 3831 2632 3891 40..Sed
2653 3847 2908 3888 concessa
2937 3832 3006 3887 sit
3034 3835 3283 3891 omnibus
3309 3851 3325 3890 :

1745 3941 1938 3996 nempe
1959 3935 2217 3996 quotquot
2244 3924 2309 3978 ad
2344 3937 2439 3979 vos
2463 3922 2530 3977 ab
2559 3923 2651 3977 illo
2699 3924 2986 3979 schismate
3031 3925 3327 3993 redierunt,

1743 4027 2025 4087 antequam
2054 4017 2310 4082 redirent,
2344 4015 2447 4070 illic
2475 4013 2710 4081 fuerunt,
2745 4015 2852 4070 illic
2881 4015 3284 4085 baptizaverunt
3311 4037 3325 4073 :

1745 4109 1866 4163 inde
1896 4110 1961 4163 ad
1990 4123 2085 4163 vos
2107 4108 2223 4162 sine
2244 4105 2609 4162 destructione
2635 4106 2716 4158 sui
2748 4104 2966 4160 honoris
2993 4117 3044 4161 ct
3074 4106 3328 4176 Baptismi

1744 4201 2051 4266 redeuntes,
2093 4199 2138 4252 si
2196 4198 2343 4253 frons
2385 4197 2545 4260 adsit,
2605 4210 2699 4250 ora
2766 4205 2939 4251 vestra
2991 4197 3322 4254 clauserunt.

1743 4292 1877 4348 Cum
1905 4290 2052 4344 enim
2076 4290 2381 4359 quaerimus,
2406 4297 2688 4356 antequam
2709 4300 2788 4353 se,
2814 4287 2952 4341 sicut
2979 4287 3093 4356 ipsc
3120 4288 3324 4354 dixisti,

1744 4384 1998 4439 Ecclesiae
2018 4381 2390 4446 reddidissent,
2411 4388 2466 4434 et
2494 4388 2617 4434 ante
2645 4378 2785 4433 diem
2828 4379 3178 4447 prtestitutum
3231 4395 3321 4436 re-

1743 4475 1909 4530 stituti
1961 4473 2204 4536 fuissent,
2256 4471 2346 4527 ubi
2396 4479 2580 4536 erant;
2624 4470 2749 4541 quid
2786 4469 2930 4524 aliud
2959 4486 3056 4526 vos
3092 4487 3180 4526 res
3211 4472 3325 4544 ipsa

1743 4564 2069 4637 respondere
2097 4562 2388 4634 compellit,
2423 4562 2545 4629 nisi,
2571 4561 2626 4616 ln
2673 4561 2963 4618 schismate
2995 4562 3323 4632 Maximiani,

1743 4666 1960 4728 propter
1984 4655 2127 4727 quod
2157 4655 2244 4710 illa
2274 4654 2326 4708 in
2354 4667 2544 4708 omnes
2569 4661 2652 4709 est
2686 4653 2890 4724 prolata
2921 4654 3220 4708 sententia?
3248 4655 3326 4712 lbi

1742 4765 1869 4820 ergo
1892 4748 2290 4818 baptizavcrunt
2311 4760 2425 4812 eos,
2464 4745 2515 4798 in
2546 4745 2741 4816 quibus
2765 4743 2833 4799 ad
2864 4760 2962 4800 vos
2992 4745 3147 4800 simul
3197 4746 3323 4803 inde

1742 4840 2076 4899 venientibus
2116 4839 2443 4908 Baptismum
2470 4835 2668 4891 Christi
2694 4851 2799 4891 non
2827 4835 2942 4890 ausi
2963 4837 3091 4891 estis
3121 4838 3327 4892 rescin-

1741 4937 1890 5001 dere,
1938 4933 2060 5005 quia
2102 4934 2272 4988 coacti
2298 4932 2425 4986 estis
2473 4943 2782 5001 agnoscere.
2841 4927 2993 4984 Unde
3040 4928 3155 4998 ipso
3184 4929 3323 4986 facto

1742 5036 1939 5092 vestro,
1959 5039 2121 5094 opere
2150 5033 2348 5088 vestro,
2364 5020 2566 5092 judicio
2587 5028 2765 5075 vestro
2785 5019 3040 5074 adversus
3063 5035 3176 5085 vos,
3203 5037 3323 5077 me-

1742 5121 1844 5175 rito
1874 5125 2124 5187 recteque
2161 5114 2513 5178 concluditur,
2565 5111 2958 5184 agnoscendum
3003 5126 3122 5168 esse
3145 5112 3325 5183 Bapti-

1742 5228 1915 5267 smnm
1943 5209 2161 5275 Christi,
2208 5208 2414 5264 etiamsi
2440 5215 2587 5262 extra
2619 5205 2909 5261 Ecclesium
2940 5205 3094 5261 dalus
3132 5205 3322 5273 fuerit;

1741 5314 1794 5360 et
1818 5304 1936 5359 ideo
1979 5317 2076 5358 nos
2103 5302 2206 5356 hoc
2245 5300 2330 5371 pie
2356 5313 2679 5371 cognoscere
2701 5298 2756 5354 in
2783 5299 3000 5367 vestris,
3030 5313 3125 5355 vos
3155 5298 3319 5368 impie

1743 5395 2044 5451 rescindere
2073 5393 2126 5447 in
2158 5392 2372 5447 nostris.

1811 5487 2036 5544 CAPUT
2065 5484 2308 5541 XXXIV.
2337 5513 2409 5522 —-
2435 5483 2524 5539 M.
2555 5481 2660 5540 Sed
2688 5483 2823 5539 forte
2848 5483 3072 5555 poenitet
3115 5479 3234 5536 talia
3267 5487 3322 5538 te

1742 5583 1903 5639 verba
1931 5580 2194 5652 posuisse,
2227 5593 2348 5649 qua:
2378 5578 2518 5634 hanc
2544 5577 2821 5633 veritatem
2851 5576 3010 5631 nimis
3045 5583 3316 5644 urgerent,

1804 5722 1816 5751 ι
1847 5717 1979 5776 Editi,
2004 5712 2334 5766 insanissime.
2355 5715 2522 5765 Melius
2539 5722 2666 5769 Mss.
2686 5711 2994 5767 inanissima.

1806 5786 1823 5813 τ
1851 5791 1976 5844 uss,
1999 5779 2066 5833 sic
2086 5777 2212 5832 enim
2227 5794 2255 5830 a
2277 5779 2530 5834 damnatis.
