3778 6138
467 252 569 312 571

470 366 718 441 quoniam
745 364 942 432 dixisti,
975 363 1189 420 Factum
1230 371 1305 420 est
1340 371 1395 416 ut
1441 377 1494 416 se
1522 359 1766 429 Ecclesiae
1799 358 2056 422 reddidis-

469 470 598 525 stt-tt,
641 468 688 538 et
731 468 848 512 ante
894 455 1026 510 diem
1079 455 1414 527 prtestitutum
1453 452 1684 519 restituti,
1719 450 2056 526 peremptoria

465 555 712 612 stntentia
741 569 840 624 non
871 558 1152 606 tenerentur
1178 568 1196 605 :
1224 559 1280 605 ut
1308 547 1722 622 responderetur
1752 546 1868 616 tibi,
1898 546 2048 615 Quo-

467 645 628 702 modo
661 660 721 700 se
745 643 1000 700 Ecclesia:
1030 641 1397 717 reddiderunt,
1430 640 1698 716 quomodo
1738 640 1912 714 eidem
1961 655 2052 695 re-

464 737 633 793 stituti
659 724 803 805 sunt,
836 736 879 792 si
911 735 979 792 ab
1007 750 1069 814 ea
1093 750 1200 792 non
1228 744 1380 791 erant
1416 734 1798 806 separati?aut
1829 735 1874 790 si
1899 748 2053 805 sepa-

463 832 564 887 rati
584 839 755 899 erant,
783 830 1054 902 quomodo
1080 829 1451 901 baptizabant?
1473 827 1580 884 Sed
1618 827 1744 900 quid
1780 827 1924 884 aliud
1965 827 2049 888 di-

462 939 634 992 ceres,
677 924 780 984 nisi
825 923 966 996 quod
1005 923 1074 980 ab
1120 924 1200 980 eis
1250 921 1516 988 audieras,
1554 935 1688 993 quos
1713 920 2046 996 consuluisti,

461 1033 585 1074 cum
639 1033 703 1074 ex
753 1017 853 1073 hac
885 1031 1045 1073 causa
1075 1016 1265 1072 litteris
1285 1017 1418 1073 meis
1441 1007 1597 1071 valde
1625 1014 2050 1090 permovereris?

461 1120 516 1168 et
546 1119 722 1168 tamen
751 1109 998 1166 fortassis
1026 1117 1077 1166 te
1115 1117 1362 1181 arguant,
1386 1117 1439 1164 te
1467 1106 1878 1179 reprehendant,
1907 1105 2049 1178 quod

473 1205 594 1260 talia
634 1203 800 1259 verba
845 1203 1058 1258 incaute
1084 1201 1346 1272 posueris.
1392 1200 1488 1256 Est
1527 1199 1667 1271 quod
1707 1208 1759 1256 te
1789 1199 2049 1256 adversus

459 1309 552 1351 cos
570 1295 802 1350 maxime
814 1291 1038 1362 muniat,
1054 1305 1118 1348 ac
1135 1299 1276 1346 tuam
1299 1291 1562 1346 tristitiam
1577 1291 1899 1346 consoletur.
1915 1289 2071 1347 Nam.

460 1396 512 1443 ct
542 1387 660 1457 ipsi.
682 1387 736 1441 in
790 1383 1029 1456 ejusdem
1059 1382 1268 1439 concilii
1310 1381 1526 1439 decreto
1566 1382 1689 1438 talia
1731 1391 2044 1453 posuerunt.

460 1480 634 1548 Unde,
669 1480 714 1536 si
743 1479 898 1535 nobis
920 1479 1060 1548 lecto
1086 1478 1188 1533 isto
1211 1477 1467 1548 opusculo
1493 1485 1678 1532 nostro
1725 1477 1796 1552 ita
1826 1492 2048 1548 respon-

460 1574 588 1631 dere
627 1572 910 1639 voluerint,
941 1571 1082 1644 quod
1109 1570 1188 1640 eis
1233 1585 1337 1626 non
1366 1569 1715 1642 praeiudicent
1741 1569 1900 1626 verba
1926 1569 2046 1626 laici

458 1670 562 1737 sui,
596 1667 754 1724 verba
782 1669 1017 1740 ipsorum
1047 1666 1301 1722 continuo
1331 1664 1694 1721 recitabimus.
1723 1663 1825 1721 Eos
1853 1673 2042 1731 autent,

462 1763 726 1835 inquiunt,
757 1777 880 1834 quos
900 1760 1134 1833 sacrilegi
1161 1759 1353 1815 surculi
1379 1775 1478 1813 non
1505 1758 1733 1830 polluere
1764 1759 2041 1829 plantaria,

464 1857 561 1909 hoc
582 1864 674 1923 est,
703 1854 790 1925 qui
819 1871 850 1908 a
879 1852 1182 1908 Maximiani
1213 1851 1375 1922 capite
1421 1853 1654 1923 praprias
1696 1867 1880 1906 manus
1959 1866 2044 1906 ve-

459 1948 679 2004 recundo
702 1947 823 2020 ﬁdei
845 1947 1034 2019 pudore
1052 1953 1390 2010 retraxerunt,
1419 1945 1487 1998 ad
1517 1952 1727 1998 matrem
1761 1942 2043 2024 Ecclesiam

460 2041 624 2096 redire
653 2039 987 2114 permisimus.
1017 2038 1158 2112 Cum
1176 2037 1318 2098 enim
1347 2037 1424 2094 eis
1449 2036 1663 2105 dicitur,
1696 2035 1786 2094 isti
1814 2051 1946 2108 quos
1976 2036 2044 2098 ad

461 2140 684 2189 matrem
716 2131 1005 2188 Ecclesiam
1035 2130 1211 2186 redire
1241 2129 1578 2200 permisistis,
1609 2137 1893 2200 antequam
1921 2127 2046 2198 red-

459 2227 636 2295 irent,
686 2225 776 2282 ubi
806 2224 992 2282 erant?
1040 2224 1286 2281 similiter
1345 2233 1620 2294 urgentur,
1670 2237 1734 2277 ac
1787 2229 1842 2276 tu
1888 2221 2045 2294 paulo

459 2329 581 2376 ante
602 2317 777 2374 verbis
803 2333 834 2373 a
863 2327 915 2374 te
945 2317 1136 2389 positis
1165 2316 1458 2388 urgebaris.
1480 2315 1578 2372 Ubi
1597 2315 1735 2391 enim
1759 2330 1852 2372 eos
1881 2314 2046 2377 fuisse

462 2409 878 2480 respondebunt,
913 2408 1014 2464 nisi
1038 2408 1093 2463 in
1133 2407 1422 2463 schismate
1449 2406 1786 2462 Maximiani?
1813 2405 1916 2463 Sed
1954 2406 2044 2474 ubi

463 2501 652 2556 volunt
696 2515 788 2556 eos
832 2499 996 2554 fuisse
1047 2498 1410 2564 contendant;
1442 2507 1588 2556 certe
1631 2499 1720 2569 qui
1747 2497 1814 2554 ad
1859 2498 2044 2570 Eccle-

460 2593 594 2649 siam
619 2593 796 2649 redire
847 2592 1095 2663 permissi
1125 2601 1268 2658 sunt,
1317 2591 1370 2646 in
1402 2590 1642 2647 Ecclesia
1674 2607 1779 2646 non
1807 2590 2040 2647 fuerunt.

459 2685 598 2756 Ergo
626 2693 774 2741 extra
802 2683 1098 2740 Ecclesiam
1121 2683 1528 2755 baptizaverunt
1559 2701 1574 2738 :
1602 2692 1656 2739 et
1677 2683 1834 2738 simu!
1866 2683 2043 2753 bapti-

455 2786 664 2836 zatores
692 2775 1014 2849 etbaptizati
1043 2773 1110 2830 ad
1154 2775 1448 2831 Ecclesiam
1482 2774 1791 2841 redeuntes,
1841 2789 1941 2830 nec
1971 2773 2044 2831 illi

456 2870 692 2934 honores
716 2883 851 2940 quos
872 2877 1024 2924 extra
1052 2875 1352 2939 gesserant,
1374 2882 1475 2922 nec
1499 2867 1574 2922 illi
1602 2866 1871 2938 Baptisma
1901 2864 2044 2937 quod

455 2971 604 3019 extra
635 2969 968 3032 acceperant,
1000 2960 1315 3016 amiserunt.

531 3053 755 3124 CAPUT
810 3051 1027 3108 XXXV.
1056 3051 1240 3107 —42.
1280 3050 1347 3124 Et
1396 3059 1448 3105 tu
1499 3049 1734 3120 quidem,
1789 3057 2044 3128 quantum

459 3144 677 3219 potuisti
707 3143 761 3202 in
787 3158 946 3200 causa
987 3143 1149 3211 mala,
1182 3149 1337 3198 caute
1366 3141 1575 3198 locutus
1603 3155 1682 3207 es,
1717 3150 1773 3198 ut
1815 3140 2041 3210 diceres,

463 3240 664 3296 Placuit
691 3248 856 3293 tamen
881 3237 1079 3294 decreto
1101 3235 1301 3291 concilii
1325 3235 1618 3290 dilationem
1641 3234 1880 3306 temporis
1907 3235 2040 3302 dari,

460 3337 598 3392 intra
640 3334 776 3407 quod
800 3333 843 3388 si
871 3332 982 3405 quis
1006 3331 1192 3402 corrigi
1214 3329 1468 3396 voluisset,
1496 3328 1732 3384 innocens
1760 3328 2042 3392 haberetur.

459 3429 542 3486 llli
572 3436 748 3483 autem
780 3439 880 3481 nec
904 3421 1250 3494 corrigendos
1289 3435 1382 3478 eos
1404 3419 1567 3478 fuisse
1612 3419 1879 3486 dixerunt,
1928 3419 2046 3489 qui-

457 3520 557 3578 bus
583 3518 706 3574 data
733 3524 817 3573 est
858 3515 948 3572 illa
1004 3513 1220 3581 dilatio;
1260 3511 1354 3568 sed
1384 3519 1634 3582 tanquam
1677 3510 1898 3568 omnino
1942 3508 2043 3565 im-

459 3610 644 3684 polluti
671 3617 830 3680 atque
855 3607 1168 3662 innocentes
1197 3606 1249 3659 in
1277 3603 1583 3674 Maximiani
1631 3602 1888 3662 societate
1926 3600 2044 3657 fue-

458 3703 587 3766 rint,
619 3701 697 3756 sic
722 3698 790 3754 de
835 3698 941 3753 illis
972 3697 1279 3768 loquuntur,
1310 3710 1430 3752 cum
1459 3695 1629 3766 ipsam
1657 3702 1942 3766 prorogant
1965 3692 2047 3748 di-

459 3794 732 3850 lationem.
756 3791 893 3859 Quid
917 3799 999 3852 est
1024 3790 1166 3846 enim
1197 3788 1339 3844 aliud
1370 3787 1512 3860 quod
1549 3787 1729 3843 dicunt
1754 3804 1766 3841 :
1800 3785 1904 3842 Eos
1946 3802 2045 3840 au-

461 3895 558 3941 tem
583 3901 708 3957 quos
737 3884 970 3956 sacrilegi
1007 3881 1200 3938 surculi
1246 3898 1349 3936 non
1395 3881 1620 3950 polluere
1671 3881 1946 3953 plantaria,
1979 3881 2046 3948 ad

460 3987 670 4033 matrem
693 3976 976 4032 Ecclesiam
1022 3975 1187 4030 redire
1229 3975 1544 4047 permisimus
1572 3973 1624 4029 ‘?
1655 3975 1734 4030 Ac
1760 3990 1827 4031 ne
1858 3990 2046 4046 parum

462 4053 555 4137 sit,
582 4067 704 4126 vide
749 4067 876 4140 quid
919 4066 1246 4138 adiungant:
1279 4065 1480 4133 Quanto
1528 4064 1660 4121 enim
1711 4066 1772 4122 de
1822 4082 2043 4133 reorum,

461 4162 727 4235 inquiunt,
756 4169 916 4218 morte
936 4175 1232 4232 purgamur,
1278 4168 1419 4215 tanto
1450 4167 1513 4214 tte
1557 4158 1896 4216 innocentium
1923 4159 2043 4214 red-

467 4255 541 4310 itu
581 4252 920 4328 gratulamur.
951 4252 1060 4308 Cur
1095 4251 1273 4323 itaque
1301 4259 1359 4307 tu
1409 4249 1563 4317 dicis,
1615 4250 1862 4322 placuisse
1909 4251 2046 4304 dila-

462 4349 646 4406 tionem
672 4348 911 4419 temporis
948 4347 1085 4415 dari,
1116 4346 1253 4412 intra
1280 4346 1416 4418 quod
1441 4347 1484 4402 si
1509 4346 1622 4419 quis
1648 4346 1834 4417 corrigi
1876 4345 2043 4412 uellet,

461 4445 703 4499 innocens
732 4442 1037 4506 haberetur;
1062 4456 1182 4497 cum
1209 4456 1326 4496 eam
1354 4439 1538 4496 videas
1565 4440 1852 4512 impollutis
1889 4448 2047 4510 atque

463 4534 840 4592 innocentibus
892 4532 1103 4588 datam?
1157 4531 1260 4586 Sed
1318 4531 1567 4588 videlicet
1623 4541 1677 4586 tu
1726 4531 1950 4594 timuiSti
1979 4547 2048 4602 ne

461 4627 558 4683 tibi
608 4626 895 4691 diceretur,
926 4624 1104 4694 Quare
1165 4623 1393 4682 dabatur
1431 4623 1616 4692 dilatio
1659 4624 1739 4684 eis
1779 4639 1912 4696 quos
1937 4639 2048 4702 non

462 4720 725 4792 polluerat
763 4716 1152 4774 Maximianus?
1200 4716 1321 4776 ideo
1351 4715 1605 4773 dilatione
1648 4716 1736 4772 illa
1773 4701 2048 4788 corrigen;

460 4812 558 4868 dus
579 4827 699 4869 esse
751 4809 1026 4869 censuisti.
1058 4809 1138 4866 llli
1183 4808 1474 4866 timuerunt
1509 4823 1577 4864 ne
1619 4809 1717 4866 sibi
1757 4809 2044 4880 diceretur,

464 4904 640 4973 Quare
661 4905 714 4960 in
743 4904 853 4960 suis
881 4901 1173 4960 honoribus
1208 4901 1439 4971 pollutos
1465 4902 1738 4973 suscipere
1761 4900 2048 4960 voluistis?

463 4996 584 5052 ideo
609 5011 668 5052 se
687 4997 976 5066 impollutis
1003 4995 1310 5052 dilationem
1335 4993 1546 5050 dedisse
1576 4993 1845 5064 dixerunt.

534 5089 758 5146 CAPUT
796 5089 1035 5146 XXXVI.
1063 5120 1134 5132 -——
1161 5090 1249 5146 45.
1282 5087 1511 5144 Proinde
1531 5087 1737 5159 singula
1767 5088 2040 5157 timuistis,

467 5181 562 5238 sed
587 5181 904 5237 alterutrum
935 5189 1271 5252 oppugnatur
1316 5195 1380 5236 ex
1409 5179 1598 5235 altero.
1626 5178 1759 5236 Nam
1799 5180 1890 5236 tibi
1918 5180 2050 5236 dici-

469 5283 572 5339 tur,
603 5270 880 5340 Quomodo
905 5271 1178 5341 existimas
1217 5271 1584 5344 corrigendos,
1616 5287 1750 5341 quos
1797 5273 1871 5330 tui
1915 5289 2052 5344 pra:-

465 5369 646 5424 dicant
688 5365 1025 5436 impollutos?
1066 5365 1173 5421 Illis
1202 5373 1379 5420 autem
1405 5364 1617 5433 dicitur,
1655 5365 1936 5434 Quomodo
1961 5381 2051 5424 as-

465 5460 647 5518 seritis
676 5459 1001 5529 impollutos,
1033 5458 1133 5514 etsi
1157 5473 1262 5521 non
1285 5474 1500 5514 manum
1531 5459 1854 5530 imponendo
1892 5460 2053 5531 capiti

473 5555 794 5622 Maximiani,
825 5565 1001 5610 tamen
1028 5552 1332 5618 schismatis
1360 5553 1479 5625 ejus
1521 5555 1897 5611 communione
1940 5571 2055 5610 ma-

537 5715 550 5745 ³
580 5715 661 5762 Hic
697 5712 794 5762 duo
816 5719 922 5762 ttss.
949 5709 1146 5770 addunt,
1438 5721 1531 5774 non
1576 5706 2055 5774 polluit_cousortium

472 5775 766 5837 arma,
784 5775 849 5825 ad
871 5779 1074 5825 matrem
1097 5769 1356 5822 Esclesiam
1377 5770 1538 5822 redire
1566 5769 1886 5835 permisimus.

1215 245 1485 303 CONTRA
1522 239 1951 302 cumsecum
1989 239 2446 329 DONATISTAM,
2487 255 2544 311 s.
2585 256 2955 319 AUGUSTINI
3661 271 3752 327 sn

2169 365 2412 424 culatos?
2437 370 2598 444 Cujus
2624 387 2800 440 autem
2827 380 3054 448 animus,
3091 382 3245 454 cujus
3287 385 3452 452 vires,
3474 387 3641 458 cujus
3662 359 3765 452 lin-i

2162 473 2261 536 gua
2297 461 2521 520 sufﬁciat
2549 467 2921 541 proloqui-tam
2948 473 3346 536 intolerandum
3374 477 3672 536 dolorem?
3699 491 3765 538 ttt‘

2162 566 2284 623 pars
2334 554 2519 620 Donati
2564 559 2786 619 discissa
2833 556 3179 634 resarciatur,
3213 584 3312 626 nec
3368 571 3548 628 socios
3597 573 3746 631 Afros

2161 645 2213 700 in
2238 646 2416 705 Africa
2441 651 2630 721 polluit
2670 654 3058 726 Maximianus;
3090 676 3157 718 ne
3194 662 3261 720 ad
3311 663 3483 734 ipsam
3513 666 3744 721 radicem

2160 740 2376 798 unitatis
2399 745 2530 800 rami
2553 746 2703 806 tracti
2734 751 2940 821 regredi
2969 755 3368 824 permittantur,
3401 768 3480 828 tot
3499 762 3743 828 remotis-

2157 832 2321 898 simas
2347 845 2534 905 gentes
2561 839 2750 907 polluit
2778 857 2843 904 ex
2875 843 3048 904 Africa
3075 846 3428 908 Caecilianus!

2227 927 2451 1002 CAPUT
2479 929 2744 996 XXXVII.
2768 967 2838 975 —
2865 937 2954 995 46.
2987 938 3064 996 Ex
3093 939 3180 997 die
3228 943 3442 999 concilii
3495 945 3765 1015 Bagam-2

2156 1019 2250 1086 sis,
2283 1021 2386 1082 hoc
2413 1034 2515 1092 est,
2549 1027 2616 1083 ab
2654 1038 2843 1092 octavo
2895 1033 3235 1090 calendarum
3284 1038 3432 1105 maii,
3485 1053 3661 1110 usque
3686 1041 3744 1095 ad

2156 1113 2294 1174 diem
2315 1115 2452 1178 data:
2473 1119 2742 1178 dilationis
2770 1124 2932 1194 illius,
2963 1125 3065 1183 hoc
3085 1138 3186 1195 est,
3214 1139 3463 1186 octavum
3494 1134 3742 1190 calenda-

2155 1223 2273 1274 rum
2296 1209 2547 1280 januarii,
2577 1225 2698 1274 octo
2732 1231 2948 1280 menses
2987 1234 3353 1279 numerantur.
3405 1225 3459 1280 In
3507 1226 3616 1282 hoc
3647 1239 3738 1282 tam

2156 1301 2315 1374 longo
2343 1308 2599 1378 temporis
2627 1309 2927 1376 intervallo,
2960 1314 3034 1370 illi
3061 1317 3256 1386 quibus
3275 1319 3465 1374 dilatio
3496 1321 3626 1376 data
3650 1332 3738 1388 est,

2154 1398 2558 1457 maculabantur
2587 1404 2843 1470 societate
2874 1407 3110 1464 damnati
3162 1410 3492 1480 Maximiani,
3525 1430 3598 1468 an
3646 1432 3739 1470 non

2153 1493 2593 1552 maculabantur?
2643 1496 2698 1554 Si
2739 1501 3158 1571 maculabantnr,
3209 1507 3480 1576 quomodo
3527 1501 3735 1574 dicitur,

2153 1583 2259 1642 Eos
2287 1595 2455 1641 autem
2472 1604 2598 1659 quos
2618 1591 2852 1664 sacrilegi
2877 1593 3070 1648 surculi
3086 1612 3185 1650 non
3208 1596 3434 1667 polluere
3459 1598 3735 1666 plantaria,
3764 1621 3765 1624 η

2152 1676 2221 1730 ad
2245 1687 2453 1733 matrem
2483 1678 2766 1736 Ecclesiam
2796 1684 2963 1740 redire
3001 1685 3364 1758 permisimus?
3393 1688 3448 1744 Si
3479 1707 3591 1744 non
3638 1708 3737 1745 ma-

2152 1767 2488 1837 culabantur,
2533 1773 2799 1842 quomodo
2844 1790 2944 1832 nos
2987 1785 3145 1848 atque
3170 1795 3360 1836 omnes
3391 1797 3513 1851 qua:
3545 1783 3735 1852 ubique

2151 1871 2275 1917 sunt
2307 1863 2626 1925 christianas
2655 1875 2840 1937 gentes
2867 1870 3038 1939 potuit
3062 1870 3381 1942 ignotorum,
3414 1889 3525 1928 non
3571 1875 3734 1930 dicam

2151 1955 2429 2026 falsorum,
2469 1960 2734 2016 maculare
2759 1961 3053 2018 alienorum
3093 1967 3338 2035 contagio
3359 1969 3734 2036 peccatorum?

2153 2047 2258 2105 Sed
2295 2050 2428 2116 ideo,
2461 2051 2651 2123 inquit,
2676 2052 2856 2109 dilatio
2885 2055 3008 2109 data
3054 2065 3147 2123 est,
3202 2074 3316 2124 qua:
3357 2060 3402 2112 si
3458 2063 3765 2126 transisset,

2148 2141 2253 2197 illis
2278 2160 2378 2199 non
2404 2145 2724 2202 redeuntibus
2768 2157 2885 2202 tunc
2925 2150 3321 2218 macularentur,
3371 2163 3422 2208 et
3460 2155 3518 2208 in
3547 2172 3733 2226 ptenant
3764 2161 3765 2164 “

2151 2233 2490 2292 damnationis
2515 2237 2851 2294 incurrerent.
2883 2239 3000 2296 Non
3024 2256 3151 2312 ergo
3179 2257 3274 2297 eos
3293 2255 3575 2313 peccatum
3608 2247 3734 2300 illius
3764 2305 3765 2312 η

2149 2326 2441 2395 societatis,
2480 2328 2573 2384 sed
2628 2328 2730 2386 diei
2778 2331 3088 2388 constitutio
3141 2335 3445 2391 maculabat
3477 2353 3494 2393 :
3522 2338 3571 2391 si
3621 2337 3765 2408 ergo‘

2151 2421 2327 2477 nullus
2356 2422 2470 2478 dies
2497 2424 2930 2494 constitueretur,
2963 2426 3286 2483 immaculati
3313 2430 3497 2500 utique
3529 2443 3731 2501 penna-

2151 2523 2358 2570 nereut.
2388 2515 2525 2583 Quid
2547 2516 2613 2571 de
2638 2517 2787 2573 vobis
2830 2519 2968 2574 male
3015 2521 3210 2575 meruit
3249 2519 3394 2577 orbis
3434 2522 3731 2578 terrarum?
3764 2581 3765 2584 η

2148 2603 2257 2658 Cur
2281 2605 2421 2660 enim
2444 2607 2760 2662 maculatum
2782 2607 3070 2679 perhibetis
3112 2611 3344 2680 peccatis
3379 2612 3599 2679 alienis,
3652 2613 3724 2668 cui

2152 2697 2353 2752 nullum
2387 2706 2593 2769 tempus
2616 2698 2884 2756 dilationis
2907 2701 3292 2770 constituistis;
3339 2718 3462 2759 cum
3504 2713 3649 2760 tanta
3675 2705 3730 2760 sit

2149 2798 2323 2844 vestra
2346 2790 2598 2860 potentia,
2629 2799 2687 2847 ut
2711 2789 2955 2847 homines
2993 2793 3206 2864 quando
3249 2795 3458 2863 volunt,
3492 2806 3728 2866 peecato-

2149 2881 2297 2937 ribus
2318 2879 2608 2950 secientur,
2646 2893 2697 2940 et
2743 2885 2954 2956 quando
3001 2886 3308 2955 volueritis,
3366 2888 3765 2960 inquinenturll

2149 2974 2464 3033 innocentes
2489 2986 2542 3034 et
2568 2978 2826 3049 impolluti
2871 2982 3084 3049 erant‘,
3117 2981 3310 3052 quibus
3337 2981 3390 3036 in
3441 2992 3597 3052 parte
3634 2981 3725 3036 lla-
3764 3031 3765 3048 ἢ

2150 3067 2366 3122 ximiani
2392 3063 2617 3124 dabatur
2635 3069 2841 3137 dilatio,
2866 3073 3001 3128 intra
3023 3073 3173 3144 cujus
3203 3072 3342 3128 diem
3365 3074 3408 3128 si
3438 3080 3727 3130 remearent
3764 3127 3765 3130 η

2151 3157 2216 3213 ad
2245 3174 2360 3226 vos,
2391 3159 2857 3233 haberentintegri
2888 3143 3106 3220 honoris
3126 3179 3188 3220 ac
3204 3163 3322 3220 lidei
3351 3157 3690 3222 fundamenta
3715 3182 3725 3218 :

2151 3250 2194 3282 is:
2227 3258 2400 3282 nninm
2447 3251 2533 3282 :lln
2559 3252 2673 3282 Ᾱῗηο
2727 3253 2802 3282 Αἶι.
2852 3268 2956 3282 ,ιη-ιη
3012 3253 3358 3282 ..ιυιιη-..ιζῑιηη
3413 3257 3706 3282 ...κιρ-Ζ--.

2151 3250 2194 3306 si
2224 3258 2400 3306 autem
2447 3251 2534 3308 ille
2559 3252 2676 3308 dies
2726 3253 2804 3309 eis
2852 3268 2957 3310 non
3012 3253 3360 3312 redeuntibus
3413 3257 3726 3326 praeteriret,
3764 3250 3765 3320 1

2154 3351 2278 3398 tunc
2306 3343 2522 3413 polluti,
2569 3353 2692 3401 tunc
2728 3345 2995 3412 scelerati,
3030 3354 3156 3401 tunc
3190 3345 3381 3417 perditi
3417 3325 3727 3418 supplicium
3764 3325 3765 3396 ἲ

2150 3435 2508 3493 damnationis
2533 3437 2884 3504 incurrerent,
2909 3446 3035 3494 tunc
3058 3437 3471 3494 humiliarentur
3511 3455 3610 3510 per
3629 3452 3729 3509 pa:-

2151 3527 2450 3583 nitentiam.
2476 3527 2791 3598 Degmdatio
2816 3529 2946 3584 mira
2971 3528 3370 3598 pratdicentium
3397 3509 3672 3585 hominum
3690 3530 3722 3591 ³,
3764 3509 3765 3526 ‘

2154 3635 2259 3676 non
2299 3620 2430 3691 jam,
2473 3629 2533 3676 ut
2582 3629 2736 3678 vetus
2779 3621 3120 3692 proverbium
3169 3623 3356 3688 fertur,
3411 3623 3566 3690 Quod
3605 3622 3727 3680 ιιοικ-
3764 3693 3765 3702 χ

2152 3729 2264 3768 mus
2312 3721 2540 3768 sanctum
2581 3722 2686 3779 est;
2731 3713 2825 3769 sed
2881 3715 3061 3780 etiam,
3113 3715 3336 3784 Quando
3381 3716 3646 3779 volumus,
3682 3720 3724 3768 et

2151 3804 2400 3876 quamdiu
2428 3805 2708 3860 volumus!
2746 3804 3028 3877 Contingat
3076 3806 3232 3861 alicui
3261 3815 3504 3863 vestrum
3529 3807 3581 3863 in
3624 3804 3721 3861 navi

2152 3909 2307 3952 orare
2332 3896 2629 3965 nobiscum,
2668 3899 2778 3969 jam
2806 3899 3059 3968 pollutus,
3110 3899 3219 3970 jam
3265 3899 3495 3956 traditor
3516 3900 3724 3973 appella-

2152 3994 2259 4041 tur.
2283 3987 2686 4043 Communicant
2712 3989 2897 4043 altaria
2918 3988 3260 4045 damnatores
3306 3989 3570 4046 Primiani
3621 4003 3722 4046 cum

2153 4080 2472 4136 Maximiano
2491 4081 2727 4137 veritatis
2746 4081 3006 4150 adultero,
3021 4081 3278 4138 Ecclesiae
3297 4083 3486 4139 matris
3508 4082 3718 4142 inimico.

2153 4172 2358 4239 Datbze,
2389 4173 2567 4230 Chore
2593 4185 2647 4230 et
2675 4174 2878 4230 Abiron
2922 4175 3188 4243 ministro,
3216 4184 3272 4232 et
3293 4191 3392 4247 per
3433 4186 3559 4232 octo
3595 4190 3723 4231 men-

2152 4280 2238 4321 ses
2287 4267 2598 4324 innocentes
2642 4267 3008 4340 impollutique
3051 4269 3361 4340 persistunt.
3415 4269 3644 4327 Proinde
3683 4266 3717 4321 si

2153 4361 2241 4431 qui
2267 4375 2329 4417 ex
2355 4360 2437 4416 his
2460 4376 2601 4416 nono
2626 4361 2967 4417 calendarum
2985 4361 3007 4394 ⁸
3030 4361 3257 4433 januarii
3289 4378 3349 4419 se
3375 4373 3574 4420 vestrae
3598 4376 3719 4420 como

2153 4452 2394 4508 munioni
2429 4451 2794 4532 reddiderunt,
2848 4452 2917 4510 de
2967 4453 3330 4510 innocentium
3381 4455 3513 4511 estis
3568 4454 3718 4511 reditu

2152 4546 2417 4617 gratulati,
2463 4561 2648 4602 eorum
2691 4545 2914 4613 scilicet,
2963 4561 3095 4617 quos
3115 4545 3361 4620 sacrilegi
3401 4547 3603 4604 surculi
3629 4558 3717 4601 non

2155 4641 2392 4712 polluere
2439 4641 2718 4712 plantaria.
2764 4639 2899 4710 Quid
2934 4655 3025 4696 vos
3077 4649 3489 4718 promeruerunt
3527 4649 3603 4697 tot
3623 4638 3719 4695 dies

2155 4745 2275 4791 octo
2316 4735 2602 4802 mensium,
2657 4750 2687 4789 a
2731 4733 2818 4790 die
2863 4743 3056 4791 octavo
3099 4734 3440 4791 calendar-um
3479 4735 3716 4791 maiantm

2157 4843 2323 4898 usque
2349 4827 2415 4882 ad
2456 4826 2595 4883 diem
2648 4836 2893 4883 octavum
2939 4827 3282 4884 calendarum
3320 4823 3572 4899 januarii,
3605 4838 3716 4899 quos
3764 4891 3765 4894 η

2157 4919 2226 4975 ita
2281 4919 2674 4987 sanctiﬁcastis,
2723 4929 2782 4975 ut
2841 4934 2936 4991 per
2982 4935 3076 4976 eos
3110 4919 3434 4990 quicumque
3502 4931 3716 4977 commu-

2156 5013 2300 5070 nioni
2325 5013 2567 5086 sacrilegi
2596 5021 2754 5088 atque
2783 5011 3018 5069 damnati
3042 5007 3351 5068 Maximiani
3387 5012 3713 5072 cohaererent,

2157 5123 2263 5164 non
2294 5108 2678 5180 polluerentur,
2707 5122 2807 5163 nec
2848 5106 3192 5164 efﬁcerentur
3218 5106 3510 5164 nocentes?
3535 5107 3603 5164 Et
3615 5100 3714 5178 quid

2223 5268 2241 5300 ι
2265 5267 2622 5332 Editi,_quando
2635 5265 2886 5332 potueritis
2908 5268 3234 5331 peccatoribus
3254 5266 3516 5332 sociatur,
3536 5270 3582 5332 et
3597 5275 3716 5332 qm-

2162 5329 2226 5381 do
2245 5327 2486 5382 volueritis
2509 5327 2817 5394 inquinentur
2847 5327 3135 5384 maecentes.
3171 5335 3229 5384 Et
3255 5327 3369 5393 jam
3397 5327 3568 5398 polluti
3587 5327 3712 5390 erat!!-

2159 5394 2457 5443 castigantur
2478 5407 2542 5442 ex
2568 5402 2670 5442 MSS.
3401 5401 3404 5408 '
3499 5393 3504 5402 ‘

2265 5401 2457 5442 tuantur
2478 5407 2542 5442 ex
2568 5402 2670 5442 MSS.
3401 5401 3404 5408 ’

2224 5405 2457 5456 sttgantur
2478 5407 2542 5442 ex
2568 5405 2670 5442 mss.
3401 5405 3404 5408 ·
3664 5448 3672 5457 ,

2224 5457 2245 5488 ³
2267 5457 2340 5519 sic
2363 5464 2466 5519 Mss.
2492 5461 2547 5505 At
2570 5456 2706 5519 editi,
2741 5467 2829 5518 per
2865 5453 3193 5519 petilentia!!!
3233 5452 3579 5519 degradatime
3618 5458 3714 5519 insin
3764 5509 3765 5512 η

2159 5515 2531 5584 prtedicemium
2571 5507 2835 5584 hominum.
2860 5507 2920 5555 '—-
2941 5516 3106 5584 Morel,
3132 5507 3496 5584 ]Πθωῖαδξιὶοη
3523 5507 3710 5584 pugili;

2161 5577 2436 5645 arbitratur
2449 5578 2741 5645 legendum,
2782 5593 2870 5645 per
2902 5577 3240 5645 paenitentiam.
3287 5586 3327 5629 0
3365 5577 3599 5643 gradatio
3620 5577 3713 5626 mira

2162 5641 2238 5705 pie
2259 5639 2525 5705 dicentitan'
2539 5639 2818 5705 timum?
2865 5639 2918 5692 ΜΖ

2223 5704 2404 5816 taedai,
2429 5703 2589 5767 quinto
2610 5704 2703 5756 cal.
2739 5706 2911 5758 verius
2945 5713 3110 5757 autem
3130 5704 3438 5756 Corbeiensis
3471 5710 3586 5768 ις..
3619 5704 3713 5754 ηοω

2166 5779 2258 5817 σαι.
