3778 6126
56 355 153 412 573

56 485 142 527 vos
180 464 414 525 oﬂ‘endit
455 470 564 528 tam
595 467 812 528 sanctus
851 457 970 518 dies
1013 456 1207 516 natalis
1229 455 1396 529 ipsius
1429 452 1644 510 Domini

53 561 236 629 nostri,
267 567 334 616 ut
365 558 511 634 solus
534 555 767 620 adventu
796 561 850 612 et
874 551 1099 608 transitu
1141 565 1240 610 suo
1266 548 1529 621 pollueret
1563 544 1646 601 in-

51 662 341 720 nocentes;
369 660 530 723 atque
557 648 612 710 in
640 648 718 704 eis
743 645 834 718 qui
859 646 914 704 in
941 645 1032 700 illo
1074 642 1364 700 schismate
1401 634 1644 710 baptiza-

53 755 254 814 νει-ωλι,
288 760 391 817 per
433 757 622 804 omnes
657 740 780 798 illos
819 739 936 796 dies
986 745 1206 794 sanctus
1251 741 1498 792 maneret
1543 732 1647 789 Ba-

53 844 270 913 ptismus
315 836 540 906 Christi,
564 841 621 896 et
672 830 977 896 immundus
1031 829 1187 887 tieret
1255 843 1353 902 per
1405 825 1644 883 natalem

53 932 240 1000 Christi
256 932 281 986 7

116 1023 348 1082 CAPUT
378 1018 666 1082 XXXVIII.
695 1047 762 1060 —
784 1017 874 1075 45.
903 1014 1040 1086 Quid
1065 1030 1172 1071 non
1194 1012 1388 1070 audeat
1412 1012 1645 1069 humana

53 1116 366 1190 temeritas,
407 1128 529 1170 cum
568 1113 623 1170 in
660 1109 979 1168 sententiam
1023 1105 1238 1164 nefandi
1282 1105 1646 1177 prmcipitatur

53 1211 267 1277 erroris,
299 1223 464 1281 quam
488 1206 792 1280 relinquere
819 1211 1037 1276 prapter
1059 1201 1348 1258 vanitatem
1379 1199 1562 1271 pudet,
1589 1205 1646 1254 et

55 1303 344 1370 defendere
371 1309 558 1360 contra
584 1299 861 1356 veritatem
885 1311 990 1352 non
1011 1294 1220 1368 pudet?
1246 1293 1351 1348 Sed
1372 1289 1498 1363 quid
1521 1290 1646 1350 hinc

57 1399 223 1469 plura,
253 1395 350 1452 ubi
376 1393 604 1466 quilibet
629 1388 1097 1457 obstinatissimns,
1127 1387 1216 1458 qui
1241 1395 1424 1442 contra
1456 1397 1644 1440 omnes

53 1507 203 1548 voces
230 1490 462 1552 rationis
488 1485 762 1554 obduruit,
793 1495 1017 1539 necesse
1044 1489 1128 1536 est
1157 1480 1404 1545 fateatur,
1433 1476 1498 1532 de
1522 1477 1644 1546 qui-

54 1584 144 1640 bus
168 1583 404 1647 dicitur,
441 1579 504 1636 Si
529 1593 584 1636 se
619 1574 862 1638 Ecclesia:
893 1573 1264 1642 reddidissent,
1297 1579 1344 1625 et
1368 1577 1484 1624 ante
1510 1568 1643 1622 diem

55 1679 390 1750 prastitutum
429 1672 645 1736 restituti
668 1678 870 1733 essent;
899 1683 1018 1739 qua:
1044 1666 1213 1721 verba
1235 1665 1349 1734 ipse
1377 1661 1597 1733 posuisti
1626 1678 1641 1715 :

53 1789 140 1832 eos
163 1771 401 1842 denique
437 1768 506 1825 de
546 1766 739 1838 quibus
763 1763 957 1820 dicitur
974 1803 990 1829 ,
1022 1759 1104 1814 Ad
1125 1767 1336 1813 matrem
1363 1756 1646 1812 Ecclesium

55 1866 206 1922 redire
245 1862 596 1936 permisimus.
629 1857 710 1914 De
745 1855 1087 1912 innocentium
1107 1852 1274 1908 reditu
1301 1850 1640 1922 gratulamur.

61 1959 120 2013 Ac
143 1974 204 2013 ne
229 1963 512 2028 angustum
535 1950 860 2008 redeuntibus
887 1956 1084 2016 tempus
1111 1961 1251 2017 spem
1270 1941 1448 1997 salutis
1478 1950 1646 1996 arcta-

58 2061 114 2105 ιω
138 2050 234 2106 diei
264 2062 514 2119 pressura
536 2042 803 2106 subducat,
833 2055 986 2109 usque
1008 2038 1061 2093 in
1087 2035 1235 2091 illum
1261 2035 1394 2090 diem
1422 2033 1643 2106 agnitio-

61 2143 128 2198 nis
155 2140 434 2212 pandimus
445 2138 686 2210 januam,
705 2142 762 2188 ut
780 2132 964 2203 integri
985 2129 1191 2185 honoris
1210 2144 1272 2182 ac
1293 2126 1411 2195 ﬁdei
1433 2125 1646 2198 regressi

59 2235 258 2300 habeant
287 2232 670 2304 fundamenta;
698 2241 853 2298 quum
879 2224 1142 2296 quisquam
1169 2221 1215 2276 si
1242 2219 1440 2292 ingredi
1469 2217 1646 2289 nequi-

61 2330 168 2385 verit
194 2328 346 2399 pigra
371 2324 619 2397 segnitia,
648 2321 776 2378 sciat
799 2319 895 2376 sibi
924 2317 991 2372 ad
1017 2332 1190 2372 omnes
1219 2314 1436 2370 veniales
1475 2312 1647 2368 aditus

62 2422 177 2476 riam
204 2437 312 2477 esse
334 2417 656 2474 subductam.
683 2413 750 2469 Et
776 2420 888 2484 post
913 2409 1247 2482 pra'stitutum
1274 2407 1406 2461 diem
1427 2405 1645 2460 redeun-

65 2513 179 2572 tibus
204 2513 312 2582 ﬁxa
342 2509 638 2582 paenitentia
659 2506 714 2572 ¹;
757 2519 877 2576 quae
911 2500 1075 2557 verba
1115 2497 1339 2555 trecenti
1381 2505 1435 2552 et
1457 2496 1646 2552 decem

64 2605 109 2664 in
135 2603 402 2662 sententia
435 2616 533 2658 sua
560 2598 721 2658 toties
750 2593 1085 2652 inculcarunt
1113 2609 1127 2647 :
1153 2604 1376 2646 necesse
1410 2596 1494 2642 est
1517 2629 1531 2651 ,
1562 2586 1645 2640 in-

65 2713 204 2768 quam
225 2739 241 2764 ,
274 2695 506 2769 quilibet
541 2690 880 2749 adversarius
912 2688 1176 2755 fateatur,
1205 2684 1422 2740 eosdem
1453 2681 1646 2753 quibus

65 2791 154 2847 ista
177 2789 434 2846 dicuntur
457 2830 473 2854 ,
518 2794 804 2856 antequam
846 2797 906 2840 se
950 2781 1102 2836 vobis
1142 2777 1466 2842 redderent,
1497 2783 1649 2830 ante-

67 2900 213 2956 quam
238 2883 397 2940 vobis
421 2881 850 2945 restituerentur,
873 2885 1158 2946 antequam
1180 2870 1247 2927 ad
1268 2885 1363 2926 vos
1390 2868 1645 2936 redirent,

67 2987 342 3050 antequam
389 2974 623 3048 regressi
659 2972 876 3044 ianuam
919 2967 1188 3026 dilationis
1218 2963 1645 3036 ingrederentur,

71 3085 167 3126 non
193 3071 362 3126 fuisse
390 3067 695 3130 vobiscum;
741 3071 890 3119 extra
929 3067 1162 3117 vestram
1189 3054 1645 3120 communionem,

73 3161 120 3216 iu
142 3176 204 3218 eo
228 3161 522 3218 schismate
542 3200 558 3226 ,
584 3170 693 3229 quo
721 3169 781 3211 se
807 3169 838 3208 a
861 3152 1012 3208 vobis
1034 3156 1441 3219 separaverunt,
1473 3146 1648 3216 bapti-

71 3266 211 3312 zasse
238 3271 253 3308 :
275 3251 406 3308 inde
426 3250 580 3306 vobis
598 3246 790 3303 redditi
816 3260 880 3300 ac
899 3242 1152 3308 restituti,
1178 3241 1265 3296 ubi
1287 3256 1317 3295 a
1341 3238 1491 3294 vobis
1515 3237 1649 3293 alie-

77 3347 172 3400 nati
195 3353 372 3409 erant,
398 3341 522 3400 inde
543 3340 609 3396 ad
630 3352 726 3395 vos
752 3337 1039 3394 redeuntes
1060 3342 1116 3390 et
1138 3331 1520 3404 regredientes,
1544 3344 1651 3401 quo

73 3449 100 3490 a
127 3436 264 3494 vobis
290 3435 431 3493 foris
457 3441 612 3490 erant
634 3471 649 3497 ,
691 3439 747 3486 et
777 3437 1058 3486 tenuerunt
1093 3439 1198 3480 non
1225 3423 1518 3479 diminutos
1553 3419 1651 3477 ho-

75 3545 219 3587 nores
245 3543 378 3587 suos
401 3569 420 3596 ,
446 3536 502 3584 et
529 3539 714 3583 secum
742 3520 1155 3578 introduxerunt
1179 3532 1288 3573 non
1317 3515 1650 3586 rebaptizan-

73 3620 161 3679 dos
183 3622 478 3693 baptizatos
507 3633 636 3674 suos
655 3617 680 3671 ‘i

135 3713 359 3773 CAPUT
383 3709 629 3770 XXXIX.
647 3739 721 3752 --
742 3697 832 3774 £6.
853 3704 992 3774 Quid
1015 3703 1190 3761 adhuc
1211 3702 1456 3774 pessimae
1476 3716 1654 3758 causae

77 3805 417 3874 patrocinium
485 3798 972 3873 pertinacissimum
1040 3795 1292 3866 praebes?
1358 3792 1654 3864 Acquiesce

79 3896 294 3966 tandem,
332 3910 443 3952 non
468 3892 624 3960 mihi,
653 3889 747 3948 sed
770 3889 872 3962 ipsi
899 3903 1001 3959 qua
1023 3884 1400 3944 convincimini
1420 3883 1650 3939 veritati.

78 3986 197 4046 Vide
221 4004 384 4062 quam
424 4001 611 4043 verum
637 3983 862 4040 dixerim
883 4023 899 4050 ,
925 3979 1068 4052 quod
1103 3979 1299 4034 frustra
1335 3977 1656 4036 labefactare

81 4089 286 4137 mutatus
312 4094 393 4144 es,
422 4087 619 4149 quanta
651 4075 756 4132 sint
786 4088 886 4145 pro
910 4087 1040 4143 pace
1067 4069 1364 4126 toleranda.
1393 4071 1568 4140 Atque
1597 4076 1658 4125 ut

81 4171 264 4228 eisdem
296 4169 592 4242 identidem
621 4166 799 4224 verbis
830 4173 948 4221 utar
970 4205 986 4231 ,
1011 4162 1206 4234 quibus
1233 4162 1287 4217 in
1324 4161 1432 4216 illis
1469 4161 1656 4216 litteris

85 4278 194 4320 usus
215 4280 354 4330 sum,
385 4279 479 4334 pro
505 4277 627 4334 pace
647 4258 837 4315 Christi
855 4257 1013 4311 redite
1032 4255 1099 4309 ad
1126 4253 1406 4309 Ecclesium
1424 4269 1538 4324 qua:
1556 4269 1658 4310 non

85 4355 327 4414 damnauit
349 4355 632 4427 inooynita,
660 4352 706 4408 si
732 4367 825 4422 pro
846 4364 967 4419 pace
995 4346 1185 4403 Donati
1213 4345 1403 4417 placuit
1427 4361 1661 4400 revocare

85 4449 307 4504 damnata
353 4446 510 4518 (Lib.
542 4445 572 4506 ι
627 4449 802 4502 contra
843 4439 1059 4495 Litteras
1110 4437 1384 4503 Petiliani,
1428 4453 1482 4490 η.
1529 4435 1656 4508 14).

94 4535 136 4594 Si
177 4542 315 4598 enim
379 4554 447 4594 ex
495 4536 579 4594 bis
625 4532 911 4593 duodecim
965 4546 1100 4603 quos
1164 4545 1288 4586 cum
1339 4528 1660 4584 Maximiano

89 4629 189 4688 sine
223 4633 482 4704 dilatione
519 4629 940 4694 damnaverant,
978 4624 1305 4681 Felicianum
1337 4630 1393 4679 et
1433 4623 1664 4678 Praetex-

93 4729 240 4783 tatum
286 4733 474 4797 postea
519 4727 858 4794 receperunt,
903 4716 1171 4789 quomodo
1214 4715 1406 4772 falsum
1446 4724 1529 4772 est
1569 4728 1664 4770 eos

97 4828 360 4876 revocasse
383 4815 634 4882 damnata
653 4812 680 4868 ι
701 4811 758 4869 Si
783 4818 961 4866 autem
982 4817 1037 4865 et
1061 4809 1190 4879 ipsis
1214 4807 1398 4863 dilatio
1418 4806 1537 4862 data
1558 4815 1660 4873 est,

97 4918 214 4973 quos
236 4908 510 4976 dixerunt,
540 4904 810 4969 damnatos
830 4917 935 4960 esse
958 4900 1277 4973 cognoscite;
1301 4899 1511 4956 etiamsi
1539 4899 1664 4954 nul-

96 4994 169 5052 lus
190 5013 372 5060 eorum
399 5005 586 5070 postea
624 5003 895 5057 remearet
912 5036 929 5063 ,
961 4993 1160 5066 placuit
1199 5001 1377 5048 tamen
1411 5006 1666 5048 revocare

97 5087 325 5150 damnata
352 5133 369 5160 ,
400 5090 617 5164 quando
654 5096 776 5161 post
799 5086 1120 5150 sententiam
1159 5099 1264 5157 qua
1301 5083 1499 5140 dictum
1543 5092 1623 5139 est
1646 5125 1663 5153 ,

101 5181 346 5244 damnatos
370 5201 476 5244 esse
496 5183 802 5257 cognoscite,
830 5180 954 5238 data
974 5186 1058 5236 est
1080 5176 1288 5244 dilatio,
1309 5190 1410 5247 qua
1435 5175 1515 5232 eis
1537 5175 1665 5231 liee-

101 5284 173 5331 ret
194 5289 444 5336 evacuata
486 5275 828 5340 damnatione
846 5286 1108 5331 remeare.
1129 5270 1257 5326 Haec
1283 5269 1424 5324 dicta
1450 5266 1667 5323 sufﬁce-

103 5381 237 5440 rent,
267 5372 478 5432 etiamsi
519 5384 708 5436 verum
751 5375 897 5426 esset
938 5364 1080 5437 quod
1118 5373 1173 5420 te
1207 5361 1378 5430 dicis,
1409 5375 1528 5417 cum
1571 5359 1670 5416 hac

53 5537 56 5540 ἢ
106 5474 240 5519 causa
268 5462 763 5521 Maximianensium
791 5459 946 5514 valde
982 5466 1260 5530 permotus
1289 5469 1464 5519 esses,
1496 5469 1526 5508 a
1565 5454 1670 5509 tuis

60 5569 73 5611 ι
106 5554 350 5630 episcopis
375 5557 694 5628 cognovisse
719 5572 732 5609 :
759 5551 886 5624 quid
906 5561 1084 5606 autem
1107 5550 1239 5621 agis,
1264 5548 1386 5619 quia
1406 5556 1460 5602 et
1479 5545 1670 5602 falsum

108 5653 208 5705 est?
233 5653 450 5722 Qumre,
481 5660 574 5706 aut
597 5650 643 5706 si
666 5647 848 5714 habes,
873 5645 1074 5718 inspice
1092 5644 1231 5701 diem
1253 5652 1523 5714 gestorum
1547 5656 1669 5712 pro-

163 5808 295 5862 ‘Sola
318 5813 470 5864 editio
483 5818 617 5872 hom,
637 5807 792 5874 ﬁdam
812 5801 1141 5870 ptem'tentiam
1153 5816 1172 5864 ;
1206 5800 1468 5854 referendo
1490 5801 1547 5851 ad
1572 5814 1676 5852 vcr-

111 5865 224 5937 btlm,
252 5873 389 5927 sciat.

1427 332 1633 410 LIBER
1667 330 1997 406 QUARTUS

3236 349 3340 408 574

1757 455 2113 512 consularium
2139 499 2154 524 ,
2183 473 2289 531 quo
2318 460 2602 532 postulatio
2640 463 2779 521 dicta
2819 474 2903 522 est
2940 481 2972 522 a
3002 467 3214 526 Titiano
3240 475 3338 532 ad-

1756 563 1941 604 versus
1984 549 2313 608 Felician’um
2361 565 2415 610 ct
2451 557 2870 628 Praetextatum,
2916 570 2975 617 ut
3020 545 3340 632 pellerentur

1755 641 1888 698 locis
1913 643 2010 716 (a),
2037 655 2091 700 et
2109 646 2228 702 vide
2248 660 2446 719 quanto
2471 661 2588 721 post
2609 652 2748 708 diem
2776 654 3042 711 dilationis
3075 659 3217 714 illius
3241 660 3339 718 hoc

1755 732 1950 792 factum
1978 747 2080 793 est.
2107 738 2238 795 Nam
2261 739 2375 797 dies
2399 739 2482 798 est
2500 745 2707 800 concilii
2733 746 3037 815 Bagaieusis
3061 753 3336 808 consulatu

1753 827 2112 900 Augustorum
2145 832 2356 889 Arcadii
2388 850 2444 890 ιιι
2473 845 2528 891 et
2562 836 2780 893 Honorii
2815 841 3003 896 iterum
3031 853 3218 898 octavo
3245 861 3337 900 ca~

1755 923 2034 982 lendarum
2057 928 2180 982 maii
2201 970 2215 993 ,
2246 928 2360 985 dies
2390 941 2566 986 autem
2597 932 2865 990 dilationis
2904 913 3029 991 hinc
3065 915 3232 1010 usque
3273 941 3336 996 ad

1753 1025 1999 1073 octavum
2041 1018 2380 1076 colendarum
2426 1021 2653 1093 januarii
2687 1041 2700 1076 :
2742 1025 3027 1095 postulatio
3068 1043 3194 1084 vero
3237 1029 3336 1085 ista

1755 1112 1950 1170 Titiani
1975 1112 2117 1171 dicta
2148 1123 2230 1171 est
2256 1124 2375 1186 post
2404 1115 2550 1172 illum
2578 1117 2915 1174 consulatum
2945 1120 3033 1177 die
3058 1133 3209 1178 sexto
3237 1139 3336 1180 no-

1753 1219 1849 1261 nas
1876 1206 2072 1280 martii.
3261 1193 3264 1196 ’

1823 1295 2049 1353 CAPUT
2078 1297 2187 1353 XL.
2220 1329 2291 1338 --
2311 1299 2401 1355 47.
2434 1298 2662 1355 Proinde
2691 1312 2910 1371 apparet
2935 1304 3147 1371 tertium
3170 1303 3337 1362 ferme

1752 1391 1836 1463 agi
1859 1407 2118 1459 mensem,
2152 1407 2270 1448 cum
2299 1409 2328 1448 a
2361 1396 2679 1464 proconsule
2709 1399 2927 1465 petitur,
2954 1406 3010 1451 ut
3037 1369 3338 1456 Felicianus

1753 1495 1806 1540 et
1828 1485 2180 1541 Prmtcxtatus
2202 1485 2418 1542 sedibus
2444 1489 2823 1559 propulsentur
2846 1499 3091 1560 tanquam
3122 1493 3340 1566 collega:

1752 1576 2073 1641 Maximiani,
2106 1592 2238 1648 quos
2269 1577 2367 1632 sibi
2395 1579 2798 1634 consociaverat
2826 1580 2890 1635 ad
2921 1580 3175 1638 furorem.
3206 1567 3338 1642 Nam

1753 1682 1872 1724 cum
1905 1678 2232 1723 memoratus
2273 1669 2562 1724 advocatus
2587 1669 2652 1746 de
2678 1669 2996 1746 Maximiano
3025 1673 3166 1742 quod
3192 1657 3339 1730 suffi-

1752 1775 1878 1816 cere
1902 1759 2211 1826 videbatur,
2242 1761 2294 1815 in
2321 1761 2505 1816 eadem
2539 1743 2896 1831 postulatione
2924 1743 3153 1818 dixisset
3185 1783 3197 1818 :
3231 1743 3338 1822 Eos

1752 1871 1969 1926 quoque,
2001 1854 2208 1925 inquit,
2241 1871 2364 1926 quos
2403 1855 2583 1910 aliena:
2621 1856 3031 1927 prtesumptionis
3072 1875 3210 1912 error
3257 1868 3338 1914 at-

1753 1955 2014 2010 traxerat,
2050 1956 2198 2016 portu
2239 1948 2400 2016 primo
2433 1945 2691 2017 praposito
2729 1946 2998 2016 ptenitendi
3021 1989 3035 2014 ,
3077 1948 3122 2002 si
3161 1929 3339 2005 reverti

1751 2047 1990 2110 cuperent
2009 2081 2024 2104 ,
2055 2039 2190 2094 intra
2219 2049 2413 2108 tempus
2439 2039 2507 2092 ad
2536 2039 2796 2110 religionis
2836 2041 3086 2095 tramitem
3123 2042 3337 2112 destitu-

1753 2142 1858 2187 tum
1875 2133 1914 2198 ί,
1942 2133 2057 2204 pari
2084 2133 2267 2204 vigoris
2287 2133 2628 2187 admonitione
2650 2133 2972 2204 compescuit.
2993 2132 3102 2190 Sed
3125 2137 3228 2191 suis
3252 2137 3337 2192 in-

1751 2226 1961 2290 stitutis,
1993 2225 2197 2297 inquit,
2229 2226 2467 2296 iniquitas
2493 2223 2790 2291 delectatur,
2824 2235 2869 2281 et
2893 2227 3209 2299 semetipsum
3238 2247 3340 2284 non

1753 2318 1960 2385 deserit,
1992 2334 2107 2372 cum
2131 2317 2285 2372 semel
2308 2317 2627 2389 prwcipituta
2653 2319 2919 2373 corruerit.
2953 2318 3098 2373 Idem
3127 2338 3341 2393 namque

1756 2409 2105 2464 Maximianus
2139 2419 2356 2481 carptum
2395 2409 2552 2464 nutrit
2578 2410 2847 2464 audaciam
2870 2450 2885 2474 ,
2919 2418 2965 2465 et
2996 2414 3119 2466 alios
3148 2413 3342 2469 sibimet

1753 2503 2009 2558 consociat
2040 2502 2106 2556 ad
2135 2506 2379 2582 furorem.
2404 2501 2552 2578 Inter
2577 2519 2702 2580 quos
2727 2502 2878 2557 etiam
2912 2501 3202 2560 Felit‘iuttus
3226 2505 3341 2582 qui-

1754 2595 1890 2661 dam,
1919 2596 2003 2667 qui
2036 2573 2199 2666 primo
2225 2579 2362 2650 recta
2391 2573 2606 2651 sectatus
2632 2573 3007 2666 depravationis
3032 2599 3182 2670 hujus
3210 2573 3343 2656 alta-

1752 2688 2031 2742 minutione
2070 2688 2320 2758 fuscatur,
2356 2687 2410 2741 in
2435 2686 2718 2742 Mustitana
2759 2688 2950 2759 positus
2977 2669 3340 2758 civitate,l'?eo

1753 2781 2081 2850 omnipotenti
2111 2779 2326 2848 parietes
2347 2787 2695 2848 consecratos,
2719 2779 2980 2834 ecclesiam
3005 2783 3340 2852 venerandam

1752 2874 1900 2945 quasi
1945 2872 2166 2942 quadam
2208 2870 2490 2926 obsessione
2536 2871 2749 2927 credidit
2793 2853 3126 2928 retinendam.
3171 2851 3341 2945 illunc

1756 2969 1908 3023 etiam
1939 2965 2280 3022 Prtetextatus
2301 2965 2355 3020 in
2377 2963 2688 3020 Assuritanis
2716 2965 2939 3036 partibus
2961 2941 3342 3026 imitaturdAu-

1754 3059 1908 3115 disne
1933 3057 2173 3113 advocati
2198 3055 2358 3111 verba
2380 3055 2785 3126 praeclarissima
2809 3065 2863 3111 et
2889 3039 3340 3127 manifestissima,

1755 3153 1948 3224 quibus
1977 3151 2105 3206 dicit
2127 3151 2260 3205 istos
2278 3148 2347 3205 de
2373 3149 2569 3219 quibus
2589 3149 2812 3220 agimus,
2837 3150 2956 3220 quia
2988 3160 3196 3222 portum
3221 3168 3344 3224 pro-

1758 3244 1987 3315 positum
2020 3242 2336 3312 paenitendi,
2369 3241 2493 3298 dum
2522 3241 2632 3298 suis
2653 3241 2908 3297 institutis
2930 3229 3178 3313 iniquitas
3197 3243 3343 3303 dele-

1755 3345 1947 3418 ctatur,
1979 3351 2101 3414 cum
2126 3336 2292 3391 semel
2321 3334 2646 3406 praecipitata
2678 3335 2977 3401 corruerit,
3003 3346 3342 3406 contempse-

1756 3415 1934 3498 runt,
1965 3429 2098 3485 locis
2143 3427 2516 3484 ecclesiasticis
2561 3415 2972 3498 expellendos?
3003 3427 3098 3484 Ubi
3144 3428 3188 3483 si
3227 3428 3342 3485 dies

1756 3529 1941 3595 posset
1964 3521 2135 3576 latere
2161 3528 2470 3592 gestorum,
2497 3519 2664 3574 cuivis
2689 3518 3030 3574 obtusissimo
3068 3520 3198 3576 satis
3226 3521 3342 3590 elu-

1757 3625 1924 3680 ceret,
1958 3614 2099 3686 quod
2127 3624 2313 3670 contra
2341 3627 2435 3669 eos
2459 3628 2564 3668 non
2587 3612 2658 3666 ita
2688 3613 3080 3682 proconsularis
3109 3620 3343 3685 potestas

1758 3707 2023 3772 adiretur,
2051 3706 2153 3761 nisi
2177 3714 2270 3761 aut
2293 3703 2386 3760 illo
2415 3702 2643 3760 concilio
2672 3699 2913 3770 fuissent,
2939 3703 3074 3758 sicut
3100 3702 3206 3759 illic
3232 3718 3344 3759 ma-

1757 3801 1840 3872 gis
1881 3806 2135 3872 apparet,
2188 3797 2304 3853 sine
2346 3796 2454 3852 ulla
2490 3793 2755 3867 impertita
2790 3783 3042 3868 dilatione
3071 3777 3342 3866 damnati,

1759 3901 1851 3947 aut
1880 3894 2015 3948 intra
2044 3891 2184 3947 diem
2209 3888 2500 3968 dilationis,
2533 3879 2576 3944 si
2603 3889 2853 3946 omnibus
2877 3888 2997 3944 data
3020 3899 3102 3945 est
3123 3892 3167 3958 ',
3194 3873 3345 3968 vobis

1760 3985 1967 4056 restitui
2012 3984 2324 4041 noluissent.
2368 3963 2500 4039 Cum
2545 3998 2674 4039 vero
2715 3983 2874 4038 etiam
2914 3969 3030 4038 dies
3073 3956 3346 4062 gestorum

1762 4077 2043 4149 cujuslibet
2073 4075 2322 4132 obstinati
2354 4075 2538 4130 oculos
2567 4089 2830 4145 auresque
2858 4075 2936 4129 sic
2961 4055 3147 4142 feriat,
3180 4055 3348 4147 usque

1763 4169 1897 4225 adeo
1943 4169 2064 4223 illos
2107 4167 2263 4223 etiam
2303 4174 2424 4234 post
2469 4173 2790 4220 transactum
2830 4164 3099 4230 dilationis
3124 4165 3262 4238 diem
3293 4167 3347 4223 in

1763 4269 1945 4316 vestra
1971 4257 2350 4314 communione
2383 4271 2489 4312 non
2521 4255 2685 4311 fuisse
2705 4297 2720 4325 ,
2751 4264 2805 4312 et
2828 4235 3149 4312 Maximiano
3172 4259 3349 4314 cohae-

1765 4352 1920 4418 sisse,
1952 4361 2008 4406 ut
2029 4351 2097 4406 ob
2127 4352 2227 4404 hoc
2255 4347 2513 4428 adversus
2533 4362 2629 4403 eos
2652 4357 2759 4402 tam
2784 4347 3033 4403 terribilis
3054 4349 3347 4420 judiciariae

1764 4444 2018 4517 jussionis
2058 4425 2437 4512 impetraretur
2463 4440 2790 4514 auctoritas;
2821 4439 2951 4510 quid
2981 4441 3045 4494 ad
3077 4440 3192 4496 hanc
3221 4421 3350 4497 dici-

1770 4540 1897 4596 tur?
1925 4536 2063 4607 Quid
2105 4534 2280 4590 adhuc
2318 4543 2501 4589 contra
2547 4543 2654 4602 tam
2697 4534 3027 4604 perspicuam
3068 4535 3347 4590 veritatem

1769 4633 1905 4689 mira
1949 4626 2294 4700 impudentia:
2333 4626 2573 4682 caecitate
2611 4615 2992 4681 contenditur?
3015 4624 3150 4694 Quid
3180 4625 3352 4700 adhuc

1769 4726 1838 4806 ab
1859 4725 1959 4793 eis,
1988 4722 2078 4794 qui
2107 4736 2227 4778 cum
2253 4716 2457 4775 unitate
2477 4718 2499 4752 ³
2528 4719 2694 4790 partis
2718 4718 2906 4798 Donati
2934 4718 3092 4798 etiam
3122 4693 3350 4774 concor-

1770 4801 1910 4874 diam
1957 4815 2338 4886 sacrilegorum
2382 4812 2752 4890 damnatorum
2808 4793 2988 4865 tenere
3019 4793 3350 4878 voluerunt,

1771 4919 1956 4967 contra
1977 4908 2232 4963 unitatem
2253 4904 2452 4960 Christi
2476 4911 2618 4959 tanta
2647 4901 2850 4957 insania
2877 4901 3197 4958 rebellatur?
3218 4901 3353 4972 Quid

1773 5002 1946 5059 adhuc
1969 4999 2270 5071 Baptismus
2289 4981 2508 5062 Christi,
2532 4995 2688 5050 etiam
2711 4991 2766 5047 in
2788 4993 3043 5064 sacrilego
3069 4994 3356 5049 schismate

1773 5092 2116 5151 veneratione
2137 5089 2314 5145 debita
2335 5087 2600 5159 cognitus,
2625 5085 2676 5139 in
2708 5093 2783 5138 tot
2812 5085 3084 5140 catholicis
3110 5087 3354 5156 gentibus

1775 5186 1936 5255 impia
1965 5181 2380 5256 praesumptione
2405 5179 2672 5250 respuitur
2692 5218 2706 5242 ,
2753 5177 3004 5249 sacrilega
3042 5166 3357 5249 repetitione

1777 5276 2046 5334 violatur?
2497 5271 2500 5274 ’
2941 5271 2944 5274 ’

1849 5366 2077 5425 CAPUT
2126 5363 2260 5421 XLI.
2299 5393 2371 5404 ——
2406 5362 2496 5419 48.
2536 5361 2671 5418 Nolo
2713 5378 2952 5432 qumrere
2999 5371 3194 5433 quanto
3245 5370 3361 5430 post

1784 5464 1940 5535 hujus
1970 5458 2338 5532 postulationis
2364 5456 2504 5512 diem
2526 5499 2541 5525 ,
2576 5471 2678 5527 qua
2709 5455 3006 5511 Felicisnus
3047 5463 3098 5509 et
3129 5454 3357 5508 Ρτιιςιθκ-

1847 5672 1861 5700 t
1889 5673 2048 5730 Forte,
2073 5659 2409 5730 pruzstitutum.

1847 5735 1865 5765 ι
1891 5715 1964 5781 ita
1996 5715 2105 5777 Mss.
2153 5731 2207 5773 At
2247 5721 2392 5778 editi,
2427 5719 2517 5782 qui
2541 5715 2757 5770 omnibus
2792 5716 2934 5767 datus
2955 5719 3039 5766 est.

1849 5796 1869 5827 ³
1888 5793 2054 5842 Plures
2077 5796 2207 5845 Mss,
2226 5783 2309 5848 qui
2330 5781 2628 5848 prouttitate.

1852 5857 1924 5920 (a)
1946 5862 2111 5919 Supra,
2139 5844 2224 5901 lib.
2240 5844 2288 5911 3,
2307 5844 2357 5896 τι.
2382 5844 2458 5897 62.
