3784 6178
417 273 526 334 575
1211 263 1483 324 CONTRA
1509 254 1942 321 CRESCONIUM
1980 251 2436 327 DONATISTAM,
2480 258 2539 317 S.
2569 259 2939 320 AUGUSTINI
3645 273 3760 329 ετξ

419 395 562 445 tatus
587 382 783 443 Titiani
807 381 1052 440 advocati
1075 379 1253 438 verbis
1274 387 1379 436 tam
1401 377 1633 452 graviter
1659 381 1998 440 accusantur,

420 479 476 537 in
498 485 728 533 vestram
757 473 1184 531 communionem
1211 471 1414 542 recepti
1452 478 1596 526 sunt.
1628 468 1837 526 Sufﬁcit
1863 465 2005 538 quod

423 569 610 625 eadem
659 565 948 639 postulatio
995 574 1142 622 tanto
1179 574 1299 637 post
1327 564 1490 622 linem
1521 563 1834 636 praastitutaz
1864 562 2005 619 illius

421 658 688 716 dilationis
714 700 729 724 ,
766 672 860 714 eos
896 672 929 714 a
969 665 1148 714 vestra
1190 657 1568 713 communione
1609 663 1922 728 separatos,
1951 655 2005 710 in

421 749 726 807 Maximiani
769 749 1059 807 schismate
1105 749 1267 807 fuisse
1305 749 1612 817 convincit,
1654 762 1792 820 quos
1821 754 2006 819 postea

421 841 699 913 recepiStis
723 883 738 910 ,
768 856 994 913 quorum
1019 840 1254 898 honores
1279 840 1420 896 nulla
1449 856 1514 898 ex
1539 849 1690 912 parte
1713 838 2002 906 minuistis,

417 950 448 990 a
475 935 666 1006 quibus
679 934 860 993 datum
882 935 1123 1008 quamvis
1139 935 1192 991 in
1222 934 1482 1007 sacrilego
1510 933 1799 990 schismate
1825 931 2007 1002 Bapti-

417 1044 614 1097 smum,
659 1030 795 1087 sicut
837 1045 1022 1087 revera
1044 1028 1336 1086 timendum
1357 1027 1474 1094 fuit,
1497 1025 1802 1084 rescindere
1828 1025 2006 1081 timui-

421 1123 540 1178 stis.
569 1121 834 1194 Numquid
869 1121 980 1192 jam
1007 1122 1060 1177 in
1090 1120 1190 1178 hac
1214 1135 1373 1177 causa
1399 1133 1459 1174 se
1487 1126 1670 1174 contra
1698 1133 1797 1174 nos
1827 1117 2005 1190 lingua

421 1217 706 1289 cujuslibet
730 1216 1136 1288 pertinacissimi
1162 1221 1543 1280 commoveret,
1573 1213 1617 1269 si
1644 1228 1702 1270 se
1725 1212 1928 1289 moveri
1952 1212 2005 1268 in

425 1285 662 1364 hominis
687 1285 781 1364 ore
807 1349 824 1376 ,
852 1315 906 1364 et
934 1305 1034 1364 sub
1061 1305 1291 1362 hominis
1319 1304 1495 1361 fronte
1525 1302 1748 1361 sentiret
1767 1303 1790 1356 ?
1807 1285 2006 1358 'Erravi
2058 1339 2060 1342 μ

422 1400 583 1473 plane
606 1442 622 1468 ,
653 1399 821 1456 fateor
843 1441 859 1468 ,
889 1414 955 1455 eo
997 1397 1140 1470 quod
1181 1398 1233 1453 in
1275 1397 1381 1452 illis
1416 1396 1606 1452 litteris
1645 1395 1795 1466 posui
1822 1394 1890 1451 de
1915 1393 2004 1450 illa

423 1491 732 1564 Bagaiensis
773 1490 984 1547 concilii
1027 1488 1330 1558 sententia,
1378 1487 1626 1560 quoniam
1670 1486 1779 1543 dixi
1821 1504 1834 1541 :
1880 1486 2004 1541 Cum

422 1586 567 1657 apud
589 1601 671 1641 eos
691 1583 1003 1639 decernenda
1023 1583 1230 1638 recitata
1255 1591 1348 1646 est,
1371 1598 1457 1637 ore
1484 1581 1727 1636 latissimo
1748 1580 2004 1637 acclama-

420 1687 597 1734 verunt
613 1693 635 1742 ;
655 1694 786 1733 nunc
811 1687 977 1732 autem
1007 1693 1124 1731 cum
1151 1693 1183 1731 α
1209 1677 1355 1731 nobis
1377 1676 1589 1730 recitata
1614 1675 1800 1748 fuerit,
1831 1675 2006 1730 obmu-o

419 1777 617 1825 texunt
642 1768 829 1840 (Lib.I
861 1768 1266 1824 cantraLilteras
1296 1766 1558 1837 Petiliani,
1588 1786 1640 1824 η.
1670 1768 1781 1839 Il).
1805 1767 2003 1824 Verum

421 1870 506 1919 est
534 1862 674 1933 quod
704 1861 885 1918 dixisti
910 1904 925 1928 ,
956 1860 1089 1917 Ecce
1113 1878 1213 1916 non
1249 1861 1592 1917 obmutescunt
1626 1877 1644 1916 :
1683 1861 2005 1918 verecundia

418 1953 615 2025 quippe
640 1954 694 2010 in
719 1953 881 2010 rebus
909 1962 1016 2010 tam
1043 1952 1359 2021 manifestis,
1389 1954 1474 2010 vel
1502 1953 1662 2010 etiam
1688 1954 1800 2025 ipsa
1830 1955 2004 2025 impu-

422 2047 602 2104 dentia
625 2047 996 2105 obmutescere
1015 2055 1214 2119 potest,
1244 2048 1449 2103 insania
1478 2063 1583 2104 non
1607 2056 1799 2118 potest.
1824 2047 2006 2119 Neque

426 2140 528 2198 hoc
563 2141 762 2197 dictum
800 2141 868 2198 de
907 2150 960 2198 te
997 2141 1229 2212 accipias
1258 2159 1271 2194 :
1304 2141 1396 2212 qui
1425 2141 1526 2198 tuis
1564 2142 1828 2214 episcopis
1855 2158 2006 2199 men-

422 2232 675 2290 tientibus
705 2232 998 2301 credidisti,
1021 2248 1121 2289 nec
1139 2232 1207 2288 de
1228 2232 1334 2288 illis
1354 2231 1602 2288 omnibus
1626 2248 1641 2298 ;
1670 2247 1842 2303 neque
1861 2233 2003 2289 enim

422 2338 614 2380 omnes
652 2323 719 2379 de
756 2322 856 2379 hac
894 2337 955 2379 re
991 2333 1264 2394 permotus
1293 2323 1576 2380 consulere
1615 2324 1832 2393 potuisti
1864 2341 1879 2380 :
1911 2323 2004 2380 sed

422 2418 492 2473 de
520 2417 583 2472 iis
606 2417 695 2488 qui
721 2431 842 2472 cum
883 2416 1082 2472 scirent
1117 2424 1314 2487 quanta
1339 2424 1393 2471 et
1416 2414 1627 2486 quando
1650 2423 1834 2471 contra
1861 2416 2000 2471 Prte-

422 2516 678 2565 textatum
709 2515 764 2563 et
792 2506 1117 2562 Felicianum
1147 2507 1288 2578 apud
1313 2507 1521 2580 iudices
1547 2517 1698 2580 gesta
1726 2517 1870 2576 sunt,
1904 2509 2006 2566 hoc

418 2598 560 2670 quod
609 2597 714 2654 tuis
755 2598 1026 2654 inseruisti
1070 2597 1260 2655 litteris
1284 2639 1299 2666 ,
1330 2599 1423 2655 tibi
1465 2599 1582 2655 ausi
1620 2609 1744 2654 sunt
1783 2599 1962 2656 dicere
1985 2641 2002 2667 ,

419 2689 561 2760 quod
604 2697 726 2744 ante
770 2689 910 2746 diem
955 2691 1264 2760 praestituta:
1302 2689 1572 2747 dilationis
1614 2690 1913 2747 Felieianus
1951 2699 2006 2748 et

421 2781 774 2837 Praetextatus
802 2791 995 2868 vestra:
1019 2783 1380 2838 communioni
1408 2783 1670 2850 restituti,
1699 2791 2006 2854 perempto-

419 2872 500 2928 ria
541 2873 805 2928 sententia
845 2889 948 2928 non
990 2869 1300 2930 ten'erentur
1337 2873 1598 2930 obstricti.
1627 2874 1733 2929 Aut
1755 2875 1798 2929 si
1825 2883 1880 2930 et
1902 2874 2002 2944 ipsi

419 2964 560 3021 forte
587 2965 686 3022 ista
714 2968 1054 3031 nescierunt,
1082 2981 1222 3022 nunc
1255 2967 1443 3024 saltem
1475 2982 1596 3023 cum
1641 2971 1756 3024 haec
1794 2967 1999 3038 legitis,

425 3067 597 3118 taceat
617 3057 960 3124 verecundia,
989 3067 1161 3114 taceat
1188 3067 1244 3116 et
1268 3059 1380 3130 ipsa
1407 3059 1805 3131 qualiscumque
1829 3059 2002 3114 homi-

422 3154 506 3211 nis
546 3162 630 3210 est
667 3150 1031 3225 impudentia:
1065 3152 1178 3208 sola
1215 3162 1362 3207 certe
1397 3168 1516 3224 qua:
1551 3162 1735 3208 contra
1765 3161 1868 3208 tam
1897 3152 2008 3210 evi-

421 3244 638 3301 dentem
664 3245 938 3301 veritatem
969 3243 1185 3312 ciamat,
1218 3244 1424 3300 insania
1451 3244 1813 3316 relinquatur;
1841 3254 1894 3301 et
1915 3245 2004 3302 illa

418 3338 522 3392 crit
541 3337 779 3393 fortassis
805 3338 1079 3405 sanabilis,
1109 3339 1153 3395 si
1177 3345 1547 3412 compescatur
1571 3351 1601 3391 a
1631 3337 1794 3392 sanis.

487 3428 713 3485 CAPUT
738 3429 897 3485 XLII.
921 3461 992 3470 -
1013 3430 1102 3486 49.
1133 3429 1285 3487 Nunc
1308 3432 1430 3488 vide
1465 3429 1912 3504 quemadmodum
1937 3430 2004 3487 de

417 3534 506 3575 mc
547 3519 747 3576 dixeris
768 3561 783 3587 ,
817 3519 980 3576 Testis
1006 3522 1225 3577 mendax
1254 3539 1357 3578 non
1402 3524 1495 3579 erit
1534 3525 1814 3596 impunitus
1838 3544 1858 3582 :
1882 3543 2002 3584 cum

415 3620 630 3684 putares
653 3627 739 3668 me
765 3613 817 3667 in
842 3612 942 3669 hac
963 3613 1455 3672 Maximianensium
1478 3629 1637 3672 causa
1668 3617 1828 3675 fuisse
1851 3635 2002 3676 men-

415 3704 592 3759 titum.
616 3704 728 3774 Ego
752 3704 846 3759 tibi
877 3704 978 3760 hoc
1004 3721 1109 3760 non
1135 3721 1338 3776 repono
1362 3724 1374 3760 :
1401 3710 1598 3778 quippe
1629 3709 1768 3766 forte
1792 3711 2004 3767 locutus

419 3809 480 3850 cs
506 3794 649 3866 quod
675 3795 884 3850 incauta
913 3797 1147 3852 amicitia
1177 3799 1484 3868 credidisti,
1517 3816 1625 3855 non
1655 3802 1796 3872 quod
1831 3802 2001 3858 fallaci

419 3885 583 3940 corde
610 3885 826 3941 tinxisti.
859 3885 1114 3943 Homines
1141 3903 1324 3944 sumus
1352 3906 1366 3944 :
1399 3904 1501 3960 qua
1537 3891 1750 3947 tandem
1783 3893 2004 3963 vigilan-

418 3977 492 4034 tia
519 3976 732 4034 efficere
775 3993 1056 4049 possumus
1075 4020 1090 4047 ,
1123 3989 1182 4037 ut
1209 3982 1294 4038 vel
1324 3982 1592 4052 putando,
1623 3985 1708 4040 vel
1738 3985 2004 4057 loquendo

415 4069 469 4126 in
517 4069 694 4142 aliquo
731 4086 837 4128 non
875 4072 1158 4130 labamur?
1185 4074 1289 4132 Sed
1315 4084 1497 4132 contra
1525 4077 1842 4135 medicinam
1878 4093 2001 4137 cor-

415 4161 667 4218 rectionis
695 4162 1075 4221 obsurdescere
1104 4181 1209 4222 non
1236 4166 1512 4224 debemus.

484 4255 712 4314 CAPUT
749 4255 927 4314 XLIII.
948 4259 1122 4316 —50.
1149 4259 1299 4316 Nunc
1334 4261 1550 4319 attende
1582 4271 1834 4334 quantam
1871 4263 2002 4319 mihi

414 4347 644 4404 etiamin
665 4350 872 4406 caeteris
902 4351 1136 4421 partibus
1162 4353 1402 4424 epistolae
1420 4362 1523 4409 tuae
1541 4369 1700 4411 causa
1715 4355 1814 4410 ista
1829 4355 2000 4412 Maxi-

413 4441 765 4498 mianensium
804 4443 1038 4514 praebeat
1079 4445 1436 4515 respondendi
1477 4445 1801 4505 facilitatem.
1829 4448 1999 4517 Quid-

412 4534 540 4605 quid
580 4533 650 4590 de
677 4534 1021 4592 traditoribus
1054 4537 1201 4593 velut
1229 4539 1424 4594 nostris
1454 4537 1736 4595 dicendum
1777 4541 1994 4612 putasti,

414 4643 717 4700 quanquam
746 4629 906 4685 vestri
927 4629 1103 4702 potius
1128 4631 1230 4687 hoc
1244 4631 1433 4688 fecisse
1447 4630 1758 4700 doceantur,
1778 4633 1919 4705 quod
1945 4643 2000 4692 et

412 4717 466 4772 in
485 4719 575 4774 illo
594 4719 750 4774 trium
773 4719 1102 4775 voluminum
1121 4735 1285 4791 opere
1304 4721 1433 4778 satis
1450 4737 1714 4794 superque
1734 4733 2000 4782 monstra-

411 4809 497 4864 vi:
525 4810 645 4867 vide
667 4819 844 4868 tamen
864 4853 879 4880 ,
905 4819 959 4868 et
982 4812 1266 4882 responde,
1295 4813 1340 4868 si
1365 4821 1538 4884 potes,
1558 4823 1738 4872 utrum
1765 4816 1865 4873 hoc
1891 4817 1997 4873 cri-

411 4918 554 4967 men,
585 4906 942 4974 quorumlibet
982 4904 1160 4972 fuerit,
1197 4906 1436 4977 polluere
1460 4909 1692 4978 potuerit
1717 4909 1771 4964 in
1796 4910 1997 4966 unitate

411 5001 488 5048 tot
515 4995 750 5066 gentium
773 4996 1105 5054 Christianos
1129 5039 1145 5065 ,
1173 4998 1257 5054 vel
1281 4999 1439 5071 longe
1467 5001 1854 5057 remotissimos
1874 5042 1888 5067 ,
1911 5003 1996 5058 vel

409 5088 568 5159 longe
599 5099 872 5159 posteros;
904 5092 948 5146 si
974 5093 1174 5149 crimen
1197 5093 1442 5164 sacrilegi
1471 5094 1672 5150 surculi
1691 5094 1993 5152 Maximiani

410 5181 680 5237 maculare
706 5197 810 5238 non
843 5184 1012 5254 potuit
1041 5186 1126 5242 vel
1154 5186 1331 5243 socios
1356 5185 1514 5243 Afros
1533 5229 1549 5254 ,
1577 5187 1770 5258 quibus
1806 5187 1994 5246 dantes

410 5273 718 5329 dilationem
748 5276 967 5331 trecenti
990 5284 1045 5332 et
1062 5276 1248 5334 decem
1270 5278 1508 5352 episc0pi
1534 5279 1695 5335 vestri
1721 5279 1989 5348 dixerunt,

413 5365 550 5431 Quos
575 5365 811 5438 sacrilegi
840 5369 1030 5423 surculi
1071 5386 1172 5424 non
1213 5370 1441 5440 polluere
1467 5371 1754 5443 plantaria,
1785 5374 1867 5428 vel
1896 5388 1991 5431 vos

408 5457 418 5510 i
430 5472 554 5527 psus
573 5499 588 5522 ,
620 5458 708 5529 qui
740 5472 844 5514 non
872 5459 1042 5516 solum
1083 5461 1213 5518 istos
1238 5477 1372 5534 quos
1409 5464 1718 5521 innocentes
1745 5463 1986 5530 dixistis,

407 5565 589 5605 verum
621 5551 781 5607 etiam
825 5553 876 5607 in
923 5552 1011 5609 illo
1041 5553 1320 5626 sacrilegio
1359 5554 1468 5626 jam
1497 5554 1777 5613 damnatos
1797 5597 1810 5623 ,
1843 5564 1987 5612 tanta

408 5643 692 5699 concordia
720 5647 1046 5717 suscepistis.

475 5734 562 5792 5i.
595 5735 757 5806 Dicis,
787 5737 1145 5801 Orientalibus
1174 5746 1298 5796 nota
1325 5738 1486 5800 fuisse
1514 5741 1738 5799 crimina
1767 5741 1988 5806 tradito-

2116 385 2270 438 rum,
2297 372 2512 443 quando
2554 375 2646 432 tibi
2675 376 2804 433 Afro
2833 377 3327 439 Maximianeusium
3367 384 3653 443 schisma
3705 390 3781 446 in‘

2112 459 2310 520 Africae
2353 466 2527 537 capite
2569 469 2952 540 commissum,
2982 481 3266 546 antequam
3305 493 3466 535 meas
3516 480 3781 538 litteras.

2112 551 2295 625 legens
2320 555 2471 612 valde
2509 568 2780 629 permotus
2798 563 3107 620 consuleres
3150 567 3438 640 episcopos
3483 577 3782 640 vestros,‘

2114 645 2441 718 incognitum
2483 647 2615 719 fuit,
2653 659 2707 707 et
2735 666 2856 708 cum
2887 655 3274 727 consuluisses,
3303 675 3507 716 verum
3551 663 3646 718 ab
3678 665 3758 720 eis

2111 738 2297 795 audire
2340 740 2560 798 minime
2587 731 2851 815 potuisti!
2881 745 3026 814 Quos
3055 757 3200 806 certe
3241 752 3286 807 si
3315 751 3594 811 defendis
3627 797 3647 822 ,
3687 773 3758 813 ne

2111 828 2256 887 dicas
2288 834 2538 891 mentitos
2563 877 2578 904 ,
2608 837 2859 894 concedis
2885 838 3135 911 ignaros:
3163 853 3218 900 et
3259 854 3440 903 tamen
3490 863 3616 905 nec
3649 864 3758 904 nos

2111 938 2212 979 nec
2238 922 2469 982 Orientis
2499 936 2554 983 et
2580 927 2882 987 Occidentis
2914 940 2992 990 tot
3027 942 3308 1008 tantosque
3347 943 3606 1013 populos
3641 945 3758 999 sat-

2112 1023 2220 1072 tem
2267 1020 2475 1075 nescire
2521 1022 2782 1091 permittis
2833 1039 3050 1082 causam
3100 1027 3400 1100 Caeciliani;
3449 1049 3601 1091 cum
3658 1037 3755 1092 isti

2110 1110 2351 1166 nesciant
2378 1111 2692 1170 Praetextati
2717 1124 2773 1172 et
2797 1116 3050 1176 Feliciani
3073 1163 3088 1189 ,
3119 1137 3253 1193 quos
3279 1128 3516 1182 trecenti
3545 1137 3615 1184 et
3649 1129 3752 1186 de

2109 1214 2249 1269 cem,
2283 1202 2383 1259 hoc
2408 1211 2510 1273 est,
2539 1215 2630 1262 aut
2659 1221 2881 1278 omnes,
2923 1220 3015 1267 aut
3043 1228 3208 1284 prope
3245 1230 3438 1275 omnes
3471 1221 3749 1293 episcopi

2110 1294 2276 1364 partis
2308 1294 2496 1351 Donati
2519 1295 2634 1353 Afri
2659 1297 2818 1356 Afros
2843 1301 2898 1356 in
2927 1303 3102 1361 Africa
3129 1305 3574 1377 damnaverunt,
3617 1313 3749 1369 Afri

2109 1385 2268 1444 Afros
2292 1388 2346 1443 in
2375 1389 2554 1446 Africa
2582 1395 2966 1464 susceperunt!

2181 1478 2406 1537 CAPUT
2442 1482 2628 1540 XLIV.
2655 1514 2727 1526 —-
2746 1485 2835 1543 52.
2859 1487 3055 1546 lnseris
3077 1493 3394 1565 principium
3417 1497 3746 1558 Sardicen-

2111 1571 2185 1628 sis
2221 1573 2468 1641 concilii,
2509 1575 2652 1632 unde
2693 1579 2924 1648 probare
2963 1584 3174 1640 conaris
3215 1587 3360 1657 quod
3399 1588 3745 1650 Orientales
3780 1615 3781 1622 η

2111 1663 2348 1734 episcopi
2391 1667 2605 1738 cognito
2651 1669 2877 1728 crimine
2927 1673 3278 1744 traditorum,
3327 1680 3473 1750 parti
3519 1681 3739 1740 Donati

2111 1755 2620 1814 communicaverint
2642 1775 2657 1826 ;
2682 1758 2783 1817 hoc
2803 1777 2911 1818 uno
2931 1779 3124 1836 magno
3139 1768 3339 1826 scilicet
3352 1771 3737 1845 documento,

2111 1845 2251 1914 quod
2278 1846 2420 1903 inter
2449 1849 2738 1922 episcopos
2766 1855 2956 1925 quibus
2983 1859 3254 1928 scribunt,
3285 1862 3483 1921 Donati
3513 1883 3737 1926 nomen

2111 1935 2382 2028 inventum
2425 1952 2525 1996 est.
2565 1943 2678 2000 Nec
2720 1954 2901 2003 tamen
2943 1949 3014 2005 ibi
3053 1952 3254 2024 aliquid
3284 1955 3482 2028 legitur
3519 1976 3632 2018 eos
3664 1963 3740 2020 de

2110 2026 2251 2083 Afris
2266 2029 2605 2090 traditoribus
2617 2037 2949 2108 cognovisse.
2969 2039 3122 2108 Quod
3153 2026 3366 2115 quidem
3387 2052 3736 2124 concilium,

2111 2137 2178 2176 ne
2216 2131 2268 2178 te
2301 2124 2489 2193 lateat,
2524 2127 2843 2186 Arianorum
2875 2141 2988 2199 est,
3019 2150 3153 2205 quos
3176 2137 3285 2206 jam
3315 2147 3373 2194 tu
3402 2141 3550 2199 inter
3576 2146 3738 2202 alios

2111 2212 2392 2271 hmretieos
2435 2220 2718 2276 nominasti
2749 2241 2762 2276 :
2791 2239 2891 2280 nec
2931 2225 3124 2282 additis
3151 2229 3423 2288 civitatum
3466 2238 3739 2296 nomini~

2111 2306 2209 2362 bus
2236 2307 2338 2380 legi
2365 2310 2532 2380 solet,
2566 2313 2689 2381 quia
2723 2329 2824 2371 nec
2858 2315 2972 2386 ipse
2999 2334 3116 2374 mos
3142 2329 3224 2377 est
3262 2323 3688 2387 ecclesiasticus
3711 2373 3729 2398 ,

2109 2402 2322 2470 quando
2350 2403 2584 2474 episcopi
2613 2406 2879 2478 episcopis
2921 2411 3162 2466 scribunt
3205 2416 3508 2483 epistolam.
3555 2419 3730 2478 Unde

2111 2492 2291 2548 nescio
2315 2494 2435 2564 quis
2463 2494 2563 2551 iste
2592 2495 2827 2554 Donatus
2851 2540 2866 2565 ,
2895 2500 3062 2557 miror
3089 2502 3134 2557 si
3164 2516 3269 2559 non
3301 2505 3356 2561 in
3381 2510 3586 2567 vestris
3629 2513 3728 2569 lit-

2111 2585 2240 2641 te‘ris
2281 2585 2715 2660 Carthaginensis
2747 2590 2919 2650 factus
2953 2603 3070 2650 est:
3098 2612 3399 2670 quanquam
3429 2607 3728 2673 potuerint

2110 2675 2186 2730 illi
2216 2685 2322 2732 tam
2355 2679 2658 2752 longinquis
2687 2683 2843 2740 terris
2884 2684 2952 2740 ab
2979 2685 3157 2743 Africa
3183 2693 3452 2761 separati,
3487 2709 3561 2751 co
3588 2698 3725 2768 ipso
3780 2733 3781 2740 η

2112 2777 2350 2841 tempore
2393 2789 2500 2845 quo
2543 2776 2779 2833 scribere
2822 2779 3106 2847 volebant,
3142 2783 3414 2854 requirere
3450 2788 3719 2858 quisnam

2109 2863 2388 2934 episcopus
2412 2875 2555 2922 esset
2569 2866 2925 2940 Carthaginis.
2943 2870 3144 2928 Omitto
3164 2873 3306 2929 enim
3331 2874 3536 2946 dicere,
3560 2881 3718 2952 quod

2109 2954 2335 3013 fortasse
2362 2956 2662 3016 Orientales
2686 2960 2954 3018 haereticis
2978 2964 2993 2994 ί
3017 2963 3197 3036 aliquo
3223 2967 3380 3023 modo
3402 2985 3462 3025 se
3488 2972 3719 3031 sociare

2111 3059 2462 3110 tentaverant.
2491 3053 2598 3109 Sed
2627 3063 2702 3120 tu,
2730 3055 2892 3112 homo
2916 3056 3152 3128 prudens
3175 3101 3189 3126 ,
3221 3074 3342 3116 cum
3371 3063 3547 3121 velles
3579 3068 3710 3123 sol-

2109 3157 2235 3199 vere
2277 3145 2623 3214 qumstionem
2648 3187 2664 3214 ,
2695 3160 2817 3201 cum
2863 3147 2955 3202 tibi
2994 3149 3097 3204 dici
3144 3162 3360 3222 posset,
3387 3154 3447 3210 Si
3481 3155 3604 3214 haec
3631 3159 3716 3216 ita

2109 3241 2262 3302 sunt,
2295 3242 2353 3289 ut
2377 3233 2676 3292 Orientales
2711 3237 3008 3294 scriberent
3034 3239 3101 3295 ad
3132 3241 3390 3299 Donatum
3422 3257 3671 3306 vestrum
3691 3293 3711 3318 ,
3780 3253 3781 3322 ξ

2109 3325 2559 3396 quemadmodum
2601 3342 2634 3382 a
2670 3330 3043 3386 communione
3071 3342 3369 3390 vestrorum
3397 3337 3713 3400 Orientales
3780 3323 3781 3326 η

2108 3427 2295 3490 postea
2321 3419 2604 3492 disgregati
2629 3423 2790 3478 sunt?
2811 3424 3136 3495 respondisti
3163 3437 3217 3482 et
3241 3428 3447 3498 dixisti,
3480 3432 3620 3502 Quia
3643 3438 3707 3493 in

2108 3511 2412 3590 mcipimdis
2435 3512 2615 3568 iterum
2636 3517 2810 3571 vestris
2835 3516 3090 3573 damnata:
3111 3535 3279 3576 causa:
3296 3539 3397 3577 non
3426 3536 3708 3594 potam

2106 3624 2306 3664 servare
2332 3605 2687 3666 constantiam.
2729 3607 2799 3662 Et
2843 3609 3088 3682 scriptum
3121 3623 3193 3668 est
3215 3655 3233 3684 ,
3268 3633 3288 3668 t
3331 3616 3431 3682 Qui
3457 3621 3705 3698 jungitur

2109 3700 2426 3771 [amicat-ire,
2454 3720 2613 3758 unum
2637 3720 2820 3776 corpus
2853 3712 2924 3761 est
2951 3700 2971 3780 (
2988 3699 3008 3763 I
3026 3701 3146 3764 Car.
3169 3719 3252 3779 Vt,
3278 3709 3345 3768 i6
3369 3714 3407 3784 ).
3440 3715 3539 3772 Ubi
3594 3735 3701 3776 ve-

2107 3799 2248 3846 stros
2276 3808 2417 3848 nunc
2444 3794 2696 3850 atrociter
2737 3800 2997 3854 accusasti
3023 3843 3037 3865 ,
3069 3802 3114 3856 si
3145 3802 3199 3858 in
3229 3819 3385 3861 causa
3420 3808 3694 3869 Maximia-

2109 3882 2351 3939 nensium
2395 3900 2501 3940 non
2541 3894 2825 3956 potuerunt
2868 3904 3085 3948 servare
3111 3899 3492 3966 constantiam,
3527 3919 3697 3962 exse-

2108 3977 2383 4034 crabiliter
2406 3979 2708 4037 damnando
2746 3984 3066 4057 sacrilegos,
3109 3987 3485 4048 honorabiliter
3519 3999 3694 4054 susci-

2108 4070 2304 4141 piendo
2331 4071 2629 4130 damnatos.
2658 4073 2790 4131 Illud
2815 4075 2957 4132 enim
2987 4079 3053 4134 de
3079 4079 3440 4140 Orientalibus
3474 4090 3692 4147 omnino

2108 4181 2214 4220 non
2245 4167 2473 4236 probas;
2504 4166 2607 4224 hoc
2634 4167 2702 4225 de
2729 4171 2919 4226 vestris
2943 4172 3096 4228 audis
3124 4183 3179 4229 et
3207 4175 3341 4247 legis
3360 4219 3376 4244 ,
3402 4187 3457 4234 et
3475 4183 3646 4238 cernis
3663 4225 3681 4251 ,

2107 4266 2162 4315 et
2184 4257 2408 4329 iudicas.

2177 4348 2404 4406 CAPUT
2428 4350 2591 4406 XLV.
2612 4381 2683 4392 —
2705 4353 2794 4408 53.
2831 4351 2996 4410 Jubes
3035 4371 3124 4413 me
3168 4358 3467 4431 relinquere
3502 4363 3684 4423 Eccle-

2106 4441 2240 4498 siam
2265 4442 2600 4511 traditorum,
2628 4461 2763 4516 quos
2789 4461 2889 4502 nec
2910 4462 3008 4504 vos
3033 4449 3170 4521 apud
3199 4467 3318 4520 nos,
3341 4470 3442 4512 nec
3459 4459 3682 4529 majores

2106 4538 2268 4593 vestri
2293 4537 2433 4608 apud
2463 4539 2692 4610 majores
2731 4549 2981 4609 nostros,
3009 4543 3328 4602 convincere
3365 4561 3429 4604 ac
3463 4549 3679 4609 demon-

2106 4637 2277 4685 strare
2297 4637 2614 4700 potuerunt:
2640 4647 2776 4704 quos
2801 4648 2943 4688 nunc
2965 4633 3009 4689 si
3035 4631 3479 4710 demonstrasses,
3500 4659 3676 4703 eorum

2104 4720 2305 4777 facinus
2346 4722 2653 4794 crimenque
2698 4724 3044 4793 damnaretn;
3087 4744 3194 4784 non
3235 4742 3452 4803 propter
3486 4750 3576 4792 eos
3604 4747 3678 4796 tot

2103 4811 2338 4883 gentium
2361 4854 2377 4879 ,
2419 4814 2611 4884 quibus
2635 4815 2799 4888 ignoti
2832 4825 2991 4886 sunt,
3019 4819 3338 4880 catholicam
3377 4827 3674 4888 societatem

2102 4903 2426 4960 desererem.
2456 4907 2562 4963 Sed
2588 4907 2709 4964 vide
2729 4925 2832 4980 qua
2861 4913 3286 4972 consideratione
3308 4918 3449 4975 nolis
3466 4920 3522 4975 in
3534 4937 3672 4980 com-

2103 4997 2356 5054 munione
2381 5008 2564 5056 nostra
2593 5016 2776 5057 eorum
2818 5015 3150 5063 mortuorum
3180 5012 3490 5069 memoriam
3529 5016 3666 5086 ﬁeri,

2102 5107 2328 5164 quorum
2354 5093 2490 5152 facta
2519 5111 2626 5153 non
2655 5098 2922 5166 novimus,
2951 5116 3176 5172 quorum
3203 5105 3361 5161 etiam
3389 5106 3572 5166 bonam
3594 5111 3668 5168 in-

2102 5195 2183 5242 ter
2219 5201 2345 5243 suos
2381 5187 2576 5244 famam
2614 5192 2941 5261 posteritatis
2981 5195 3322 5252 successione
3361 5198 3663 5259 didicimus:

2100 5295 2218 5336 cum
2266 5280 2319 5336 in
2370 5289 2543 5338 vestra
2587 5286 2962 5341 communione
3006 5287 3122 5343 sine
3166 5288 3272 5343 ulla
3307 5290 3663 5362 degradationc

2098 5371 2310 5438 vivant,
2356 5387 2581 5443 quorum
2626 5375 2765 5430 mala
2814 5375 3084 5446 sensistis,
3132 5393 3358 5449 quorum
3407 5383 3660 5456 sacrilegia

2097 5463 2511 5520 condemnastis.

2169 5555 2257 5611 54.
2291 5555 2470 5614 Audes
2490 5558 2619 5614 mihi
2639 5560 2837 5630 dicere,
2867 5561 3028 5618 homo
3048 5563 3299 5635 prudens,
3328 5564 3431 5623 Ille
3457 5571 3534 5642 qui
3559 5579 3656 5625 tra-

2159 5690 2176 5720 ¹
2419 5699 2521 5756 Mss.
2548 5707 2652 5756 pro,
2698 5693 2938 5746 haereticis
2956 5730 2971 5756 ,
2993 5694 3195 5756 habent,
3238 5697 3654 5754 hmretici.Utrom-

2093 5763 2193 5820 que
2210 5751 2402 5806 videtur
2423 5751 2575 5820 hicat]
2605 5751 2862 5810 sententia:
2885 5751 3215 5821 integritatem
3237 5751 3568 5830 necessarium.
