3778 6124
15 201 112 262 577

18 319 176 382 didit,
215 322 266 369 te
290 309 516 378 creavit;
552 307 798 366 nesciens
825 307 976 364 illum
1014 317 1136 362 esse
1175 309 1473 359 creatorem
1516 312 1617 355 no-

17 418 179 464 strum
211 407 267 462 in
300 419 368 461 eo
393 402 535 474 quod
561 400 838 458 christiani
868 412 1054 456 sumus
1078 438 1093 467 ,
1138 395 1233 468 qui
1281 401 1365 450 est
1408 400 1619 449 creator

25 509 202 558 noster
224 499 282 555 in
307 513 374 555 eo
393 496 536 568 quod
566 495 812 552 homines
833 507 1053 551 sumus:
1078 487 1320 562 quamvis
1345 501 1445 542 nec
1466 486 1616 541 illum

19 611 168 669 quem
198 604 366 666 putas
391 601 689 649 creatorem
716 605 896 647 meum
918 631 932 657 ,
961 589 1028 645 de
1055 585 1342 643 traditione
1366 583 1616 640 convice-

25 690 115 745 ris.
149 689 266 760 Ego
293 696 473 742 autem
503 699 612 741 non
641 681 878 755 rependo
905 681 1005 739 tibi
1033 679 1174 736 hanc
1203 677 1482 750 injuriam;
1516 689 1618 731 nec

23 789 199 848 tuum,
250 794 358 836 nec
399 777 668 846 ﬁliorum,
707 775 793 832 vel
834 782 1119 846 nepotum,
1146 778 1238 828 aut
1263 776 1616 842 pronepotum

23 885 233 932 tuorum
258 915 276 943 ,
311 873 359 930 si
388 873 442 929 in
471 881 625 944 parte
650 869 841 928 Donati
873 867 1108 934 fuerint,
1139 865 1469 922 Felicianum
1497 861 1618 918 dico

23 978 343 1028 creatorem.
391 967 658 1032 Tantum,
709 965 832 1037 quia
884 961 1190 1035 permittis,
1237 959 1501 1016 admoneo
1549 971 1620 1012 ne

22 1072 224 1120 creator
254 1047 386 1117 tuus
414 1069 534 1131 post
559 1073 756 1114 nomen
790 1055 1024 1111 hominis
1055 1052 1216 1125 impia
1240 1050 1475 1107 vanitate
1500 1063 1621 1104 cur-

24 1163 224 1212 rentem
249 1155 268 1186 ί
300 1162 356 1208 te
381 1151 612 1208 inveniat
640 1149 996 1207 desertorem.
1020 1146 1224 1204 Deinde
1268 1143 1622 1216 plausibiliter

27 1249 112 1304 tibi
139 1247 346 1303 videris
375 1245 666 1317 adjungere
691 1260 704 1298 :
733 1243 777 1297 Α
808 1246 947 1315 fonte
975 1241 1239 1296 deducitur
1259 1239 1416 1306 rivus,
1449 1247 1498 1293 et
1523 1254 1616 1291 ca-

27 1351 105 1411 put
146 1337 379 1394 membra
421 1349 697 1408 sequuntur
723 1353 741 1390 :
770 1351 895 1390 sano
929 1334 1095 1406 capite
1139 1348 1286 1388 omne
1329 1347 1508 1386 sanum
1548 1340 1622 1386 est

28 1447 232 1502 corpus;
255 1439 304 1485 et
326 1431 370 1487 si
393 1429 518 1502 quid
541 1429 593 1483 in
619 1428 713 1482 hoc
738 1425 900 1481 morbi
924 1425 1001 1480 vel
1018 1424 1125 1480 vitii
1152 1432 1244 1491 est,
1271 1423 1443 1478 omnia
1463 1437 1623 1476 mem-

30 1524 107 1577 bra
142 1523 479 1577 debilitantur
508 1536 527 1574 :
557 1519 803 1591 originem
833 1535 976 1573 suam
1017 1516 1252 1585 respicit,
1285 1513 1532 1586 quidquid
1567 1514 1623 1567 in

30 1615 177 1686 stirpe
207 1613 456 1685 processit
485 1627 627 1667 :non
673 1619 835 1682 potest
876 1610 1116 1665 innocens
1152 1623 1290 1672 esse,
1323 1606 1406 1678 qui
1437 1613 1622 1660 sectam

31 1725 122 1762 non
161 1709 395 1780 sequitur
432 1706 747 1770 innocentis;
777 1722 890 1759 cum
935 1705 1214 1776 prazsertim
1252 1701 1495 1772 scriptum
1520 1701 1620 1769 sit,

40 1821 55 1853 ι
83 1799 143 1853 In
164 1799 418 1872 legalibus
435 1807 638 1870 patrum
654 1806 928 1853 vestrorum
945 1814 1006 1850 ne
1026 1794 1396 1850 ambulaveritis
1410 1791 1619 1866 (Ezech.

37 1907 98 1946 xx
122 1933 136 1957 ,
178 1891 248 1948 18
269 1893 314 1963 ).
341 1891 402 1946 In
430 1890 514 1946 his
540 1889 788 1945 omnibus
816 1887 993 1947 verbis
1025 1887 1127 1947 tuis
1152 1886 1341 1946 omitto
1368 1899 1488 1962 quta
1514 1898 1622 1944 non

37 1993 111 2039 est
131 1983 313 2040 simile
341 1981 482 2061 quod
504 1981 578 2044 de
603 1981 839 2043 humano
862 1997 1092 2057 corpore
1116 1981 1455 2054 comparasti.
1481 1979 1625 2036 Fieri

36 2089 163 2142 enim
188 2092 378 2157 potest
408 2091 465 2137 ut
489 2092 542 2138 et
570 2097 665 2153 pes
687 2081 866 2137 doleat
891 2079 1064 2151 capite
1084 2093 1236 2143 sano,
1259 2084 1313 2133 et
1336 2075 1472 2147 pede
1493 2088 1626 2132 sano

38 2188 195 2248 caput.
230 2175 442 2232 Omitto
472 2176 655 2244 etiam,
689 2174 838 2246 quod
870 2173 962 2229 tibi
991 2172 1274 2240 exciderit,
1307 2171 1435 2242 quid
1466 2170 1626 2242 paulo

37 2278 146 2324 ante
170 2268 378 2323 dixeris
403 2269 448 2332 ',
479 2265 593 2320 Hoc
616 2274 662 2320 et
691 2282 782 2321 nos
811 2264 1042 2320 volumus
1065 2305 1080 2329 ,
1113 2264 1207 2318 hoc
1235 2262 1504 2320 suademus
1523 2305 1539 2331 ,
1569 2270 1627 2317 ut

41 2360 254 2414 Christus
297 2357 567 2413 christiani
609 2357 673 2411 sit
718 2364 871 2428 caput
905 2372 922 2410 :
952 2356 1039 2426 qui
1070 2371 1213 2411 nunc
1242 2356 1426 2411 nescio
1466 2369 1625 2427 quem

41 2450 343 2506 traditorem
388 2451 469 2505 vis
508 2457 669 2520 caput
698 2463 821 2505 esse
865 2447 1165 2519 ignotarum
1205 2447 1444 2518 gentium
1483 2446 1628 2504 chri-

42 2545 346 2611 stianarum,
372 2543 460 2599 ubi
485 2542 668 2598 datum
694 2550 749 2598 et
773 2550 1050 2612 acceptum
1078 2539 1274 2595 Christi
1297 2541 1627 2611 Baptismum

43 2652 133 2690 non
160 2636 326 2692 vultis
357 2649 648 2707 agnoscere
671 2676 686 2702 ,
720 2642 974 2705 tanquam
1018 2633 1272 2704 baptizati
1317 2632 1530 2710 nonnisi
1559 2630 1628 2688 ab

45 2727 122 2782 illo
142 2728 405 2784 traditore
433 2728 597 2783 creati
626 2728 752 2782 sint.
775 2725 982 2782 Omitto
1012 2736 1065 2781 et
1098 2725 1226 2782 illud
1256 2735 1512 2798 quantum
1539 2740 1628 2782 me

44 2819 260 2889 adjuvet,
284 2819 431 2892 quod
452 2820 520 2876 de
546 2819 825 2890 Scriptura
849 2817 1212 2875 testimonium
1238 2817 1354 2888 ipse
1379 2816 1624 2888 posuisti,

48 2909 228 2968 dictum
259 2927 386 2969 esse
414 2911 634 2979 Iudaeis,
665 2911 734 2966 In
760 2909 1002 2984 legalibus
1027 2918 1230 2981 patrum
1259 2918 1538 2964 vestrorum
1565 2925 1630 2964 ne

49 3004 412 3059 ambulaveritis
437 3020 456 3058 :
476 3019 599 3060 eum
621 3003 724 3059 hoc
755 3004 937 3074 utique
960 3011 1289 3074 praeceptum
1307 3004 1628 3075 quicumque

49 3101 162 3150 tunc
189 3095 484 3152 observare
528 3095 845 3162 voluerunt,
881 3095 1018 3150 sicut
1048 3095 1322 3166 propheta:
1362 3094 1535 3150 sancti
1573 3102 1630 3151 et

51 3194 235 3256 septem
266 3187 438 3242 millia
466 3188 708 3242 virorum
731 3229 746 3256 ,
779 3187 870 3258 qui
916 3201 1022 3241 non
1053 3194 1415 3241 curvaverunt
1457 3201 1629 3258 genua

50 3285 156 3332 ante
178 3277 325 3344 Baal,
360 3293 388 3331 a
419 3278 616 3349 p0pulo
646 3286 822 3333 tamen
852 3292 950 3334 suo
993 3286 1048 3333 et
1075 3292 1106 3332 a
1137 3277 1509 3334 communibus
1537 3293 1626 3336 sa-

51 3372 320 3425 cramentis
355 3385 462 3425 non
485 3383 546 3426 se
570 3369 887 3426 diviserunt.
909 3369 1021 3425 Hoc
1044 3369 1188 3438 dico,
1215 3371 1317 3426 hoc
1337 3370 1468 3426 velis
1489 3370 1630 3428 nolis

51 3463 328 3530 repetendo
347 3505 363 3530 ,
392 3463 682 3534 quamlibet
721 3463 817 3519 tibi
848 3463 1030 3519 videar
1054 3463 1314 3520 molestus
1333 3507 1348 3532 ,
1377 3463 1626 3522 inculco:

54 3548 157 3606 Noli
183 3553 535 3609 Caecilianum
557 3554 712 3610 toties
744 3554 1048 3610 absolutum
1069 3562 1226 3626 caput
1248 3553 1423 3610 facere
1448 3563 1629 3625 poste-

51 3643 115 3698 ris
154 3647 306 3704 nobis
331 3647 390 3714 ³;
437 3662 560 3704 cum
596 3661 696 3719 ego
733 3655 788 3704 et
829 3647 1160 3704 Primianum
1187 3663 1218 3703 a
1243 3647 1546 3717 Feliciano,
1577 3658 1632 3706 et

55 3735 364 3798 Felicianum
392 3756 422 3796 a
450 3741 721 3798 Primiano
745 3741 1076 3811 damnatura,
1102 3758 1208 3799 non
1229 3751 1410 3798 tamen
1439 3741 1630 3800 faciam

55 3842 194 3903 caput
221 3835 454 3905 posteris
479 3834 692 3890 vestris.

114 3924 339 3984 CAPUT
368 3925 762 3983 xum—55.
805 3926 924 3982 Jam
967 3941 1096 3982 vero
1136 3925 1204 3984 de
1246 3925 1635 3999 persecutionis

58 4015 233 4075 invidia
255 4063 272 4090 ,
302 4035 465 4092 quam
495 4036 526 4076 a
556 4019 783 4077 terrenis
817 4020 1169 4091 potestatibus
1212 4034 1307 4076 vos
1348 4036 1445 4092 pro
1485 4029 1636 4092 parte

60 4105 230 4166 Donati
248 4113 454 4184 perpeti
471 4112 795 4183 gloriamini,
813 4112 1060 4183 quamvis
1084 4111 1140 4168 in
1168 4111 1260 4168 illo
1289 4113 1447 4169 trium
1472 4113 1638 4170 libro.

59 4215 161 4258 tum
189 4220 354 4277 opere
382 4206 514 4262 satis
545 4204 638 4262 tibi
664 4205 983 4278 abundeque
1010 4205 1381 4276 responderim
1405 4248 1420 4274 ,
1461 4221 1638 4279 neque
1663 4263 1676 4276 ,

61 4306 185 4350 nunc
210 4297 304 4354 tibi
329 4297 537 4365 tacebo,
559 4295 702 4369 quod
730 4312 795 4352 ex
826 4297 926 4353 hac
951 4311 1112 4352 causa
1137 4296 1636 4355 Maximianensium

63 4380 278 4445 breviter
305 4387 624 4459 responderi
659 4396 870 4459 potest:
903 4403 1024 4444 nam
1052 4388 1201 4460 quasi
1231 4396 1513 4460 propterea
1541 4404 1639 4446 vos

67 4475 313 4548 imperitis
341 4489 504 4552 atque
531 4481 960 4552 imprudentibus
987 4481 1200 4554 populis
1228 4481 1635 4537 commendatis.

65 4567 142 4626 Sic
166 4575 305 4630 enim
338 4590 399 4630 se
424 4573 775 4630 Maximianus
802 4575 946 4646 ipse,
977 4575 1054 4630 sic
1082 4574 1198 4645 ejus
1227 4575 1390 4643 socii,
1423 4575 1512 4646 qui
1538 4589 1640 4633 nec

68 4667 509 4731 persecutionibus
545 4675 851 4723 vestrorum
887 4675 945 4722 ut
986 4665 1055 4723 ad
1083 4682 1270 4724 eorum
1301 4667 1639 4726 communio-

71 4771 180 4814 nem
205 4761 464 4828 redirent,
496 4761 688 4818 cedere
715 4771 1002 4833 potuerunt
1024 4760 1066 4827 ⁵,
1097 4763 1246 4817 vanis
1276 4762 1641 4835 imperitisque

72 4852 447 4945 commepdant.
472 4851 579 4909 Sed
599 4854 691 4925 qui
720 4854 897 4910 sobrie
925 4854 1180 4925 cogitant,
1210 4869 1395 4910 eorum
1425 4855 1516 4926 qui
1544 4855 1642 4911 ali-

73 4955 216 5010 quam
254 4948 555 5004 molestiam
595 4948 888 5019 patiuntur,
930 4963 1037 5004 non
1079 4963 1266 5020 poenas
1311 4948 1641 5004 considerari

75 5047 323 5106 oportere,
354 5040 450 5096 sed
481 5055 700 5110 causas;
731 5041 1032 5113 intelligunt
1055 5055 1149 5096 eos
1179 5055 1274 5112 pro
1300 5040 1524 5097 crimine
1552 5055 1642 5096 sa-

75 5130 234 5203 crilegi
276 5135 708 5202 schismatis,'in
757 5150 862 5206 quo
908 5149 939 5190 a
982 5134 1134 5190 vobis
1179 5134 1370 5196 merito
1395 5133 1644 5207 justeque

78 5216 293 5282 damnati
321 5235 476 5295 sunt,
508 5227 897 5284 commotiones
922 5227 1083 5283 etiam
1120 5225 1442 5298 judiciorum
1472 5239 1644 5282 saecu-

81 5311 250 5376 larium
279 5321 472 5378 merito
493 5321 744 5394 justeque
782 5336 1083 5394 perpessos.
1112 5319 1295 5393 Neque
1329 5319 1472 5376 enim
1513 5318 1644 5375 illud

135 5476 303 5546 flanti,
329 5477 588 5535 currentis.
609 5484 776 5546 Aptius
798 5490 924 5544 Mss.,
947 5486 1235 5546 currentem.

135 5539 408 5613 ἶιὲτεμεά·
433 5553 553 5613 ven.-
578 5539 863 5613 ωίιιιμοα
884 5539 1030 5613 ραιςιο
1049 5549 1158 5613 ante
1193 5540 1398 5613 dixeris:
1462 5549 1520 5613 μ.

87 5601 157 5716 ﬁ:
176 5601 565 5677 Editifposteris
875 5601 1045 5662 Melius
1087 5612 1194 5662 Mss.
1213 5643 1228 5670 ,
1295 5603 1498 5670 posteris
1561 5616 1644 5659 no-

140 5699 162 5764 ;
180 5730 281 5796 Sola
297 5734 447 5796 editio
467 5740 602 5802 ιον..
623 5730 886 5794 voluerunt.

1367 169 1569 240 LlBER
1606 165 1946 250 QUARTUS.

1727 308 2111 367 commemoro,
2133 293 2352 370 quodin
2375 304 2462 355 tua
2482 296 2707 371 epistola
2724 298 2971 372 posuisti,
2987 301 3126 373 quod
3145 300 3312 358 Maxi-

1727 390 1883 446 miani
1906 407 2007 446 non
2038 392 2296 448 basilicam
2315 435 2331 462 ,
2368 395 2460 450 sed
2483 394 2797 467 speluncam,
2820 411 2922 452 non
2951 393 3191 468 Optatus,
3225 397 3314 455 sed

1726 484 1945 555 populus
1973 485 2166 541 evertit.
2194 484 2510 558 Quanquam
2552 487 2712 543 etiam
2743 487 2854 544 illic
2873 530 2889 557 ,
2919 489 3020 544 etsi
3048 488 3314 546 incertum

1723 584 1806 632 est
1830 585 2038 633 vestros
2067 577 2293 649 fecisse,
2325 587 2532 637 certum
2572 590 2655 638 est
2699 589 2876 638 tamen
2907 581 3058 637 illum
3099 597 3313 654 passum

1722 666 1885 726 fuisse
1926 671 2356 742 persecutionem
2381 689 2396 740 ;
2425 687 2526 730 nec
2567 681 2744 729 tamen
2783 673 2984 745 justum
3027 689 3184 743 esse,
3217 673 3314 731 sed

1723 763 1963 834 impium.
1988 763 2142 822 Unde
2160 765 2270 838 jam
2298 766 2506 839 cogeris
2533 766 2798 836 confiteri,
2828 782 2936 824 non
2963 765 3160 824 debere
3184 766 3313 840 quid

1724 857 1951 930 quisque
1977 859 2230 929 patiatur,
2263 859 2359 916 sed
2389 875 2556 932 quare
2577 861 2808 932 patiatur
2835 860 3058 917 attendi.

1796 951 1884 1007 56.
1912 949 2017 1007 Sed
2046 952 2174 1007 mihi
2207 968 2393 1024 parum
2435 961 2551 1024 est,
2593 955 2696 1010 hoc
2729 952 3032 1009 Maximiani
3068 953 3316 1025 exemplo

1723 1041 1940 1098 interim
1973 1042 2380 1110 demonstrare,
2421 1058 2528 1101 non
2575 1044 2830 1101 continuo
2854 1043 3057 1115 justum
3080 1058 3199 1101 esse
3226 1043 3316 1115 qui

1724 1136 1945 1192 obtento
1975 1143 2134 1207 atque
2159 1136 2477 1194 adumbrato
2500 1137 2698 1194 Christi
2727 1137 2943 1196 nomine
2969 1138 3167 1210 patitur
3195 1154 3316 1211 per-

1725 1228 2079 1296 secutionem,
2111 1229 2322 1300 quando
2347 1238 2401 1286 et
2424 1228 2779 1287 Maximianus
2811 1232 3098 1304 sacrilegus
3126 1246 3316 1304 passus

1725 1327 1840 1385 est;
1874 1319 1976 1375 nisi
2006 1330 2059 1376 te
2084 1336 2270 1393 cogam
2297 1321 2471 1390 fateri,
2496 1321 2639 1394 quod
2668 1332 2723 1379 et
2741 1323 2979 1396 religiosi
3006 1325 3312 1397 sacrilegos,

1726 1418 1781 1466 et
1801 1411 1932 1482 justi
1962 1415 2154 1483 impios
2181 1424 2601 1486 persequuntur,
2635 1430 2749 1472 non
2779 1432 2909 1472 sane
2940 1417 3167 1474 nocendi
3203 1425 3318 1474 stu-

1725 1501 1835 1570 dio,
1865 1502 1958 1559 sed
1987 1505 2304 1562 necessitate
2329 1506 2507 1578 potius
2532 1507 2866 1564 consulendi.
2893 1508 3005 1566 Nec
3035 1509 3102 1565 de
3122 1508 3318 1568 Vetere

1726 1592 2070 1652 Testamento
2090 1597 2308 1668 profero
2335 1599 2580 1671 exempla
2605 1616 2618 1653 :
2647 1600 2891 1670 quamvis
2918 1609 2971 1656 te
2995 1601 3157 1658 etiam
3187 1616 3318 1673 pro-

1727 1687 1952 1759 pheticis
1983 1692 2248 1763 exemplis
2277 1691 2458 1749 doceri
2485 1693 2623 1751 velle
2647 1693 2832 1751 dixisti
2855 1695 2895 1750 ί.
2922 1695 3011 1750 illa
3030 1738 3045 1763 ,
3079 1696 3317 1769 inquam,

1727 1780 1888 1837 nimis
1911 1783 2126 1854 antiqua
2149 1799 2254 1840 non
2286 1784 2500 1856 profero
2527 1805 2540 1843 :
2563 1785 2778 1844 fuerunt
2795 1789 2937 1844 enim
2964 1789 3182 1844 alterius
3207 1789 3319 1846 dis-

1728 1873 2061 1944 pensationis
2110 1884 2164 1932 et
2192 1878 2468 1949 temporis.
2495 1877 2613 1936 Jam
2648 1889 2768 1952 post
2808 1881 3097 1937 revelatam
3136 1890 3191 1938 et
3220 1897 3319 1954 op-

1727 1981 1962 2044 portuno
2023 1976 2268 2048 tempore
2327 1973 2754 2030 commendatam
2813 1975 3319 2047 mansuetudinem,

1728 2066 1966 2140 episcopi
1987 2069 2171 2138 vestri,
2200 2069 2342 2141 quod
2362 2070 2577 2143 quidem
2600 2081 2702 2129 nos
2720 2081 2826 2130 non
2852 2066 3076 2125 dicimus
3092 2068 3319 2140 justum,

1729 2157 1826 2214 sed
1855 2159 2111 2229 quamdiu
2140 2160 2213 2217 ibi
2241 2177 2323 2231 es,
2352 2172 2409 2220 et
2433 2163 2594 2220 talem
2626 2148 2846 2222 causam
2871 2159 3134 2236 defendis,
3157 2169 3215 2218 tu
3233 2161 3320 2221 di-

1730 2265 1855 2306 cere
1881 2252 2087 2322 cogcris
2111 2269 2124 2318 ;
2156 2254 2430 2326 episcopi,
2463 2255 2714 2328 inquam,
2742 2258 2906 2314 vestri
2943 2268 3151 2318 vestros
3176 2260 3321 2318 schi-

1731 2347 1987 2403 smaticos
2020 2350 2282 2418 persecuti
2309 2358 2454 2405 sunt.

1803 2439 2032 2496 CAPUT
2058 2439 2264 2495 XLVII.
2289 2472 2359 2480 —
2379 2442 2468 2498 57.
2497 2441 2616 2499 Jam
2649 2443 2827 2516 itaque
2852 2460 2957 2500 non
2997 2445 3153 2514 dico,
3193 2445 3323 2503 Pcr-

1733 2531 2069 2587 secutionem
2106 2547 2292 2601 passus
2338 2543 2422 2589 est
2465 2534 2815 2592 Maximianus
2839 2577 2854 2605 ,
2891 2536 3019 2593 fecit
3060 2535 3323 2609 Optatus:

1732 2625 1989 2695 quoniam
2021 2624 2124 2681 hoc
2151 2641 2246 2682 vos
2293 2627 2541 2697 ignorare
2581 2629 2909 2700 reSpondes,
2941 2638 2996 2686 et
3022 2630 3094 2686 ita
3123 2631 3246 2687 fecit
3271 2639 3328 2688 ut

1733 2715 1860 2773 hinc
1887 2717 2030 2774 nulla
2067 2719 2270 2790 possim
2295 2730 2445 2792 gesta
2484 2722 2748 2791 recitare;
2775 2738 3079 2795 quanquam
3119 2725 3175 2780 in
3219 2733 3327 2780 tam

1734 2812 1936 2868 recenti
1969 2814 2226 2869 memoria
2267 2814 2517 2872 civitates
2542 2814 2674 2886 ipsa:
2702 2817 2748 2871 si
2785 2817 3200 2890 interrogentur,
3227 2832 3325 2876 ne-

1733 2921 1860 2976 gare
1907 2921 2012 2961 non
2062 2917 2307 2977 possunt.
2350 2907 2465 2965 Hoc
2507 2925 2638 2980 ergo
2681 2924 2790 2966 non
2823 2909 2989 2967 dico:
3021 2911 3116 2967 sed
3165 2911 3325 2980 dico,

1735 2999 2174 3058 Pcrsecutionem
2204 3015 2395 3071 passus
2425 3010 2510 3058 est
2531 3001 2880 3060 Maximianus
2900 3045 2915 3069 ,
2942 3003 3070 3061 fecit
3097 3004 3327 3060 Primia-

1736 3107 1855 3147 nus.
1890 3093 1954 3148 Et
1984 3093 2152 3148 recito
2179 3103 2330 3164 gesta
2360 3093 2556 3165 quibus
2580 3094 2860 3151 ostendam
2885 3094 3102 3151 domum
3122 3135 3138 3162 ,
3167 3110 3328 3167 quam

1737 3185 2090 3242 Maximianus
2121 3187 2392 3258 propriam
2416 3186 2756 3254 defendebat,
2784 3176 3110 3246 Primianum
3134 3203 3330 3262 procu-

1734 3279 1945 3335 ratione
1981 3277 2268 3347 mandata,
2314 3279 2648 3336 exorcisterii
2692 3279 3036 3336 ecclesiastici
3074 3281 3327 3351 nomine,

1735 3369 1948 3427 favente
1979 3370 2081 3427 sibi
2106 3369 2385 3427 sacerdote
2420 3370 2596 3442 legato
2616 3370 2718 3442 (α),
2751 3371 2892 3441 quod
2930 3371 3042 3442 ipsa
3070 3380 3219 3442 gesta
3246 3373 3330 3430 in-

1734 3465 1932 3530 dicant,
1952 3461 2260 3520 abstulisse.
2278 3462 2382 3520 Sed
2394 3461 2616 3534 iustitiae
2637 3475 2743 3518 non
2763 3463 2946 3534 gratia:
2960 3462 3118 3518 fuerit
3133 3462 3325 3534 judex,

1741 3573 1848 3614 non
1891 3555 2109 3622 abnuo,
2151 3569 2260 3611 non
2302 3553 2510 3612 refello.
2537 3554 2647 3612 Cur
2689 3569 2819 3627 ergo
2857 3554 3157 3612 Primianus
3188 3555 3331 3628 apud

1737 3659 1856 3708 acta
1904 3649 2252 3721 magistratus
2295 3646 2731 3720 Carthaginensis
2775 3648 2914 3704 inter
2956 3648 3058 3704 alia
3100 3663 3220 3720 qua:
3260 3647 3332 3707 de

1737 3743 1891 3800 nobis
1919 3741 2308 3798 contumeliose
2353 3740 2722 3813 prosequenda
2749 3739 3041 3807 mandavit,
3070 3739 3163 3796 Illi
3186 3781 3202 3808 ,
3240 3740 3329 3797 in-

1737 3835 1886 3907 quit,
1915 3833 2152 3904 auferunt
2178 3833 2378 3899 aliena,
2425 3849 2517 3888 nos
2556 3832 2933 3888 intermittimus
2971 3833 3178 3898 ablata;
3205 3847 3330 3890 cum

1738 3929 1855 4002 ipse
1895 3926 2206 3987 abstulisset
2247 3927 2458 3996 aliena,
2486 3927 2533 3982 si
2559 3926 2862 3983 Maximiani
2888 3935 3005 3983 erat
3030 3926 3255 3994 domus;
3283 3929 3334 3984 si

1740 4031 1922 4081 autem
1947 4022 2300 4080 Maximianus
2328 4035 2446 4077 eam
2488 4019 2666 4091 potius
2689 4026 3039 4090 usurpaverat
3056 4059 3072 4085 ,
3106 4034 3215 4074 non
3245 4018 3332 4075 in-

1741 4116 2060 4172 termisisset
2098 4113 2313 4170 ablata?
2337 4111 2446 4168 Sed
2470 4110 2516 4168 si
2543 4125 2720 4181 neque
2759 4111 2862 4166 hoc
2901 4109 2968 4164 ad
2999 4109 3330 4180 persecutio-

1741 4222 1865 4263 nem
1892 4206 1975 4263 vis
2001 4206 2308 4276 pertinere;
2335 4202 2457 4258 dico
2484 4201 2766 4273 episcopos
2792 4207 3000 4256 vestros
3021 4208 3076 4256 et
3106 4199 3333 4256 clericos

1741 4309 1949 4357 vestros
1981 4285 2522 4362 Maximianensibus,
2552 4295 2608 4349 in
2629 4293 2707 4350 eis
2736 4291 2952 4349 sedibus
2991 4291 3332 4349 manentibus

1743 4395 1797 4450 in
1827 4394 2018 4465 quibus
2042 4390 2337 4462 antiquitus
2365 4387 2577 4444 fuerant
2614 4387 2882 4456 ordinati,
2911 4385 3102 4442 fecisse
3141 4400 3330 4458 perse-

1742 4487 2000 4552 cutiones,
2025 4481 2166 4556 apud
2191 4479 2541 4553 proconsules
2559 4493 2863 4546 accusasse,
2885 4478 3198 4548 impetrasse
3210 4477 3331 4548 jus-

1743 4582 1942 4647 siones,
1969 4577 2278 4648 eisdemque
2292 4573 2624 4647 jussionibus
2641 4571 2997 4644 exsequendis
3021 4570 3331 4627 Officiorum

1743 4673 2074 4741 instantiam,
2105 4678 2162 4728 et
2189 4669 2463 4726 civitatum
2489 4666 2686 4724 auxilia
2715 4666 2978 4722 meruisse
3001 4707 3018 4733 ,
3054 4673 3114 4721 ut
3138 4665 3214 4720 illi
3239 4667 3334 4738 qui

1739 4769 1850 4841 jam
1877 4767 2087 4824 fuerant
2113 4762 2419 4836 Bagaiensis
2448 4761 2727 4818 sententia:
2755 4759 3040 4817 severitate
3060 4758 3333 4829 damnati,

1746 4868 1801 4917 et
1845 4874 1878 4915 a
1925 4867 2116 4916 vestrae
2162 4854 2553 4914 communionis
2587 4867 2846 4924 corpore,
2891 4867 2962 4908 ne
3002 4866 3100 4922 per
3143 4862 3357 4909 cuncta'

1746 4951 1989 5008 membra
2017 4950 2274 5022 pestilens
2303 4948 2451 5004 virus
2481 4946 2772 5017 irreperet,
2813 4942 3198 5015 compendiose
3233 4943 3335 5000 do-

1751 5045 1862 5100 lore
1889 5043 2121 5114 praecisi,
2145 5050 2200 5098 et
2225 5039 2432 5096 nullum
2454 5038 2565 5108 jam
2587 5037 2738 5093 vobis
2765 5036 3021 5093 facientes
3047 5050 3158 5093 sua:
3187 5051 3339 5093 com-

1747 5139 2014 5196 munionis
2031 5134 2270 5192 morbida
2287 5131 2604 5204 contagione
2620 5129 2936 5202 periculum,
2959 5144 3080 5186 cum
3097 5130 3340 5200 praecisis

1749 5233 1951 5306 pariter
1975 5228 2222 5302 plebibus
2248 5226 2359 5282 suis
2382 5224 2593 5298 propria
2624 5223 2997 5280 conventicula
3030 5222 3341 5295 frequenta-

1752 5328 1898 5394 bant,
1929 5325 2044 5380 loca
2066 5331 2120 5380 et
2141 5320 2387 5378 basilicas
2413 5331 2546 5390 quas
2574 5332 2682 5375 non
2709 5317 3053 5384 invaserant,
3096 5331 3217 5372 cum
3249 5330 3344 5386 po-

1754 5419 1891 5493 pulis
1911 5417 2011 5475 sibi
2038 5412 2434 5474 cohaerentibus
2469 5419 2727 5485 perpetua
2763 5410 3108 5485 possessione
3146 5409 3344 5468 retine-

1819 5602 1835 5633 ι
1861 5601 1935 5649 sic
1953 5605 2063 5648 Mss.
2088 5601 2144 5647 At
2168 5593 2304 5656 editi,
2331 5591 2504 5645 docere
2526 5590 2613 5644 illa
2635 5589 2823 5656 dixisti.

1818 5663 1892 5729 (α)
1915 5669 2047 5729 nunc
2059 5649 2382 5729 Levanie‘ises
2401 5657 2452 5707 in
2469 5653 3165 5729 ᾼηηρωιίρηίιὶιξεξρξιμξιξεδεθ
3184 5649 3352 5710 σιω·

1758 5718 1889 5794 vam;
1915 5725 1999 5800 qui
2016 5735 2179 5793 supra,
2203 5735 2254 5776 ιι.
2278 5720 2328 5790 ‘5,
2351 5725 2549 5777 vocatur
2569 5718 2766 5788 legatus
2785 5718 3096 5784 Carthaginis.
