3778 6144
37 221 131 279 ⁵81
1413 177 1614 259 LIDER
1654 189 1998 268 QUARTUS.

37 342 238 398 vestros
259 309 605 384 clericorum
631 309 931 382 vestrorum
949 309 1210 379 satellites
1232 309 1482 376 ottinibus
1501 325 1647 383 nota,

36 401 456 494 compriménda
490 401 588 473 i'uit
611 415 844 488 legibus,
878 429 996 486 qua:
1022 411 1208 470 contra
1238 427 1334 467 vos
1359 411 1478 466 latae
1506 419 1648 475 sunt,

35 525 83 574 et
117 497 362 587 quodain'
398 495 572 568 iii'odo
603 495 904 582 cottigan'da
933 526 948 564 :
982 503 1141 564 Simul
1169 516 1225 564 ut
1249 504 1305 562 in
1331 501 1436 579 duo
1462 506 1653 562 essetis

35 613 234 674 errore,
283 593 356 684 et
389 621 511 684 quo
549 595 827 684 sacrilegio
845 607 1043 684 contra
1069 599 1328 657 unitatem
1360 593 1653 670 pacemque

35 699 225 757 Christi
265 681 674 764 videreminii,
707 681 896 751 saitei'n
940 695 1056 765 ipso
1094 702 1302 749 terrore
1344 692 1652 748 commoniti

37 785 265 864 cogitare
294 775 477 862 at‘qtte
500 787 783 846 emendare
808 779 1015 844 velletis
1043 804 1055 840 :
1087 786 1224 842 sicut
1247 777 1540 842 terroribus
1563 799 1653 840 ve-

35 877 152 934 stris
197 885 300 947 per
351 867 692 948 'p'dtestatd’m
730 865 1067 929 s‘ﬂccularium
1093 869 1365 942 iussiones
1403 869 1652 941 exagitati

40 965 347 1024 Felicianu's
380 957 442 1022 'et
485 955 836 1022 Praetextatus
865 961 1049 1037 '(qubd
1078 958 1239 1019 corde
1271 961 1493 1017 nimium
1519 953 1653 1017 duro

37 1065 85 1115 et
108 1051 544 1130 per'veréiSsiln‘o
569 1047 776 1113 Salvius
798 1051 1027 1128 neluit),
1058 1049 1292 1110 schisma
1324 1054 1465 1125 quod
1493 1068 1523 1108 a
1556 1067 1651 1108 vo-

37 1147 114 1207 bis
156 1147 434 1216 l'e'cerant',
486 1145 899 1212 surrexerunt’,
943 1155 995 1202 et
1031 1143 1098 1202 ad
1138 1143 1372 1201 veStram
1407 1157 1650 1200 commu-

39 1243 246 1298 nionem
276 1229 717 1312 societatemque
740 1233 1037 1296 redierunt.
1064 1237 1256 1294 Totum
1283 1241 1461 1293 autem
1482 1235 1652 1291 corri-

41 1344 270 1408 geretur,
305 1321 356 1390 si
401 1331 479 1389 ad
513 1325 747 1408 radicem
790 1327 1109 1386 catholicam
1146 1329 1177 1385 a
1216 1328 1368 1384 vobis
1403 1326 1652 1384 omnibus

42 1407 326 1485 rediretur.
377 1407 660 1497 Quidduid
685 1417 814 1480 verti
853 1417 1048 1480 factum
1095 1415 1179 1479 est
1223 1419 1481 1477 adversus
1531 1434 1648 1486 vos,

44 1520 173 1593 quod
207 1521 715 1590 temperamentum
753 1513 1061 1571 christiana:
1097 1509 1396 1570 dilectloms
1420 1510 1651 1568 excede-

44 1622 135 1676 ret,
185 1622 298 1667 tam
342 1605 595 1686 "nonest
634 1606 1009 1686 imputandum
1053 1603 1329 1662 catholicae
1373 1604 1648 1671 Ecclesiae,

47 1721 192 1777 quam
233 1715 342 1760 nec
393 1685 532 1760 illnd
572 1685 714 1774 quod
756 1699 940 1780 Salvio
983 1699 1227 1756 fecerunt
1268 1697 1648 1767 Abitinenscs,

49 1795 312 1852 Primiano
341 1796 442 1853 vel
475 1789 743 1852 Restituto
769 1787 1164 1866 imputaverim.

111 1887 340 1946 CAPUT
369 1887 490 1946 ιιι.
505 1921 576 1930 --
591 1883 681 1946 B2.
704 1881 856 1959 Quod
878 1883 1009 1946 vero
1025 1881 1144 1961 post
1165 1885 1506 1960 exaggeratas
1529 1901 1650 1958 per-

53 1974 372 2050 secuti'ti'n'es,
396 1983 537 2056 'quas
559 1975 766 2056 partem
796 1971 986 2038 Donati
1005 1981 1314 2054 perpessam
1335 1979 1499 2036 fuisse
1518 1977 1653 2036 dixi-

53 2071 131 2141 sti,
151 2082 205 2130 et
231 2067 416 2130 totum
448 2071 634 2131 tacens
662 2071 805 2146 quod
831 2073 1106 2146 praecessit
1127 2068 1156 2130 a
1181 2065 1393 2150 veétris,
1415 2081 1467 2129 et
1486 2069 1650 2129 multa

56 2166 223 2222 dicens
251 2171 383 2236 ‘quae
414 2158 526 2221 non
553 2157 844 2238 probantui'
872 2157 924 2222 in
955 2163 1176 2236 noStris,
1204 2155 1272 2223 de
1304 2165 1529 2223 Psalmis
1568 2175 1650 2224 te-

55 2250 355 2312 stimonium
387 2251 668 2329 subjecisti
698 2267 752 2316 et
779 2257 992 2328 dixisti,
1027 2258 1213 2314 Nonne
1241 2260 1303 2315 de
1328 2259 1390 2315 iis
1413 2257 1500 2332 qui
1529 2257 1653 2314 (alia

60 2343 237 2418 faciunt
267 2341 472 2406 dictum
503 2361 609 2420 est,
660 2349 904 2409 'tVeioces
930 2354 1078 2426 pedes
1100 2371 1272 2408 eorum
1298 2355 1365 2407 ad
1389 2352 1654 2422 effunden-

65 2435 220 2496 «ἀυτὴ
268 2436 600 2516 sanguinem,
648 2454 696 2500 et
739 2446 873 2499 viam
921 2447 1060 2516 pacis
1109 2461 1210 2499 non
1261 2445 1597 2517 cognoverunt
1626 2463 1645 2497 ι

61 2531 217 2604 (Psal.
247 2541 342 2592 xin
361 2535 505 2612 ,5)?
533 2537 647 2593 haec
673 2537 787 2609 ipsa
816 2547 869 2593 et
896 2537 996 2593 alia
1026 2537 1195 2593 multo
1223 2538 1485 2609 longeque
1525 2551 1651 2608 gra-

63 2627 194 2682 viora
215 2670 228 2695 ,
258 2623 356 2685 illo
385 2619 669 2700 Bagaiensi
701 2630 928 2685 concilio
955 2629 1188 2701 episcopi
1211 2630 1373 2686 vestri
1414 2631 1466 2684 in
1505 2615 1648 2685 Feli-

65 2709 257 2775 cianunt
285 2714 786 2794 P'rmtextatumqu’e
822 2718 1092 2780 dixcr’unt.
1141 2723 1208 2777 Et
1247 2729 1392 2778 certe
1422 2717 1496 2778 illi
1526 2723 1650 2778 nul-

64 2811 152 2900 lius
179 2807 358 2871 'c'aritis
388 2805 704 2888 sanguinein
749 2809 1013 2885 fuderant,
1061 2815 1264 2871 nullum
1305 2815 1357 2870 in
1393 2827 1488 2871 vos
1534 2815 1650 2871 vib-

66 2905 224 2964 lenti’aa
250 2907 556 2982 corporalis
585 2907 838 2981 impetum
883 2910 1118 2967 l‘eceraut
1151 2930 1162 2964 :
1190 2911 1282 2967 sed
1317 2903 1406 2982 qui
1444 2909 1560 2965 haec
1595 2911 1650 2965 iu

67 3011 150 3054 eos
184 2997 460 3072 dicebant,
505 3001 674 3058 multo
710 2989 1020 3058 sceleratius
1059 3018 1152 3059 eos
1187 2997 1470 3073 sacrilegio
1505 3001 1647 3059 schi-

67 3084 236 3148 s‘ni'aiis
288 3088 612 3166 sanguinem
657 3091 988 3164 s'piritualem
1042 3093 1262 3150 fundere
1311 3093 1642 3164 judicabant.

69 3169 205 3240 Unde
226 3227 240 3252 ,
283 3188 328 3242 si
378 3199 506 3241 cum
538 3185 645 3241 illis
675 3189 796 3256 pust
825 3181 929 3240 tam
958 3187 1134 3257 gravia
1161 3179 1280 3258 quae
1307 3187 1358 3243 in
1386 3203 1480 3243 eos
1506 3187 1650 3244 dicta

75 3265 197 3343 sunt,
225 3273 418 3348 'pa‘eem
458 3277 574 3335 ‘si‘ne
610 3277 829 3335 honoris
858 3273 1041 3336 e'orii‘m
1081 3275 1500 3349 decoloratione,
1535 3283 1652 3338 sine

73 3363 309 3438 Baptismi
354 3365 680 3429 rescissione
722 3371 950 3440 fecistis;
996 3389 1102 3429 non
1140 3374 1531 3445 desperandum
1568 3381 1654 3431 est

71 3453 184 3529 ηῇῖη
228 3455 283 3518 et,
325 3459 609 3520 nobiscum
651 3458 976 3521 concordare
1017 3461 1254 3536 possitis.
1303 3464 1467 3521 Multo
1509 3460 1650 3522 enim

75 3565 156 3607 vos
179 3549 343 3630 magis
380 3557 656 3615 delectare
685 3559 841 3615 debet
874 3551 939 3614 ad
968 3575 1155 3629 pacem
1185 3560 1478 3615 faciendam
1512 3555 1652 3617 totus

76 3642 204 3699 orbis
237 3643 587 3722 christialnus,
621 3663 776 3722 quam
810 3648 1161 3706 Praetextatus
1209 3661 1262 3708 et
1302 3647 1604 3708 Felicianus
1635 3670 1647 3707 :

78 3720 307 3801 quoniam
343 3737 393 3798 si
427 3757 534 3797 non
561 3720 654 3798 vos
690 3737 1107 3813 inquinaverunt
1132 3758 1266 3814 quos
1294 3751 1439 3798 tanta
1469 3743 1652 3799 crimi-

79 3825 290 3889 natio’nis
330 3831 617 3891 atrocitate
657 3833 981 3903 damnastis;
1027 3836 1194 3891 multo
1226 3833 1404 3892 minus
1437 3851 1532 3892 vos
1567 3837 1651 3892 in-

81 3921 245 4004 quinat
271 3924 453 3984 unitas
486 3933 562 3984 tet
594 3913 834 4000 'getititim
864 3925 1270 3985 christiana'rum
1296 3971 1311 3997 ,
1351 3929 1436 3986 cui
1473 3930 1653 3986 nescio

81 4013 284 4083 quorum
305 4021 563 4078 Afrorum
591 4022 815 4078 crimina
835 4017 1278 4079 d‘emonstrastis'
1307 4041 1320 4078 :
1351 4033 1405 4080 et
1429 4025 1653 4080 multum

81 4118 164 4162 vos
199 4103 443 4184 inquinat
480 4111 652 4170 scelus
681 4109 791 4190 aiio
814 4109 1046 4171 vestram
1081 4113 1390 4173 societatem
1428 4116 1496 4172 ab
1537 4117 1653 4187 ejus

83 4193 337 4272 Ecclesiae,
365 4203 468 4278 p'ro
497 4221 597 4277 qua
622 4199 700 4262 tot
726 4222 787 4261 ac
815 4202 958 4262 tanta
985 4205 1166 4263 divina
1191 4203 1492 4263 testimonia
1518 4209 1654 4264 reci-

86 4291 245 4349 tantur
263 4337 277 4360 ,
315 4295 576 4355 'societ'atia
603 4283 891 4370 s'ebaraSiis
923 4316 936 4353 :
966 4295 1158 4370 quibus
1186 4298 1380 4354 divinis
1405 4299 1652 4355 testimo-

84 4377 173 4438 niis
200 4381 430 4446 human‘a
470 4384 768 4448 teiii'erit‘at'e
802 4391 963 4447 ausus
999 4407 1059 4448 es
1097 4389 1496 4459 contradicere,
1531 4407 1652 4448 cum

88 4480 132 4528 et
161 4485 211 4533 tu
237 4478 348 4552 ipse
375 4481 564 4541 'ne‘s'ci‘o
593 4485 859 4557 quomodo
895 4483 1084 4543 eadem
1125 4485 1176 4541 vi
1212 4485 1452 4540 veritatis
1498 4484 1652 4541 fateri

87 4575 284 4629 coactus
307 4577 402 4640 si‘s,
432 4557 577 4650 quod
615 4579 668 4633 in
688 4606 690 4608 -
709 4571 1060 4636 *cltriétiétium
1085 4589 1282 4636 nomen
1313 4579 1454 4635 totus
1472 4579 1651 4652 'quOti-

90 4656 164 4717 die
188 4665 407 4744 ve‘rtit'ti'r
431 4659 679 4728 mundus.

113 4826 118 4842 ἰ
147 4755 360 4820 CAPUT
396 4759 526 4820 Llll.
549 4795 618 4806 —
638 4763 727 4822 63.
752 4761 928 4824 Ausus
949 4761 1007 4825 es
1026 4811 1043 4838 ,
1071 4767 1309 4842 inquam,
1331 4769 1655 4826 testamento

91 4837 173 4902 Dei
196 4853 441 4928 reluctari
460 4900 474 4926 ,
515 4867 637 4914 eum
681 4858 822 4916 dicat
866 4837 1184 4933 Apostolus,
1229 4857 1470 4919 Hominis
1507 4870 1658 4920 testa-

95 4951 292 5002 mentum
331 4947 685 5021 conﬁrmatum
711 4959 856 5009 nemo
889 4953 1090 5009 irritum
1124 4955 1274 5027 facit,
1305 4963 1396 5010 aut
1421 4953 1655 5028 superor-

97 5030 218 5092 άῑηαι
246 5055 265 5094 :
290 5041 507 5100 Abrahae
533 5043 684 5101 dicta:
720 5043 836 5102 sunt
868 5045 1227 5118 premissiones
1253 5056 1301 5101 et
1334 5047 1512 5102 semini
1546 5049 1655 5121 ejus

98 5121 265 5210 (Colat.
313 5134 402 5206 in,
451 5137 562 5210 15).
592 5137 708 5197 Hoc
756 5137 1136 5197 testamentum
1186 5137 1394 5195 irritum
1441 5138 1651 5209 facere,

101 5209 539 5320 ltuietestame'nto
564 5225 771 5301 partem
795 5229 984 5287 Donati
1001 5230 1410 5302 superordinare
1434 5230 1655 5288 minime

99 5309 290 5376 timuisti
317 5340 330 5378 :
356 5332 416 5380 ut
441 5339 564 5381 cum
607 5323 748 5382 Deus
772 5323 827 5381 in
852 5325 1044 5382 eodem
1076 5331 1394 5382 testamento
1418 5324 1561 5382 dicat
1586 5325 1653 5382 ad

153 5465 170 5558 ί
190 5474 695 5558 535.29’9M'1T3'5:
698 5515 710 5558 ε

190 5533 375 5610 flgiti,“
392 5546 716 5610 Praetextatus
737 5537 884 5610 corde
906 5538 1108 5610 nimium
1130 5537 1257 5592 duro
1277 5543 1324 5610 et
1333 5536 1652 5610 perversissi-

101 5594 168 5702 ξιξ
389 5600 520 5666 quod
536 5615 569 5653 a
588 5601 715 5654 vobis
727 5603 960 5668 feceram,
981 5609 1314 5657 correxerunt.
1333 5594 1654 5655 Emendautur

157 5717 174 5750 ³
187 5724 328 5794 vorte,
340 5741 436 5785 non
455 5725 838 5784 demonstratis.

1763 311 2031 372 Abraham
2049 360 2064 385 ,
2096 314 2184 374 Sic
2208 319 2301 374 erit
2325 321 2489 375 semen
2517 329 2660 376 tuum
2686 319 2813 379 sicut
2837 327 2998 383 stella:
3021 327 3153 397 caeli,
3175 337 3222 385 et
3250 332 3353 388 sic-

1763 413 1819 463 ut
1871 426 2025 465 arena
2067 410 2222 466 utaris
2264 409 2415 487 (Gen.
2452 413 2562 469 1tin
2586 456 2600 482 ,
2635 409 2724 487 l7)
2753 433 2766 484 ;
2799 415 2982 474 hocin
3037 414 3245 479 irritum
3273 424 3352 481 fa-

1762 499 1932 568 ciens,
1964 510 2018 557 et
2039 512 2240 573 partem
2270 498 2456 560 Donati
2486 521 2584 577 pro
2612 505 2716 578 qua
2757 509 2961 566 nullum
2991 513 3351 573 testimonium

1762 592 1955 647 recitas
1975 593 2412 665 superordinans,
2437 596 2501 653 In
2523 601 2719 671 paucis,
2746 584 2941 674 inquis,
2975 605 3259 677 frequenter
3278 615 3353 664 est

1763 684 1966 752 veritas;
1995 685 2164 742 errare
2190 689 2464 746 multorum
2489 687 2560 747 est
2583 709 2602 747 :
2627 690 2733 750 non
2759 692 3058 769 intelligens
3079 701 3348 771 quomodo

1762 789 1792 830 a
1821 775 2276 870 Dominoldictum
2319 781 2408 853 Sit,
2453 789 2650 855 paucOs
2689 783 2889 847 intrare
2934 808 3030 863 per
3069 807 3345 867 angustam

1763 871 1971 943 portam
2017 873 2233 946 (Matth.
2264 889 2370 944 vn,
2419 877 2530 953 l4);
2558 897 2677 938 cum
2707 891 2762 941 et
2793 883 2986 945 multos
3033 885 3227 945 dixerit
3278 892 3347 948 ab

1761 967 1968 1058 oriente
1995 977 2048 1025 et
2072 970 2348 1028 occidente
2380 967 2710 1034 recubituros
2753 993 2873 1034 cum
2904 981 3174 1038 Abraham
3195 1025 3209 1050 ,
3239 984 3348 1039 isa-

1761 1071 1844 1156 ac,
1869 1067 1923 1116 et
1947 1059 2112 1116 Jacob
2140 1061 2248 1133 (Id.
2283 1079 2410 1134 vm,
2444 1063 2578 1156 11).:
2611 1067 2703 1125 sed
2747 1069 2877 1127 etin
2905 1065 3223 1147 Apocalypsi
3248 1077 3316 1133 de

1762 1151 2128 1209 ‘monstrentur
2165 1169 2230 1211 ex
2262 1158 2407 1212 omni
2433 1149 2590 1230 gente
2620 1173 2676 1217 et
2705 1163 2844 1220 tribu
2873 1175 2929 1222 et
2958 1159 3134 1240 lingua
3180 1170 3345 1227 millia

1761 1242 2185 1311 candidatorum,
2212 1259 2330 1317 quae
2352 1263 2511 1305 nemo
2541 1257 2822 1311 numerare
2843 1258 3011 1328 possit
3041 1259 3216 1331 (Apoc.
3243 1277 3343 1329 vn,

1760 1334 1968 1437 φ..ρυί
2001 1338 2316 1437 profectoet
2336 1342 2487 1398 multi
2515 1354 2639 1400 sunt
2671 1363 2763 1432 per
2787 1363 2848 1405 se
2875 1347 3019 1422 ipsos
3045 1395 3060 1419 ,
3104 1362 3159 1409 et
3182 1351 3341 1408 iidem

1762 1426 1860 1496 ipsi
1901 1427 2052 1520 pauci
2074 1436 2203 1520 sunt
2246 1427 2300 1484 in
2336 1427 2736 1502 comparatione
2781 1439 2938 1512 longe
2978 1443 3210 1513 plurium
3255 1446 3345 1516 qui

1759 1525 1880 1574 cttm
1910 1517 2123 1574 diabolo
2146 1517 2397 1591 puniendi
2419 1525 2727 1592 sunt.‘Qua3
2756 1533 2933 1581 tamen
2966 1524 3231 1592 frumenta
3261 1535 3344 1590 di-

1759 1607 1897 1690 vinis
1933 1609 1980 1664 in
2006 1605 2265 1667 aeternum
2306 1605 2514 1669 herreis
2552 1612 2812 1670 destinata
2833 1656 2848 1683 ,
2878 1632 2974 1688 per
3004 1626 3170 1674 totum
3195 1641 3339 1681 mun.

1759 1700 1887 1756 dum
1930 1700 2233 1759 dilectionis
2282 1703 2488 1761 unitate
2523 1706 2722 1762 sociata
2751 1708 2834 1763 vel
2864 1709 2933 1764 ab
2977 1711 3243 1768 scandalis
3289 1722 3344 1769 et

1757 1793 2024 1849 violentiis
2072 1794 2480 1864 hmreticorum,
2523 1797 2634 1854 sive
2684 1797 2752 1854 ab
2798 1799 3050 1858 interiore
3099 1796 3346 1875 tanquam

1757 1885 1908 1966 palea
1936 1900 2030 1943 sua
2058 1886 2238 1943 multis
2278 1903 2384 1943 non
2416 1883 2562 1945 recte
2596 1890 2929 1959 viventibus,
2963 1903 3125 1951 :estus
3170 1905 3225 1951 et
3254 1899 3346 1952 tri-

1759 1967 1930 2034 turam
1959 1977 2116 2051 hujus
2143 1977 2323 2036 smculi
2353 1967 2618 2051 tolerant,
2647 1977 2830 2038 ultima
2849 1985 3193 2042 ventilatione
3219 2002 3348 2058 pur-

1756 2067 1948 2143 ganda.
1981 2063 2086 2127 Sed
2114 2070 2207 2127 tibi
2257 2067 2324 2127 ad
2368 2069 2545 2128 omnia
2574 2071 2706 2128 nihil
2747 2072 2953 2130 faeilius
2995 2091 3153 2148 quam
3183 2078 3347 2135 Maxi-

1756 2161 2113 2220 mianensium
2167 2171 2326 2218 causa
2378 2161 2686 2235 respondet.
2749 2163 2807 2220 Si
2858 2165 2999 2220 enim
3054 2166 3107 2222 in
3159 2170 3345 2240 paucis

1757 2250 2062 2328 freq'uenter
2087 2250 2170 2311 e's't
2203 2253 2432 2322 veritas;
2462 2253 2516 2312 et
2551 2257 2733 2312 errare
2761 2249 3048 2314 mtilto‘rum
3083 2267 3199 2327 est,
3225 2276 3346 2332 per-

1757 2343 1909 2406 mitte
1935 2339 2477 2417 titMasimianenses,
2509 2345 2707 2421 Quanto
2748 2349 2898 2407 vobis
2949 2359 3074 2408 sunt
3115 2353 3347 2425 impares

1756 2437 2058 2513 paucitate,
2108 2450 2256 2497 tanto
2300 2453 2395 2497 vos
2443 2435 2698 2512 Supercnt
2750 2441 2993 2499 veritate.
3048 2443 3166 2501 Non
3210 2444 3343 2503 facis

1757 2531 1923 2618 certe.
1953 2531 2071 2622 Noli
2120 2549 2247 2606 ergo
2275 2535 2328 2590 in
2376 2528 2776 2605 comparatione
2823 2536 3180 2594 multitudinis
3220 2553 3349 2611 gen-

1758 2621 1889 2685 tium
1920 2625 2300 2685 catholicarum
2323 2625 2390 2684 de
2419 2638 2596 2683 vestra
2631 2628 2897 2700 paucitate
2927 2629 3178 2702 gloriari,
3211 2633 3348 2689 sicut

1756 2715 1863 2776 'nou
1893 2717 1972 2776 vis"
2002 2730 2058 2774 ut
2077 2711 2520 2774 Masimlanenses
2546 2718 2597 2773 in
2621 2719 3019 2790 comparatione
3043 2722 3342 2779 multitudi-

1757 2812 1841 2868 nis
1870 2821 2062 2867 vestrze
2084 2809 2151 2866 de
2179 2823 2272 2866 sua
2302 2805 2564 2890 paucitate
2584 2811 2895 2890 glorientur.

1827 2895 2054 2963 CAPUT
2077 2898 2210 2961 LIV.
2241 2935 2312 2945 —
2335 2895 2424 2961 64.
2469 2895 2621 2973 Quod
2649 2911 2826 2960 autem
2865 2889 2933 2961 de
2962 2905 3344 2965 Afristradito-

1756 3002 1908 3060 ribus
1943 3015 2129 3057 narras
2150 3043 2165 3070 ,
2195 2995 2265 3056 ita
2307 2995 2503 3068 nescis,
2532 3007 2623 3055 aut
2669 3000 3068 3072 Qualiscumque
3114 2999 3344 3059 hominis

1757 3093 1922 3150 cerde
1959 3109 2065 3149 non
2096 3091 2302 3160 sentis,
2335 3092 2390 3146 in
2420 3090 2669 3147 conﬂictu
2712 3106 2817 3162 quo
2845 3090 3042 3147 veritas
3067 3092 3340 3164 quaeritur;

1757 3203 1880 3244 cum
1908 3175 2150 3257 probatio
2194 3183 2298 3241 non
2337 3179 2610 3256 Sequitur,
2641 3191 2798 3256 quam
2835 3183 2903 3240 sit
2933 3189 3065 3240 vana
3089 3194 3143 3242 et
3166 3186 3342 3258 inepta

1757 3263 2092 3335 narratio?in
2118 3290 2218 3347 qua
2248 3275 2536 3332 refellenda
2565 3277 2780 3346 cperant
2809 3291 2916 3331 non
2946 3278 3338 3348 consumerem,

1755 3369 1857 3429 nec
1905 3371 1950 3427 si
1977 3387 2083 3427 non
2121 3361 2376 3426 haberem
2407 3369 2461 3424 in
2487 3383 2648 3424 causa
2688 3353 3183 3424 biaxitniane'nsium
3230 3379 3340 3427 tam

1757 3465 1911 3522 facile
1939 3461 2054 3520 Sine
2081 3462 2184 3518 ulla
2211 3461 2433 3534 ambage
2465 3460 2857 3532 compendium.
2876 3459 3054 3517 Sacrae
3085 3470 3209 3518 sunt
3232 3461 3342 3518 Lit-

1757 3549 1886 3617 tera)
1921 3557 2098 3614 :Deus
2141 3547 2348 3612 deorum
2404 3554 2655 3610 Dominus
2702 3555 2899 3609 locutus
2946 3565 3054 3622 est,
3082 3566 3130 3610 et
3153 3557 3344 3611 vocavit

1762 3665 1951 3710 terram
1979 3670 2011 3706 a
2037 3639 2159 3707 solis
2202 3639 2315 3705 ortu
2337 3657 2492 3721 usque
2519 3648 2588 3703 'ad
2612 3665 2847 3704 occasura
2869 3665 2889 3716 ;
2918 3663 2979 3704 ea:
2999 3647 3127 3704 Sion
3155 3650 3344 3722 species

1757 3741 1951 3802 decoris
1979 3746 2085 3816 ejus
2110 3740 2281 3816 (Psal.
2306 3749 2426 3798 XLIX
2445 3784 2460 3808 ,
2493 3741 2520 3797 1
2542 3785 2556 3811 ,
2586 3737 2666 3814 2).
2690 3739 2824 3796 Huic
2849 3739 3161 3810 prophetico
3191 3739 3341 3797 testi-

1758 3839 1940 3895 monio
1963 3835 2196 3893 concinit
2225 3833 2590 3905 Evangelium,
2623 3831 2711 3887 ubi
2739 3831 2805 3888 de
2833 3845 2891 3888 se
2920 3831 3036 3903 ipso
3063 3831 3203 3888 idem
3233 3831 3342 3887 Do-

1756 3920 1935 3988 minus
1972 3927 2100 3986 dicit
2127 3946 2139 3984 :
2173 3919 2448 4000 Oportebat
2490 3923 2744 3982 Christum
2773 3923 2914 3996 pati,
2944 3933 2990 3980 et
3029 3939 3288 3997 resurgere
3311 3941 3344 3981 a

1757 4023 1968 4082 mortuis
2001 4025 2147 4079 tertia
2172 4023 2271 4088 die,
2304 4031 2350 4078 et
2372 4015 2639 4092 praedicari
2661 4023 2714 4074 in
2742 4019 2943 4074 nomine
2969 4021 3079 4091 ejus
3101 4020 3344 4090 paeniten-

1759 4121 1881 4175 tiam
1909 4128 1953 4174 et
1972 4109 2315 4174 remissionem
2341 4106 2657 4187 peccatorum
2687 4111 2775 4184 per
2796 4127 2965 4168 omnes
2987 4113 3154 4184 gentes
3174 4157 3188 4180 ,
3216 4113 3344 4168 inci-

1757 4200 2008 4285 pientibus
2032 4209 2093 4264 ab
2122 4207 2405 4264 Jerusalem
2432 4205 2584 4278 (Luc.
2607 4213 2750 4274 x‘xrv,
2777 4203 2867 4272 46,
2893 4201 3003 4278 47).
3021 4204 3174 4272 Quod
3201 4206 3342 4262 enim

1757 4305 1866 4360 illic
1894 4302 2092 4358 dictum
2120 4309 2232 4368 est,
2272 4298 2479 4354 Vocavit
2524 4295 2707 4353 terram
2739 4305 2770 4351 α
2808 4297 2930 4352 solis
2955 4305 3069 4352 ortu
3091 4303 3248 4370 usque
3275 4298 3344 4352 ad

1758 4397 2029 4464 occasum;
2071 4397 2174 4453 hoc
2217 4389 2416 4452 dictum
2442 4401 2523 4450 est
2549 4392 2656 4460 hic,
2708 4387 2812 4448 Per
2840 4407 3010 4448 omnes
3052 4393 3243 4464 gentes.
3275 4392 3344 4448 Et

1759 4479 1900 4565 Quod
1932 4477 2002 4545 ibi
2032 4487 2228 4546 dictum
2254 4497 2336 4544 est
2355 4529 2368 4553 ,
2393 4487 2476 4541 Ea:
2505 4485 2631 4542 Sion
2652 4483 2842 4557 species
2864 4484 3064 4539 "decoris
3091 4485 3224 4554 ejus;
3239 4482 3344 4540 hoc

1758 4585 1955 4642 dictum
1976 4591 2061 4639 est
2087 4581 2203 4647 hic,
2231 4579 2595 4652 Incipientibus
2614 4578 2675 4633 ab
2705 4577 3012 4634 Jerusalem.
3045 4577 3160 4633 Non
3199 4579 3341 4633 enim

1760 4674 2129 4732 tantummodo
2159 4673 2228 4729 ibi
2270 4683 2456 4745 passus
2483 4681 2565 4728 est
2602 4669 2847 4728 CbriStus
2871 4715 2885 4739 ,
2916 4653 3011 4727 sed
3059 4669 3218 4727 etiam
3271 4672 3343 4727 ibi

1757 4770 2090 4837 resurrexit,
2121 4765 2244 4824 inde
2287 4761 2530 4823 as‘cendit
2557 4766 2610 4822 in
2658 4759 2884 4833 coelum,
2914 4761 2987 4821 ibi
3028 4772 3242 4821 centum
3265 4765 3343 4820 vi-

1755 4861 1888 4940 ginti
1918 4861 2162 4921 homines
2189 4855 2538 4935 congregatos
2571 4849 2660 4916 die
2688 4855 3034 4915 Pentecostes
3079 4857 3249 4914 misso
3273 4857 3344 4915 de

1757 4955 1897 5017 cmlo
1924 4955 2124 5029 Spiritu
2175 4963 2360 5012 sancto
2407 4951 2645 5025 implevit
2676 4969 2689 5006 :
2715 4949 2786 5007 ibi
2812 4965 2919 5006 uno
2961 4948 3049 5006 die
3072 4948 3172 5006 tria
3194 4991 3210 5018 ,
3238 4949 3346 5006 alio

1759 5055 1991 5128 quinque
2019 5049 2186 5107 millia
2228 5047 2559 5106 credentium
2587 5043 2640 5101 in
2670 5057 2826 5101 suum
2863 5057 3056 5116 corpus
3084 5057 3344 5100 conversa

1759 5143 2028 5219 suscepit;
2057 5144 2180 5202 inde
2210 5143 2262 5198 in
2296 5149 2456 5199 totam
2496 5139 2732 5195 Judaeum
2760 5147 2813 5194 et
2839 5131 3131 5195 Samariam
3156 5178 3173 5207 ,
3205 5145 3260 5193 et
3289 5137 3341 5192 in

1760 5231 1905 5301 orbis
1936 5249 2197 5297 terrarum
2223 5245 2446 5293 caeteras
2484 5241 2670 5306 gentes
2700 5247 2759 5288 se
2788 5223 3159 5288 l'ructilicando
3184 5230 3344 5286 diffu-

1759 5338 1838 5395 dit
1863 5345 1917 5393 et
1937 5331 2182 5390 dilfundit
2207 5326 2466 5387 Ecclesia.
2497 5325 2649 5395 Quod
2690 5321 2966 5396 discipulis
3010 5322 3342 5394 praedicens,

1760 5442 1814 5490 et
1854 5430 1965 5504 jam
2020 5440 2340 5484 ascensurus
2385 5422 2440 5479 in
2478 5422 2671 5479 coelum
2702 5438 2716 5476 :
2750 5419 2910 5476 Erilis
2935 5462 2948 5488 ,
2991 5418 3188 5488 inquit,
3219 5413 3344 5470 mihi

1762 5532 1906 5581 testes
1930 5523 1982 5577 in
2016 5519 2337 5585 Jerusalem,
2371 5526 2417 5572 et
2444 5513 2599 5570 totam
2641 5512 2877 5569 Judteam
2900 5553 2914 5576 ,
2941 5519 2987 5565 et
3014 5508 3303 5566 Samariam
3327 5551 3340 5572 ,

1761 5627 1808 5676 et
1831 5632 1986 5689 usque
2028 5615 2083 5669 in
2109 5613 2240 5682 ﬁnes
2277 5619 2424 5667 terra:
2454 5609 2588 5683 (Act.
2615 5624 2636 5664 ι
2659 5650 2674 5678 ,
2701 5607 2786 5679 8).
2823 5605 2948 5662 Haec
2973 5603 3131 5675 igitur
3156 5601 3344 5659 Eccle-

1765 5713 1842 5771 sia
1863 5753 1877 5782 ,
1900 5708 2159 5783 incipiens
2181 5704 2249 5763 ab
2277 5702 2574 5764 Jerusalem
2594 5743 2610 5774 ,
2635 5713 2800 5773 seque
2819 5713 2921 5772 per
2942 5709 3129 5756 omnes
3153 5702 3343 5769 gentes
