3778 6138
420 169 528 230 585

419 295 530 345 tam
553 284 786 343 evidenti
814 280 1134 340 fecunditate
1165 277 1468 333 diffundens
1493 318 1509 344 ,
1538 285 1597 330 ut
1619 285 1669 331 te
1691 274 1861 344 ipsum
1883 285 2012 326 con-

419 378 560 437 fiteri
585 386 756 449 cogat,
787 372 931 443 quod
959 371 1015 426 in
1055 368 1405 425 christianum
1437 381 1633 422 nomen
1680 362 2012 436 providentia

421 471 517 528 Dei
556 465 792 538 quotidie
848 471 991 520 totus
1018 462 1240 518 vertitur
1282 457 1514 515 mundus
1542 475 1555 511 :
1585 456 1722 525 lucc,
1753 456 1968 525 inquam
1993 495 2008 519 ,

423 561 684 625 Ecclesia,
713 573 832 630 quae
862 556 1092 612 Domino
1116 555 1226 611 Deo
1247 553 1470 610 deorum
1495 553 1745 622 loquente
1763 591 1778 617 ,
1806 564 1836 604 a
1885 548 2013 603 solis

421 663 542 710 ortu
570 667 736 724 usque
763 650 828 707 ad
859 663 1108 706 occasum
1134 655 1373 713 vocatur,
1407 645 1554 700 nullo
1588 641 1748 699 modo
1781 641 1848 698 ab
1875 639 2015 696 Afris

421 745 766 802 traditoribus
813 743 979 815 pollui
1009 741 1211 814 potuit,
1243 754 1379 810 quos
1415 737 1637 793 omnino
1676 734 1935 800 nescivit;
1966 734 2013 788 si

419 837 729 894 Maximiani
749 834 994 907 sacrilegi
1019 833 1220 890 surculi
1247 848 1350 886 non
1375 830 1611 901 polluere
1651 827 1912 898 plantaria
1938 832 2017 881 tot

421 932 650 1002 collegas
672 930 788 1002 ejus
812 971 827 997 ,
851 936 1056 984 tantum
1083 928 1205 998 quia
1253 922 1552 980 ordinando
1601 934 1790 976 manus
1831 918 1879 973 ei
1908 932 2014 973 non

424 1022 832 1092 imposuerunt;
863 1019 1106 1092 quamvis
1151 1033 1274 1074 eum
1316 1031 1346 1070 a
1390 1013 1662 1069 Primiano
1707 1011 2015 1066 damnatum

423 1112 789 1182 laudaverint,
834 1111 1276 1179 Primianumque
1321 1102 1724 1167 damnaverint;
1776 1096 2018 1174 quamvis

423 1206 478 1261 in
505 1207 621 1277 ejus
651 1205 940 1263 schismate
965 1201 1274 1267 constituti,
1307 1197 1619 1254 dilationem
1654 1210 1756 1266 qua
1777 1203 2014 1250 reverte-

423 1308 612 1355 rentur
635 1299 957 1371 acceperint.

496 1390 722 1448 CAPUT
755 1391 949 1446 LV.—
975 1389 1064 1446 65.
1094 1386 1230 1456 Quin
1263 1382 1422 1437 etiam
1457 1381 1580 1451 quia
1611 1379 1756 1444 dixi,
1787 1377 2020 1433 traditio-

425 1499 542 1540 nem
565 1485 722 1539 multo
756 1483 1061 1556 probabilius
1090 1491 1181 1529 nos
1207 1474 1343 1528 vobis
1372 1471 1636 1542 objicimus
1664 1469 1802 1542 (Lib.
1831 1471 1857 1524 1
1891 1486 2018 1523 con-

425 1585 506 1631 tra
533 1576 750 1632 Littems
775 1568 1018 1624 I’etiliani
1042 1609 1058 1636 ,
1088 1585 1140 1621 η.
1168 1564 1281 1637 25);
1303 1563 1594 1636 respondes
1617 1578 1702 1616 me
1727 1561 1831 1616 hoc
1857 1559 2017 1615 modo

423 1667 589 1720 fuisse
615 1662 915 1720 confessum
943 1704 959 1729 ,
989 1659 1130 1732 quod
1173 1674 1292 1714 eam
1334 1671 1428 1711 vos
1477 1655 1632 1711 nobis
1672 1653 2020 1725 probabiliter

422 1756 684 1828 objicitis;
720 1755 919 1812 docens
945 1754 1107 1810 etiam
1139 1751 1376 1822 regulam
1414 1747 1720 1815 locutionis,
1747 1753 1846 1816 qua
1875 1761 2015 1799 com-

423 1850 684 1922 parativus
733 1849 923 1920 gradus
973 1845 1110 1915 quod
1157 1852 1272 1897 ante
1325 1841 1544 1912 positum
1587 1849 1658 1894 est
1703 1846 1884 1910 auget,
1916 1853 2017 1891 non

421 1939 558 2013 quod
603 1948 722 1994 ante
765 1943 957 2010 factum
1001 1946 1074 1992 est
1106 1933 1392 2004 improbat,
1423 1940 1476 1987 et
1522 1930 1838 2002 adjungens,
1868 1929 2018 1984 Sicut

423 2031 546 2087 bene
573 2039 618 2086 et
647 2029 844 2096 melius,
868 2027 1002 2082 male
1024 2037 1068 2082 et
1098 2027 1262 2099 pejus,
1292 2021 1597 2078 borribiliter
1624 2031 1670 2077 et
1699 2019 2013 2090 horribilius,

423 2124 496 2179 ita
521 2140 626 2179 esse
656 2120 981 2193 probabiliter
1005 2128 1052 2175 et
1096 2116 1427 2189 probabilius.
1457 2113 1612 2172 Unde
1646 2113 1742 2168 tibi
1767 2113 2019 2184 colligere

423 2217 643 2281 videris,
666 2223 720 2272 et
739 2214 896 2282 dicis,
921 2214 984 2270 Si
1023 2229 1110 2268 vos
1133 2210 1473 2283 probabilius,
1506 2225 1596 2264 nos
1624 2224 1743 2280 ergo
1777 2207 2015 2279 probabi-

425 2309 558 2363 liter.
588 2306 724 2362 Hinc
762 2320 860 2376 ego
882 2306 934 2360 in
958 2304 1048 2360 illo
1083 2302 1373 2374 prolixiore
1397 2301 1556 2357 trium
1582 2300 1836 2356 librorum
1855 2315 2019 2370 opere

427 2412 528 2455 suo
552 2397 672 2454 loco
723 2397 818 2453 tibi
844 2397 976 2453 satis
1015 2404 1108 2452 aut
1157 2395 1276 2467 plus
1301 2407 1460 2465 quam
1500 2391 1630 2447 satis
1676 2389 1901 2447 fortasse
1927 2405 2017 2447 re-

423 2489 658 2561 spondi,
687 2499 743 2547 et
786 2488 999 2546 ostendi
1045 2504 1111 2545 ex
1139 2487 1244 2542 illis
1265 2487 1458 2542 litteris
1502 2483 1594 2541 ubi
1617 2484 1778 2541 verba
1827 2482 2018 2539 didici-

422 2596 564 2649 mus,
588 2580 856 2653 quomodo
895 2579 1288 2651 comparativus
1325 2576 1521 2650 gradus
1555 2591 1661 2632 non
1685 2590 1896 2645 semper
1924 2589 2020 2630 au-

421 2684 545 2749 geat
588 2675 730 2749 quod
768 2685 1077 2747 comparat,
1105 2671 1393 2745 aliquando
1433 2671 1700 2742 improbet
1742 2669 1826 2726 cui
1865 2683 2018 2725 com-

419 2777 659 2842 paratur.
708 2768 835 2826 lnde
883 2778 1000 2838 est,
1033 2766 1119 2822 Dii
1161 2766 1374 2822 meliora
1427 2765 1524 2836 piis
1564 2762 1806 2835 (Virgil.,
1831 2759 2017 2832 Georg.

421 2865 514 2920 lib.
547 2866 600 2933 '5,
630 2881 759 2920 vers.
792 2862 940 2935 515).
974 2860 1102 2918 Inde
1129 2869 1251 2927 est,
1281 2858 1581 2915 Melioribus
1616 2866 1735 2929 apto
1777 2855 2020 2928 auspiciis

420 2955 562 3029 (Id.,
589 2955 807 3014 zEneid.
836 2955 925 3010 lib.
957 2955 1026 3022 '5,
1057 2969 1189 3008 vers.
1223 2951 1361 3019 £98,
1387 2948 1536 3022 499).
1556 2948 1695 3021 Lege
1714 2948 2016 3020 diligenter,

423 3047 580 3122 plura
609 3051 722 3119 ipse
752 3045 1012 3118 reperies,
1044 3044 1139 3102 sed
1181 3058 1361 3099 nonne
1405 3042 1650 3110 miraris,
1674 3040 1898 3095 obsecro
1925 3047 1976 3095 te
2000 3079 2018 3109 ,

427 3141 486 3200 in
511 3141 612 3196 hac
643 3153 801 3196 causa
831 3135 1333 3194 Maximianensium
1358 3176 1372 3201 ,
1400 3150 1462 3190 ex
1491 3148 1594 3204 qua
1633 3132 1724 3187 tibi
1748 3131 1814 3186 ad
1840 3131 2018 3186 omnia

433 3246 579 3290 nunc
602 3231 762 3288 statui
801 3229 1129 3302 respondere
1150 3269 1165 3296 ,
1208 3242 1308 3284 nec
1337 3225 1496 3297 hujus
1524 3223 1655 3280 mihi
1675 3222 1908 3278 defuisse
1934 3223 2019 3278 lo-

427 3327 661 3386 cutionis
705 3324 1054 3396 exemplum?
1081 3323 1138 3379 ln
1165 3323 1253 3378 illa
1280 3319 1476 3392 quippe
1523 3316 1943 3374 luculentissima
1966 3325 2022 3372 et

423 3419 805 3478 facundissima
861 3417 1123 3474 sententia
1173 3411 1479 3484 Bagaiensis
1521 3409 1772 3466 concilii:
1803 3406 2020 3463 Inventa

421 3521 516 3582 est,
547 3511 823 3584 inquiunt,
869 3526 1025 3565 causa
1051 3505 1321 3572 salubrior,
1353 3521 1416 3559 ne
1455 3520 1545 3576 per
1587 3511 1770 3557 cuncta
1797 3500 2020 3557 membra

423 3607 664 3679 pestilens
710 3604 900 3674 irrepat
926 3603 1062 3657 virus
1085 3641 1101 3668 ,
1127 3607 1183 3653 ut
1229 3595 1585 3669 compendiosa
1630 3595 1805 3650 dolore
1843 3601 2020 3648 natum

424 3699 625 3754 decidat
650 3697 849 3752 vulnus.
879 3693 1035 3750 Certe
1073 3691 1369 3750 secundum
1399 3690 1635 3762 regulam
1675 3697 1820 3744 tuam
1859 3687 2018 3743 Salu-

424 3793 576 3859 bris,
608 3806 715 3846 non
763 3787 1015 3844 salubrior
1057 3787 1239 3842 dicere
1279 3785 1598 3841 debuerunt.
1641 3782 1827 3854 Neque
1870 3781 2014 3838 enim

425 3882 558 3941 illud
601 3881 816 3937 salubre
834 3920 851 3947 ,
879 3879 973 3935 sed
1022 3877 1387 3950 perniciosum
1415 3885 1532 3933 erat
1555 3917 1570 3942 ,
1599 3884 1657 3931 ut
1686 3890 1782 3947 per
1828 3883 2016 3930 cuncta

425 3973 667 4034 membra
698 3972 953 4045 pestilens
974 3971 1119 4027 virus
1146 3971 1426 4041 irreperet.
1455 3968 1736 4025 Salubrior
1755 3982 1882 4037 ergo
1904 3975 2020 4023 erat

427 4082 587 4125 causa
610 4109 625 4135 ,
655 4074 715 4123 ut
749 4063 1135 4136 compendiose
1158 4063 1345 4119 dolore
1374 4070 1556 4116 natum
1601 4059 1874 4115 decideret
1898 4059 2017 4114 vul-

425 4177 528 4218 nus
552 4205 567 4230 ,
599 4160 844 4237 quamvis
869 4174 976 4215 non
1005 4167 1148 4215 esset
1184 4155 1414 4212 salubris
1435 4197 1450 4223 ,
1481 4153 1576 4210 sed
1606 4162 1792 4210 cont-ra
1822 4153 2016 4208 exitia-

425 4253 570 4322 bilis,
598 4262 657 4308 ut
684 4267 778 4325 per
821 4259 1010 4307 cuncta
1064 4250 1303 4306 membra
1349 4246 1611 4318 pestilens
1645 4247 1908 4316 irreperet
1932 4245 2014 4300 vi-

425 4363 539 4405 rus.
588 4347 677 4404 Sic
719 4344 1061 4402 traditionem
1110 4342 1439 4416 probabilius
1481 4338 1590 4395 'nos
1631 4339 1783 4394 vobis
1834 4338 2020 4409 objici-

424 4454 578 4510 mus,
616 4439 856 4510 quamvis
881 4453 1001 4494 eam
1027 4451 1122 4493 vos
1153 4436 1308 4492 nobis
1355 4448 1460 4489 non
1505 4429 1855 4503 probabiliter
1884 4428 2020 4500 obji-

424 4535 600 4592 ciatis.

493 4627 723 4686 CAPUT
745 4625 878 4684 LVI.
905 4655 976 4666 —
1005 4623 1094 4680 66.
1123 4621 1238 4678 Jam
1258 4619 1405 4686 illud,
1428 4616 1570 4690 quod
1595 4616 1870 4673 Silvanum
1901 4614 2020 4671 Cir-

426 4731 635 4780 tensem
674 4719 985 4791 episcopum
1028 4721 1267 4769 vestrum
1298 4709 1409 4766 dixi
1459 4709 1621 4765 fuisse
1667 4706 2013 4772 traditorem,

424 4813 762 4883 municipalia
804 4819 952 4882 gesta
995 4813 1276 4872 testantur,
1321 4802 1515 4858 ibidem
1567 4800 1706 4872 apud
1747 4800 1948 4856 Cirtam
1987 4816 2017 4856 a

424 4915 673 4962 curatore
729 4901 1038 4973 reipublicae
1085 4897 1320 4954 Munatio
1362 4895 1537 4950 Felice
1579 4896 1839 4951 confecta.
1885 4893 2017 4948 Nam

423 4999 562 5056 sicut
591 4997 662 5051 ibi
690 4996 945 5065 scriptum
987 4994 1232 5063 legimus,
1263 4987 1604 5057 Posteaquam
1630 4996 1918 5059 perventum
1947 4996 2018 5040 est

425 5091 493 5146 ad
519 5089 863 5143 bibliotheca»:
889 5088 928 5152 ¹,
959 5088 1157 5141 inventa
1200 5095 1315 5139 sunt
1355 5083 1422 5137 ibi
1453 5081 1675 5135 armaria
1699 5081 1870 5135 inania
1904 5095 1921 5133 :
1951 5079 2019 5133 ibi

426 5181 634 5257 protulit
664 5180 909 5236 Silvanus
937 5178 1272 5250 capitulatam
1299 5176 1318 5206 ¹
1346 5182 1634 5246 argenteam
1663 5181 1709 5227 et
1761 5172 2017 5226 lucernam

426 5286 754 5348 argenteam,
786 5274 921 5343 quod
959 5274 1145 5327 diceret
1197 5287 1249 5325 se
1274 5279 1386 5342 post
1413 5285 1585 5324 arcam
1623 5283 1706 5322 eas
1752 5267 2013 5321 invenisse.

423 5370 520 5426 Cui
559 5367 726 5424 Victor
756 5366 948 5436 Aufidii
1001 5365 1129 5419 dixit
1165 5380 1182 5418 :
1217 5362 1452 5418 Mortuus
1500 5366 1693 5434 faleras,
1720 5360 1764 5414 si
1789 5375 1887 5414 non
1933 5376 2017 5415 eas

425 5463 716 5521 invenisses.
751 5459 899 5516 Felix
923 5467 1090 5514 autem
1108 5466 1312 5512 curator
1337 5472 1449 5511 cum
1478 5454 1521 5510 ei
1551 5454 1779 5522 dixisset,
1807 5451 2017 5525 lnquire

491 5625 508 5656 ⁸
535 5625 581 5674 in
604 5629 732 5682 Mss,
749 5626 969 5684 apertum
998 5622 1087 5668 est.

490 5685 516 5723 ί
537 5672 670 5750 illiti,
691 5672 957 5751 capsulam.
979 5678 1136 5736 nostri
1154 5687 1328 5732 omnes
1343 5682 1470 5744 Mss,
1496 5672 1824 5744 capitulatam.

1201 158 1474 218 CONTRA
1512 145 1945 214 cnnscomun
1984 146 2442 226 DONATISTAM,
2481 159 2538 213 s.
2579 161 2946 225 AUGUSTlNl
3645 157 3736 218 εει

2125 273 2437 346 diligentius,
2466 294 2528 333 ne
2549 278 2672 351 quid
2702 279 2783 334 hic
2810 277 3141 344 remanserit;
3171 275 3418 334 Silvanus
3443 280 3612 346 dixit,
3650 281 3736 335 Ni-

2126 367 2200 421 hil
2225 369 2305 422 hic
2328 371 2590 438 remansit,
2621 381 2784 427 totum
2834 373 2929 427 hoc
2967 374 3223 444 ejecimus.
3248 373 3384 442 Quae
3419 381 3590 446 gesta
3616 388 3734 430 cum

2125 461 2267 532 apud
2316 473 2433 517 acta
2461 463 2740 537 Zenophili
2778 466 3076 523 consularis
3105 467 3468 525 recitarentur
3489 513 3511 539 ,
3548 470 3732 541 eisque

2127 554 2515 624 insererentur,
2539 557 2680 614 inter
2734 559 2838 616 alia
2884 559 3103 617 testium
3143 561 3314 618 multa
3361 562 3732 630 documenta,

2125 648 2370 717 qum-sivit
2416 647 2724 708 Consularis
2755 670 2768 707 :
2805 652 2943 720 Quid
2980 653 3372 710 administrabat
3399 665 3522 712 tunc
3565 656 3737 713 Silea-

2125 756 2222 794 nus
2269 741 2320 795 in
2369 741 2649 797 clericatu?
2681 742 2855 800 Victor
2895 745 3204 816 respondit:
3234 745 3347 803 Sub
3389 746 3573 804 Paulo
3625 748 3735 818 epi-

2124 850 2278 904 scopo
2319 844 2430 889 orta
2479 837 2756 907 persecutio
2803 846 2915 903 est,
2948 837 3190 894 Silvanus
3233 839 3589 897 subdiaconus
3621 842 3736 913 fuit.

2126 924 2259 981 liuic
2303 934 2359 981 tu
2407 926 2742 997 publicorum
2784 937 3061 999 gestorum
3106 929 3512 988 evidentissimo
3568 931 3737 989 docu-
3776 931 3778 1002 ζ

2126 1027 2347 1087 mento,
2381 1034 2487 1090 quo
2529 1020 2706 1076 minus
2749 1020 3021 1088 credatur,
3068 1037 3327 1094 magnum
3378 1024 3592 1097 aliquid
3644 1026 3734 1080 tibi
3776 1007 3778 1060 l

2124 1110 2321 1166 videris
2354 1125 2645 1180 opponere,
2664 1112 2785 1183 quia
2813 1128 3205 1171 commemoras
3221 1117 3553 1174 sententiam
3575 1135 3738 1190 quam
3776 1110 3778 1174 ξ

2126 1200 2260 1256 dixit
2305 1201 2360 1256 in
2389 1201 2730 1258 Caecilianum
2756 1203 2903 1260 velut
2928 1206 3154 1276 puniens
3185 1206 3514 1275 traditores;
3547 1225 3620 1264 ac
3649 1226 3737 1265 ar-

2130 1295 2480 1364 gumentaris,
2506 1296 2624 1351 fieri
2651 1310 2756 1351 non
2786 1297 3026 1368 potuisse
3069 1308 3128 1355 ut
3163 1299 3392 1357 traditor
3413 1301 3581 1358 fuerit
3601 1345 3621 1370 ,
3653 1304 3739 1374 Qui

2128 1385 2426 1441 traditionis
2459 1395 2565 1442 tam
2593 1401 2815 1444 severus
2845 1389 2988 1445 ultor
3015 1393 3314 1448 exstiterit:
3342 1393 3501 1464 quasi
3529 1394 3740 1465 aliquid

2125 1478 2364 1534 severius
2425 1478 2672 1536 videatur
2722 1481 2740 1512 ί
2784 1481 2895 1539 illis
2963 1485 3311 1555 nequissimis
3385 1487 3738 1556 senioribus,

2125 1571 2338 1641 quando
2363 1572 2420 1628 in
2450 1573 2803 1632 occidendam
2838 1575 3137 1635 Susannam
3159 1587 3308 1635 tanta
3345 1581 3609 1637 instantia
3633 1599 3737 1637 sre-

2123 1661 2370 1729 viebant,
2396 1679 2520 1720 cum
2552 1680 2740 1722 eorum
2780 1669 3110 1726 conscientia
3138 1671 3256 1743 ipso
3281 1671 3490 1745 ﬂagitio
3519 1673 3740 1730 fodere-

2127 1761 2233 1822 Iur,
2259 1753 2402 1826 quod
2431 1771 2489 1812 se
2517 1756 2572 1813 in
2595 1758 2683 1813 illa
2715 1761 2907 1831 punire
2927 1761 3065 1818 velle
3093 1761 3366 1834 fingebant
3394 1765 3562 1837 (Dan.
3588 1773 3732 1836 xm).

2123 1845 2227 1901 Sed
2250 1847 2560 1907 omittamus
2583 1850 2708 1908 talia
2736 1870 2750 1908 :
2792 1853 2921 1924 quid
2947 1852 3290 1912 Felicianus?
3317 1858 3582 1930 numquid
3629 1875 3737 1916 non

2123 1951 2246 1994 cum
2269 1939 2538 1998 Primiano
2559 1958 2704 2000 nunc
2726 1943 3100 2016 damnatquod
3117 1962 3241 2004 cum
3261 1947 3594 2006 Maximiano
3623 1952 3738 2021 ipse

2124 2033 2422 2102 commisit,
2459 2036 2556 2092 sed
2581 2039 2738 2108 plane
2794 2039 3018 2096 meliore
3075 2045 3342 2100 sententia
3387 2047 3737 2112 correctior,

2126 2139 2233 2181 non
2263 2126 2646 2198 impudentior?
2675 2129 2829 2197 Quod
2855 2131 3103 2188 Silvanus
3129 2133 3175 2189 si
3216 2133 3395 2191 facere
3424 2139 3733 2205 voluisset,

2123 2233 2232 2274 non
2261 2219 2314 2274 in
2361 2219 2649 2279 Caeciliano
2693 2221 2914 2290 falsam,
2943 2224 3039 2280 sed
3067 2225 3119 2280 in
3151 2240 3210 2282 se
3246 2226 3366 2298 ipso
3395 2243 3590 2285 veram
3623 2240 3734 2286 tra-

2123 2309 2378 2366 ditionem
2410 2312 2608 2369 salubri
2653 2315 3030 2373 emendatione
3050 2316 3364 2376 damnasset
3382 2362 3398 2388 ,
3425 2328 3487 2378 et
3518 2322 3589 2378 ad
3615 2322 3734 2379 Ca:-

2124 2401 2301 2457 ciliani
2345 2404 2707 2461 innocentiam
2729 2449 2744 2475 ,
2773 2408 2983 2463 etiamsi
3040 2424 3148 2466 non
3191 2410 3484 2482 episcopus
3505 2454 3524 2480 ,
3551 2421 3734 2471 tamen

2124 2503 2364 2552 correcta
2411 2497 2672 2567 pravitate
2723 2500 3004 2556 transisset
3034 2517 3046 2555 :
3072 2501 3214 2557 sicut
3251 2501 3572 2561 Felicianus
3597 2508 3620 2538 ¹
3669 2507 3732 2562 ad

2125 2586 2451 2645 Primianum
2469 2631 2484 2656 ,
2512 2606 2671 2662 quem
2707 2592 2954 2650 similiter
2980 2603 3038 2650 ut
3072 2595 3162 2651 ille
3191 2595 3547 2656 Caecilianum
3578 2601 3733 2658 dam-

2125 2691 2346 2738 naverat
2365 2683 2707 2742 innocentem
2729 2727 2744 2756 ,
2777 2687 2950 2758 potuit
2979 2698 3156 2745 tamen
3199 2691 3318 2747 sine
3361 2694 3584 2750 macula
3615 2695 3734 2751 Pri-

2125 2773 2291 2830 miani
2318 2776 2404 2831 vel
2443 2790 2538 2832 sua
2563 2793 2686 2833 cum
2712 2779 3004 2851 cpiscOpali
3045 2779 3208 2836 etiam
3239 2780 3445 2840 honore
3466 2785 3731 2843 transire.

2195 2867 2285 2924 67.
2316 2868 2426 2925 Nec
2473 2869 2603 2926 illud
2652 2871 2794 2942 quod
2835 2871 2979 2940 dixi,
3029 2874 3197 2929 nescio
3239 2890 3366 2946 quos
3413 2878 3729 2946 traditam,

2123 2979 2249 3034 quos
2268 2964 2418 3019 vestri
2445 2965 2666 3036 majores
2707 2966 3025 3038 arguebant,
3057 2969 3104 3024 si
3126 2969 3368 3025 veraciter
3400 2973 3695 3044 arguebant
3716 3015 3731 3042 ,

2124 3054 2352 3111 debuisse
2375 3057 2689 3124 convincere;
2712 3057 2790 3114 sic
2819 3061 3125 3131 acceperis,
3159 3069 3413 3134 tanquam
3451 3065 3566 3124 hoc
3587 3066 3731 3139 apud

2125 3163 2186 3205 se
2209 3148 2353 3220 ipsos
2380 3149 2555 3206 facere
2594 3143 2898 3207 debuerint.
2930 3151 3020 3209 Sic
3044 3155 3189 3209 enim
3237 3157 3567 3227 respondes,
3597 3159 3732 3230 quod

2125 3243 2368 3314 fecerint,
2400 3252 2448 3298 et
2473 3243 2588 3300 ideo
2618 3254 2815 3301 nostros
2841 3246 3121 3318 perdidisse
3157 3247 3478 3320 Baptismum
3509 3255 3734 3322 judica-

2123 3338 2302 3392 verint.
2335 3337 2480 3410 Lege
2502 3339 2652 3409 prius
2690 3339 2972 3412 diligenter
2998 3349 3186 3398 contra
3229 3341 3374 3414 quod
3418 3343 3659 3412 scribis;
3684 3358 3735 3403 et

2125 3437 2218 3484 aut
2256 3429 2489 3503 intellige
2522 3447 2641 3502 quae
2687 3431 2972 3499 dicuntur,
2999 3441 3092 3488 aut
3136 3432 3251 3489 noli
3285 3432 3432 3506 quod
3463 3434 3736 3510 intelligis

2125 3530 2335 3577 vertere
2386 3521 2442 3576 in
2482 3522 2646 3578 aliud.
2682 3522 2798 3594 Ego
2825 3522 2938 3579 dixi
2961 3565 2977 3594 ,
3009 3539 3119 3580 non
3154 3524 3302 3597 apud
3329 3533 3581 3594 vestros,
3633 3530 3734 3584 sed

2123 3615 2262 3688 apud
2293 3615 2566 3673 Ecclesias
2605 3617 2992 3673 transmarinas
3014 3659 3030 3686 ,
3061 3617 3259 3689 quibus
3301 3618 3625 3676 innocentes
3654 3621 3732 3677 illi

2123 3707 2440 3764 videbantur
2477 3711 2567 3779 qui
2611 3709 2990 3780 arguebantur,
3025 3724 3057 3764 a
3103 3710 3299 3767 vestris
3347 3725 3443 3769 eos
3467 3711 3732 3770 debuisse

2122 3801 2388 3858 convinci.
2405 3800 2538 3856 Nam
2560 3809 2616 3858 et
2641 3799 3082 3860 Maximianenses
3097 3803 3403 3860 convictum
3415 3805 3517 3861 sibi
3534 3805 3733 3863 viden-

2124 3904 2213 3952 tur
2238 3895 2524 3953 damnasse
2548 3895 2873 3952 Primianum
2900 3939 2914 3966 ,
2947 3897 3042 3954 sed
3063 3912 3168 3954 non
3186 3897 3328 3970 apud
3353 3913 3450 3956 eos
3474 3900 3568 3971 qui
3603 3900 3729 3957 lon-

2122 3992 2240 4062 gius
2281 3989 2482 4060 positi,
2513 3996 2567 4045 et
2590 4003 2620 4044 a
2665 3990 2836 4060 gratia
2873 3988 2958 4045 vel
3009 3988 3206 4046 invidia
3250 3991 3576 4048 remotiores
3617 3993 3732 4050 tale

2121 4081 2190 4139 de
2251 4082 2342 4138 illo
2409 4090 2629 4153 possent
2683 4081 2826 4137 ferre
2875 4079 3133 4152 judicium
3163 4123 3181 4150 ,
3236 4081 3382 4154 quod
3453 4085 3728 4142 universa:

2125 4176 2262 4249 parti
2291 4174 2484 4231 Donati
2512 4174 2665 4232 facile
2689 4174 3026 4246 probaretur.
3068 4174 3219 4232 Nunc
3251 4190 3386 4232 vero
3424 4175 3728 4235 damnave-

2123 4277 2248 4325 runt
2275 4283 2399 4325 eum
2424 4277 2638 4325 centum
2663 4308 2679 4336 ,
2710 4277 2766 4324 et
2793 4268 3021 4339 amplius
3055 4283 3214 4340 quam
3257 4269 3516 4327 trecentis
3537 4270 3729 4328 absol-

2122 4361 2353 4418 vendum
2369 4360 2719 4432 reliquerunt,
2742 4361 2883 4432 apud
2895 4376 3030 4434 quos
3043 4362 3139 4432 ipsi
3161 4362 3460 4433 periculum
3495 4363 3726 4421 damna-

2123 4456 2284 4512 tionis
2314 4456 2666 4512 incurrerent.
2699 4455 2791 4510 Eis
2811 4456 3008 4528 quippe
3034 4463 3140 4512 tam
3172 4455 3416 4527 pluribus
3441 4473 3596 4514 suam
3621 4459 3727 4516 de-

2122 4549 2353 4605 buerunt
2378 4548 2701 4619 persuadere
2728 4548 3071 4618 sententiam,
3098 4558 3156 4605 ut
3179 4548 3281 4620 ipsi
3312 4565 3438 4609 cum
3468 4553 3550 4608 eis
3574 4553 3726 4610 intus

2123 4649 2303 4696 essent
2331 4683 2346 4708 ,
2378 4640 2679 4696 Primianns
2725 4649 2906 4696 autem
2953 4639 3084 4696 foris
3113 4683 3128 4708 ,
3159 4639 3205 4695 si
3257 4640 3544 4699 damnatus
3600 4659 3723 4716 pa:-

2123 4732 2398 4790 nitentiam
2429 4734 2748 4805 respuisset.
2789 4733 2847 4790 Si
2887 4742 3068 4790 autem
3111 4731 3213 4788 hoc
3238 4741 3348 4788 tam
3376 4734 3569 4805 majori
3613 4753 3722 4792 nu-

2121 4846 2274 4888 mero
2291 4830 2313 4862 ³
2338 4830 2662 4902 collegarum
2678 4870 2693 4897 ,
2714 4837 2769 4886 et
2810 4837 2890 4884 tot
2911 4842 3023 4884 suae
3041 4828 3438 4885 communionis
3461 4827 3720 4888 Eeclesiis

2123 4942 2217 4999 per
2244 4935 2408 4982 totam
2444 4923 2680 4980 Africam
2709 4922 2916 4979 diffusis
2942 4919 3268 4992 persuadere
3304 4937 3413 4977 non
3457 4933 3716 4994 possent;

2123 5033 2214 5079 aut
2241 5023 2560 5079 sententiam
2584 5035 2739 5077 suam
2765 5017 2992 5074 consilio
3017 5015 3233 5072 saniore
3253 5015 3647 5083 rescinderent,
3667 5019 3718 5074 in

2123 5130 2226 5186 qua
2266 5114 2378 5169 falli
2423 5115 2560 5169 sicut
2605 5111 2850 5167 homines
2893 5108 2961 5165 de
3005 5107 3224 5164 homine
3268 5117 3597 5178 potuerunt;
3632 5121 3720 5166 aut

2123 5210 2166 5264 si
2193 5223 2318 5264 vera
2340 5210 2454 5277 ejus
2484 5205 2708 5260 crimina
2736 5204 2853 5259 sine
2889 5201 2994 5258 ulla
3022 5201 3362 5257 dubitatione
3393 5201 3712 5268 didicerant,

2123 5316 2242 5372 quae
2291 5308 2467 5356 tamen
2514 5296 2838 5368 persuadere
2882 5303 3030 5351 tanto
3079 5294 3324 5366 pluribus
3370 5296 3582 5354 cmteris
3609 5310 3713 5352 non

2188 5482 2204 5514 ³
2227 5487 2327 5528 Am.
2352 5484 2426 5527 Er.
2454 5483 2505 5527 et
2527 5483 2656 5536 Mss,
2677 5472 2946 5526 videbatur.

2184 5544 2204 5575 ²
2229 5549 2278 5591 ιιι
2300 5550 2426 5604 Mss,
2450 5537 2491 5590 si
2516 5537 2801 5604 Felicitmns,
2861 5599 2871 5604 _
3365 5597 3380 5604 _
3584 5593 3597 5604 .

2123 5602 2477 5730 “accusati?
2491 5601 2673 5655 crimen
2694 5599 2872 5667 majori
2901 5610 3116 5656 ntmtero.
3142 5605 3200 5651 At
3223 5605 3331 5652 Mss.
3365 5597 3496 5664 loco,
3517 5597 3713 5668 crium,

2253 5682 2284 5721 ιι
2309 5703 2325 5735 ,
2444 5702 2459 5720 .
2959 5718 2964 5724 .
