3778 6132
48 343 337 407 valebant,
391 344 679 397 nocentem
727 331 961 389 scientes
1003 325 1297 383 tolerarent
1340 315 1656 392 prudentius

48 450 99 494 et
122 434 477 510 patientius,
518 443 676 500 quam
716 440 777 481 se
817 439 849 479 a
897 429 976 478 tot
1017 410 1524 510 innocentibus—qui
1558 409 1662 464 ista

51 506 333 588 nescirent
358 566 376 592 ,
435 524 601 593 impio
644 519 932 577 schismate
996 517 1329 586 separarent.
1395 506 1666 562 Tenerent

49 626 188 682 enim
217 623 377 678 illam
411 620 556 678 beati
586 615 836 690 Cypriani
865 609 1231 683 plenissimam
1247 603 1521 661 charitatis
1548 599 1664 670 pie-

50 721 282 789 tatisque
314 714 648 771 sententiam
667 753 682 778 ,
712 725 816 780 qua
842 706 973 763 dicit
1001 723 1017 760 :
1061 701 1202 757 Nam
1235 698 1328 753 etsi
1355 695 1584 789 videntur
1606 691 1668 789 in

53 786 284 866 Ecclesia
326 825 450 865 esse
475 806 705 870 zizania,
737 819 838 858 non
884 810 1052 855 tamen
1091 792 1328 866 impediri
1367 789 1507 845 debet
1541 786 1668 857 ﬁdes

52 914 132 958 aut
148 903 391 956 cltaritas
418 907 625 962 nostra;
651 905 706 951 ut
724 892 965 967 quoniam
1002 887 1201 942 zizania
1223 900 1330 939 esse
1355 884 1410 936 in
1434 877 1671 934 Ecclesia

54 995 309 1050 cernimus
329 1036 346 1059 ,
376 992 483 1062 ipsi
523 989 586 1044 de
607 986 837 1042 Ecclesia
861 981 1155 1037 recedamus
1184 973 1442 1046 (Epistola
1457 969 1524 1024 ad
1554 967 1672 1062 Mia-

55 1084 333 1156 ximinum)
348 1061 527 1152 .Quod
539 1080 756 1152 quidem
771 1077 874 1132 Illis
896 1084 1023 1130 tunc
1041 1069 1340 1142 prodesset,
1358 1066 1402 1121 si
1419 1066 1474 1120 in
1495 1061 1673 1156 Eccle-

58 1183 147 1238 siae
160 1154 461 1237 catholica:
477 1174 682 1247 gremio
710 1169 918 1242 purgati
949 1169 1296 1237 purgamenta
1321 1154 1670 1247 tolerarent‘,

58 1289 173 1345 qua:
188 1281 322 1326 ante
345 1244 562 1339 tempus
588 1276 838 1335 separare
877 1273 983 1314 non
1013 1260 1251 1328 possent.
1281 1248 1387 1306 Sed
1415 1244 1556 1318 quod
1581 1256 1676 1299 eos

60 1344 290 1420 dicimus
347 1362 407 1417 in
464 1359 565 1414 hac
608 1353 808 1412 erroris
844 1349 1013 1406 vestri
1060 1344 1350 1408 societate,
1383 1352 1542 1410 quam
1583 1350 1677 1390 ve-

62 1475 172 1513 ram
215 1455 532 1513 Ecclesiam
588 1464 708 1506 esse
760 1440 1124 1505 arbitramini,
1171 1438 1347 1492 facere
1387 1430 1633 1489 debuisse
1656 1466 1674 1495 ,

65 1551 161 1605 hoc
207 1546 458 1616 majores
501 1541 664 1598 vestri
711 1540 766 1594 in
808 1536 895 1592 illa
939 1530 1221 1605 perSpicue
1266 1539 1414 1590 vera,
1446 1523 1500 1577 in
1526 1519 1679 1616 cujus

65 1641 264 1697 unitate
299 1611 551 1700 fuerunt,
591 1649 661 1688 ne
696 1631 764 1686 ab
801 1629 891 1684 illa
935 1626 1334 1695 separarentur,
1361 1617 1536 1672 facere
1577 1611 1679 1668 de-

67 1734 318 1789 buerunt.
383 1729 540 1786 Sicut
583 1724 726 1781 enim
779 1718 1002 1792 quilibet
1053 1713 1222 1786 partis
1269 1715 1464 1766 vestrae
1517 1703 1680 1759 homo

69 1840 280 1880 causam
308 1817 578 1877 Primiani
604 1826 825 1888 prorsus
849 1812 1123 1882 ignorans,
1150 1812 1332 1860 tamen
1380 1795 1622 1888 quamvis
1649 1808 1682 1848 a

73 1927 282 1974 centum
315 1886 835 1969 Maximian'ensibus
860 1903 1169 1958 damnatum
1197 1936 1212 1963 ,
1242 1891 1558 1964 simpliciter
1601 1886 1684 1941 in-

74 2015 360 2064 nocentem
386 2001 563 2060 credit
590 2012 735 2065 eum,
758 1995 847 2066 qui
878 1999 1025 2048 tanto
1049 1987 1292 2061 pluribus
1316 1999 1375 2040 se
1403 1977 1680 2053 probavit:

77 2102 143 2155 ita
170 2100 338 2156 etiam
381 2097 440 2152 in
469 2090 846 2150 communione
869 2083 1155 2149 catholica,
1185 2092 1346 2150 quem
1373 2088 1534 2131 causa
1563 2071 1683 2128 Ca:-

81 2191 254 2248 ciliani
286 2191 429 2246 latet
455 2229 471 2255 ,
517 2200 625 2240 non
675 2179 944 2238 immerito
971 2174 1074 2232 sibi
1125 2172 1466 2227 innocentem
1516 2163 1685 2218 fuisse

80 2281 371 2353 persuadet
391 2293 516 2336 eum
543 2317 558 2344 ,
587 2273 679 2346 qui
702 2287 812 2327 non
841 2269 1015 2324 solum
1046 2279 1140 2336 per
1179 2261 1412 2317 Africam
1438 2299 1454 2326 ,
1499 2269 1685 2311 verum

82 2351 234 2429 etiam
265 2387 370 2442 per
404 2379 484 2425 tot
530 2364 772 2438 gentium
829 2357 1240 2416 christianarum
1289 2359 1496 2442 terras,
1540 2351 1689 2400 tanto

85 2439 324 2534 pluribus
373 2457 641 2532 episcopis
691 2451 902 2510 caneris
929 2449 1014 2505 vel
1054 2447 1386 2502 innotescere
1434 2439 1691 2534 innocens

89 2530 252 2628 potuit
276 2555 369 2611 vel
399 2530 660 2609 occultari
684 2559 888 2604 nocens
919 2559 933 2596 :
963 2537 1105 2611 apud
1144 2549 1281 2607 quos
1309 2530 1496 2628 autgab
1523 2541 1690 2600 agno-

91 2626 269 2706 scente
298 2646 505 2704 meruit
527 2641 766 2706 absolvi,
809 2644 901 2692 aut
926 2649 1034 2690 non
1077 2629 1272 2687 meruit
1300 2627 1368 2681 ab
1413 2626 1693 2696 ignorante

91 2742 328 2800 damnari
351 2783 369 2809 ,
402 2747 498 2795 aut
521 2741 776 2804 corrupto
793 2729 972 2802 judice
994 2733 1179 2782 contra
1210 2734 1371 2792 quam
1392 2722 1689 2809 meruerat,

92 2805 387 2901 absolutus,
422 2847 533 2888 non
557 2825 730 2900 potuit
756 2823 875 2880 aliis
919 2819 1011 2892 qui
1060 2831 1168 2872 non
1200 2812 1575 2901 iudicaverunt
1597 2805 1694 2901 de-

95 2897 404 2984 monstrari.
437 2897 754 2990 Vos-igitur
803 2913 1062 2981 sacrilega
1090 2903 1430 2976 separatione
1473 2899 1543 2954 ab
1572 2897 1693 2953 uni-

96 3028 195 3076 tate
218 3018 546 3091 populorum
576 3006 938 3067 innocentium
958 3010 1035 3056 tot
1064 3006 1441 3064 tantorumque
1472 3003 1690 3091 separa-

97 3088 239 3176 mini,
267 3088 363 3180 qui
395 3121 520 3164 cum
540 3104 592 3159 in
620 3102 722 3156 hac
746 3111 908 3155 causa
930 3092 1139 3166 judices
1165 3103 1286 3146 esse
1314 3101 1422 3180 non
1447 3088 1690 3180 possent,

97 3210 185 3257 aut
206 3169 386 3257 nullos
409 3198 536 3253 hinc
560 3194 728 3250 fuisse
749 3188 958 3262 judices
977 3226 992 3251 ,
1017 3191 1110 3238 aut
1133 3189 1312 3237 utrum
1341 3175 1468 3232 hinc
1495 3169 1697 3243 aliquid

53 3297 58 3300 ’
101 3294 177 3349 vel
203 3294 330 3366 quid
355 3291 660 3366 judicatum
685 3284 756 3340 sit
776 3280 1086 3338 nescierunt
1108 3317 1124 3344 ,
1154 3281 1248 3329 aut
1292 3268 1479 3366 electis
1504 3263 1699 3338 judici-

103 3382 195 3440 bus
219 3361 405 3456 potius
425 3395 585 3453 quam
607 3375 762 3432 vietis
813 3367 1168 3443 litigatoribus
1191 3361 1552 3456 crediderunt.

166 3449 396 3535 caper
435 3449 691 3530 ιω...
717 3465 806 3524 es.
847 3463 982 3519 Hinc
1028 3460 1292 3521 docetur,
1340 3455 1395 3510 in
1425 3467 1493 3509 eo
1533 3449 1697 3507 etiam

105 3568 238 3640 quod
261 3585 330 3626 ex
359 3568 452 3624 illa
480 3579 600 3621 mea
628 3555 1014 3633 quadripartita
1037 3549 1416 3609 distributione
1445 3546 1692 3640 ultimum

110 3635 197 3718 tibi
219 3662 236 3730 (
257 3674 436 3733 neque
459 3657 606 3715 enim
633 3651 776 3709 aliud
805 3643 1052 3722 poteras)
1084 3641 1311 3715 elegisti,
1340 3653 1499 3733 quam
1527 3635 1686 3733 facile

109 3727 450 3822 superemini.
479 3746 598 3803 Dixi
622 3744 766 3800 enim
813 3737 957 3811 quod
995 3735 1042 3792 si
1068 3735 1384 3790 documenta
1411 3727 1697 3785 criminum

111 3842 404 3898 traditionis
430 3839 624 3896 fuerint
647 3851 716 3891 ex
743 3841 969 3902 utraque
999 3834 1151 3898 parte
1177 3823 1404 3894 prolata,
1427 3827 1519 3876 aut
1542 3827 1691 3874 utra-

112 3949 207 4004 que
247 3944 371 3992 sunt
400 3945 528 3988 vera
553 3971 568 3996 ,
596 3936 690 3983 aut
729 3933 959 3993 utraque
1003 3918 1168 3982 falsa;
1200 3923 1293 3970 aut
1319 3921 1499 3968 nostra
1527 3923 1665 4004 vera
1678 3950 1694 3976 ,

115 4001 164 4079 et
186 4037 359 4082 vestra
391 4024 553 4088 falsa;
581 4028 674 4075 aut
699 4023 883 4072 nostra
931 4011 1062 4066 falsa
1087 4051 1102 4076 ,
1133 4016 1189 4064 et
1226 4016 1404 4063 vestra
1431 4018 1578 4059 vera.
1624 4001 1696 4057 Et

117 4128 227 4171 cum
257 4119 308 4171 in
340 4117 516 4172 tribus
541 4106 906 4182 superioribus
935 4101 1240 4158 facillimam
1265 4105 1502 4154 nostram
1529 4095 1698 4150 victo—

118 4208 241 4264 riam
269 4209 722 4266 demonstrassem
745 4198 880 4273 (Lib.
912 4197 940 4252 1
969 4203 1146 4250 contra
1189 4190 1409 4244 Litteras
1432 4185 1697 4254 Petiliam',

121 4301 312 4376 11.25),
340 4303 395 4357 in
425 4307 617 4370 quarto
642 4306 856 4365 quoque
883 4303 980 4346 vos
1007 4285 1148 4342 vinci
1167 4325 1183 4350 ,
1211 4292 1310 4376 aut
1329 4277 1699 4376 minus__intel-

122 4370 306 4462 lexisti,
339 4403 435 4449 aut
461 4388 602 4462 quod
633 4386 802 4457 magis
826 4381 1006 4447 credo,
1038 4393 1106 4435 ne
1131 4375 1200 4432 ab
1227 4373 1345 4428 aliis
1371 4370 1698 4462 intelligere-

123 4490 221 4548 tur,
241 4459 424 4541 nescio
442 4459 634 4554 quibus
659 4473 984 4532 umbraculis
1009 4470 1062 4526 id
1088 4473 1310 4524 conatus
1335 4463 1608 4533 obtegere,
1632 4459 1701 4554 de

123 4550 586 4646 argumentationis
630 4582 830 4641 genere
875 4559 1256 4634 disputandum
1285 4553 1484 4627 putasti
1514 4571 1527 4608 :
1560 4550 1702 4607 unde

127 4669 273 4724 etiam
309 4670 443 4726 alias
467 4669 488 4698 ²
510 4707 526 4733 ,
559 4665 604 4722 si
630 4677 767 4732 opus
810 4658 1012 4724 fuerit,
1043 4654 1270 4710 fortasse
1313 4646 1659 4704 tractabimus
1681 4685 1699 4714 ,

129 4775 190 4818 ne
207 4772 414 4836 tempus
437 4775 582 4818 nunc
605 4757 765 4814 rebus
794 4769 901 4809 non
929 4747 1249 4807 necessariis
1275 4745 1627 4836 insumamus.

83 4865 106 4904 θ
191 4832 412 4914 CAPUT
430 4847 778 4910 LV|l|.—69.
800 4843 1031 4902 Proinde
1046 4838 1281 4904 attende,
1304 4845 1479 4892 utrum
1498 4832 1704 4889 valeam

133 4943 178 4998 in
207 4945 292 5002 illo
326 4945 609 5019 perspicuo
651 4939 868 5012 speculo
910 4946 1091 4993 vestro
1114 4973 1131 5000 ,
1159 4931 1262 4986 hoc
1300 4937 1384 4985 est
1406 4969 1423 4996 ,
1455 4929 1508 5019 in
1536 4939 1698 4982 causa

135 5018 609 5094 Maximianensium
658 5031 819 5088 etiam
869 5028 971 5084 hoc
1021 5025 1412 5082 demonstrare.
1464 5018 1705 5088 Namque

135 5130 344 5186 mortuis
366 5127 614 5185 omnibus
651 5133 706 5181 et
743 5120 884 5193 apud
923 5133 1059 5190 quos
1085 5117 1199 5170 haec
1223 5120 1372 5184 gesta
1401 5116 1559 5174 sunt,
1589 5105 1706 5163 fieri

137 5215 404 5288 aliquando
428 5215 628 5290 poterit
652 5222 713 5270 ut
741 5213 879 5268 inter
906 5217 1116 5266 vestros
1144 5212 1201 5261 et
1221 5203 1434 5258 illorum
1460 5205 1706 5290 posteros

138 5313 346 5374 quaestio
393 5288 789 5368 communionis
834 5302 1063 5374 agitetur
1096 5315 1110 5352 :
1143 5294 1333 5352 dicturi
1383 5299 1507 5348 sunt
1554 5288 1630 5345 illi
1675 5304 1708 5345 a

141 5401 407 5471 majoribus
442 5402 553 5459 suis
586 5399 760 5456 ferme
796 5403 1011 5452 centum
1051 5389 1138 5447 vel
1167 5386 1398 5458 amplius
1439 5380 1706 5454 episcOpis

197 5533 364 5600 ,‘Editi,
386 5537 429 5589 si
447 5537 500 5588 in
522 5531 750 5586 Ecclesia:
773 5522 1712 5600 catltolictcyurqamentis

145 5589 394 5659 lqleraren't.
413 5608 468 5649 At
477 5606 602 5657 Mss,
623 5589 1083 5659 pro,purgamentis,
1095 5589 1308 5649 habent,
1325 5589 1509 5650 gremio
1529 5593 1709 5647 purga-

146 5651 491 5727 Mel.ng
509 5651 855 5727 putealis-If
963 5713 974 5727 .
1072 5719 1084 5727 _

197 5719 218 5750 ³
231 5709 297 5774 sic
311 5709 492 5789 aliquot
509 5709 624 5772 itss‘.’
639 5728 692 5768 At
715 5718 852 5775 editi,
876 5713 1003 5764 unde
1039 5719 1085 5764 et
1108 5724 1218 5764 cum
1240 5709 1366 5762 aliis.

361 5811 588 5873 SANCT.
628 5811 902 5868 AUGUS'r.
939 5799 1054 5860 IX.

1417 199 1623 260 LIBER
1656 195 2005 268 QUARTUS.

3250 195 3361 259 886

1775 314 2085 369 damnatum
2103 324 2223 370 esse
2247 306 2595 382 Primianum,
2625 318 2678 370 ct
2701 314 2845 372 illam
2873 315 3047 386 primo
3073 329 3190 386 quae
3216 316 3360 385 apud

1771 407 2167 479 Carthaginem,
2189 407 2384 464 deinde
2404 408 2563 464 aliam
2590 425 2708 479 quae
2730 409 2872 481 apud
2891 409 3204 466 Cebarsussi
3228 424 3361 466 con-

1774 509 1854 555 tra
1879 515 2006 557 eum
2043 502 2344 572 conscripta
2375 510 2457 558 est
2494 505 2809 559 sententiam
2848 504 3107 575 prolaturi
3132 522 3146 571 ;
3175 515 3365 560 contra

1773 590 1938 646 vestri
1978 590 2262 646 concilium
2312 591 2603 661 Bagaiense
2650 595 2972 650 recitabunt.
3022 595 3367 667 Flagitabunt

1776 684 1888 753 illi,
1916 693 1976 740 ut
2002 684 2166 740 diluta
2193 699 2314 740 esse
2354 684 2648 740 doceantur
2673 689 2892 743 crimina
2923 689 3213 756 Primiani,
3243 705 3366 759 qua:

1775 788 1992 831 suorum
2023 775 2283 846 majorum
2322 775 2583 830 sententia
2603 777 2961 831 continentur.
2977 780 3165 836 Nonne
3193 781 3366 836 multo

1773 865 1970 938 justius
1993 867 2170 924 dicent
2185 865 2352 922 vestri
2377 885 2390 920 :
2415 867 2541 922 llam
2565 868 2786 923 crimina
2809 883 2931 937 qua:
2956 867 3185 936 objicitis
3201 872 3369 926 etiam

1777 968 1990 1016 mortuo
2021 961 2064 1028 ⁸,
2095 962 2142 1016 si
2163 975 2291 1016 vera
2321 960 2448 1028 sint,
2476 959 2580 1016 hoc
2609 961 2850 1030 probate,
2874 960 3015 1032 quod
3041 962 3108 1015 ad
3136 961 3368 1031 majores

1780 1059 1994 1107 nostros
2019 1066 2082 1108 ea
2109 1051 2427 1121 detuleritis,
2455 1053 2597 1123 quod
2623 1053 2700 1108 eis
2729 1053 2846 1108 haec
2871 1068 2998 1108 vera
3019 1053 3370 1110 ostenderitis

1780 1157 1902 1199 esse
1934 1159 1948 1198 :
1976 1143 2119 1214 quod
2145 1144 2191 1199 si
2221 1144 2393 1201 facere
2418 1145 2595 1201 conati
2626 1145 2776 1211 estis,
2820 1160 2919 1200 nec
2945 1145 3169 1214 implere
3197 1149 3372 1215 potui-

1783 1232 1910 1299 stis;
1947 1233 2177 1304 majores
2225 1235 2372 1305 ipsos
2418 1242 2631 1290 nostros
2674 1234 2954 1305 inquinare
2992 1250 3098 1289 non
3127 1246 3378 1305 poterant

1781 1323 1955 1378 aliena
1982 1325 2206 1381 crimina
2230 1367 2245 1392 ,
2276 1326 2520 1396 quamvis
2548 1341 2673 1382 vera
2696 1367 2712 1393 ,
2747 1343 2868 1398 quae
2897 1326 3001 1382 illis
3030 1343 3136 1382 non
3165 1328 3382 1383 fuerant
3471 1311 3473 1313 1

1783 1415 2186 1474 demonstrata?
2221 1427 2421 1490 quanto
2467 1419 2646 1476 minus
2691 1421 2737 1475 si
2785 1436 2848 1476 ea
2889 1435 2990 1476 nec
3034 1421 3214 1476 conati
3247 1423 3381 1478 estis
3470 1411 3479 1473 Ξ

1785 1510 2105 1567 ostendere?
2143 1511 2296 1568 Unde
2340 1513 2500 1583 igitur
2526 1513 2596 1568 ad
2647 1528 2745 1570 nos
2791 1528 2970 1570 causae
3015 1515 3156 1570 illius
3198 1525 3383 1571 reatus
3471 1507 3481 1579 ἒ

1785 1604 2014 1659 transire
2043 1605 2251 1675 potuit,
2280 1606 2368 1676 qui
2399 1621 2500 1662 nec
2527 1605 2674 1677 ipsos
2696 1607 2788 1679 qui
2813 1623 2936 1663 cum
2964 1607 3236 1663 Primiano
3255 1618 3384 1664 tunc
3473 1599 3488 1639 "‘-

1786 1699 2036 1755 vivebant
2062 1700 2332 1771 ignoratus
2360 1709 2417 1756 et
2455 1700 2710 1772 probatus
2752 1702 3018 1758 involvit?
3046 1702 3156 1758 Vos
3201 1702 3382 1773 itaque

1789 1791 2092 1848 schismatis
2118 1807 2240 1848 reos
2268 1793 2547 1864 perspicua
2572 1793 2798 1849 veritate
2826 1794 3211 1860 convincimus,
3241 1809 3381 1865 quos

1789 1897 1820 1937 a
1844 1883 1999 1939 nobis
2025 1883 2280 1940 fratribus
2312 1885 2506 1941 vestris
2533 1894 2754 1956 propter
2782 1886 2957 1942 aliena
2987 1887 3229 1953 crimina,
3258 1903 3382 1958 quae

1790 1983 1917 2031 tunc
1935 1974 2226 2046 majoribus
2252 1976 2452 2032 nostris
2471 1977 2837 2032 demonstrata
2864 1993 2970 2031 non
2993 1987 3135 2045 sunt,
3163 1977 3383 2048 quando

1790 2067 2456 2137 fuerantdemonstranda,
2487 2078 2764 2140 separatos
2789 2070 3054 2126 videmus.
3086 2070 3143 2126 Si
3170 2071 3272 2126 hoc
3291 2069 3384 2141 ju-

1792 2162 2026 2219 stissime
2044 2161 2269 2218 dicturae
2293 2170 2414 2217 sunt
2437 2161 2643 2232 plebes,
2667 2172 2720 2218 et
2735 2162 2912 2218 clerici
2934 2178 3117 2218 eorum
3141 2163 3385 2219 locorum

1793 2271 1858 2312 ex
1885 2255 2075 2326 quibus
2102 2264 2255 2311 erant
2281 2257 2510 2312 trecenti
2537 2265 2591 2311 et
2632 2255 2818 2312 decem
2840 2297 2855 2322 ,
2887 2257 2974 2325 qui
3002 2266 3189 2312 contra
3219 2257 3388 2312 Maxi-

1794 2348 2098 2404 mianenses
2124 2349 2417 2420 Bagaiense
2444 2349 2733 2405 concilium
2761 2349 3116 2406 condiderunt
3143 2369 3158 2404 :
3185 2351 3230 2406 si
3257 2350 3386 2420 hoc,

1795 2443 2048 2513 inquam,
2079 2451 2225 2499 recte
2269 2443 2461 2499 dicturi
2508 2453 2631 2499 sunt
2678 2442 2794 2498 Afri
2840 2442 3018 2509 Afris,
3047 2442 3291 2498 Numidae
3332 2454 3390 2502 et

1795 2534 1959 2590 Mauri
1987 2551 2146 2606 quam
2181 2538 2201 2567 ²
2228 2536 2442 2606 plurimi
2472 2537 2655 2607 paucis
2679 2534 2970 2607 Byzacenis
2988 2544 3043 2590 et
3069 2536 3382 2592 Provincia-

1796 2626 1963 2692 libus;
2003 2635 2203 2698 quanto
2244 2626 2440 2697 justius
2485 2627 2554 2683 de
2602 2627 2953 2694 criminibus,
3004 2627 3214 2682 etiamsi
3261 2643 3391 2684 vera

1798 2726 2018 2784 essent,
2062 2719 2244 2773 nescio
2286 2733 2514 2788 quorum
2562 2713 2615 2772 in
2661 2717 2843 2773 Africa
2889 2717 3238 2785 traditorum,
3273 2720 3393 2775 haec

1799 2813 1926 2869 dicit
1945 2811 2090 2868 Afris
2110 2811 2256 2870 orbis
2278 2820 2560 2877 terrarum,
2586 2827 2708 2867 cum
2737 2812 3032 2883 praesertim
3055 2820 3108 2866 et
3129 2813 3182 2867 in
3209 2810 3392 2868 Africa

1799 2906 1912 2978 ipsa
1942 2905 2182 2962 Ecclesia
2223 2905 2484 2961 catholica
2525 2913 2668 2959 tanta
2715 2904 2788 2959 sit
2816 2903 2858 2970 ',
2889 2904 3099 2960 caeteris
3141 2904 3394 2976 gentibus

1801 2998 2018 3053 unitatis
2036 2997 2254 3054 vinculo
2282 2997 2522 3052 sociata?
2546 2996 2676 3065 Quae
2702 2995 3048 3051 nihilominus
3067 2994 3400 3053 documenta

1801 3090 1960 3145 etiam
1983 3089 2268 3144 criminum
2311 3088 2608 3145 alienorum
2629 3128 2645 3154 ,
2678 3103 2797 3158 quae
2842 3087 2972 3142 mihi
3015 3102 3158 3142 nunc
3180 3089 3396 3144 conaris

1801 3181 2106 3249 ostendere,
2133 3197 2243 3236 non
2268 3180 2470 3236 faciunt
2495 3195 2619 3236 reos
2650 3179 2874 3250 p0pulos
2897 3179 3169 3250 gentium;
3198 3179 3397 3250 quibus

1801 3274 2016 3346 quando
2057 3273 2358 3330 debuerunt
2384 3289 2492 3328 non
2536 3272 2901 3328 demonstrata
2945 3280 3109 3340 sunt,
3145 3271 3228 3326 vel
3268 3273 3401 3342 quia.

1803 3384 1911 3424 non
1935 3367 2200 3424 eurastis:
2228 3383 2259 3422 a
2285 3366 2478 3437 quibus
2497 3365 2708 3435 populis
2737 3363 2790 3419 in
2819 3363 2921 3418 hac
2945 3378 3104 3418 causa
3135 3363 3396 3419 innocen-

1803 3460 1967 3528 tibus,
1997 3459 2045 3515 si
2072 3473 2160 3515 me
2188 3457 2550 3514 dissociavero
2574 3498 2590 3524 ,
2621 3471 2718 3526 pro
2747 3453 3060 3510 criminibus
3088 3454 3277 3509 alienis
3305 3455 3396 3510 in-

1803 3569 2004 3612 nocens
2027 3568 2150 3610 esse
2177 3567 2284 3608 non
2312 3559 2498 3622 potero
2526 3564 2557 3604 a
2587 3548 2848 3618 sacrilego
2875 3547 3101 3603 crimine
3127 3547 3396 3602 schisma-

1805 3649 1892 3704 tis.
1920 3646 2171 3713 Proinde,
2199 3653 2259 3701 ut
2283 3643 2572 3716 plurimum
2597 3640 2842 3707 valeatis,
2869 3651 2924 3696 et
2951 3655 3094 3694 nunc
3121 3638 3252 3694 mihi
3276 3638 3398 3695 haec

1803 3756 1930 3799 vera
1960 3754 2081 3797 esse
2115 3737 2354 3795 doceatis
2377 3775 2394 3802 ,
2424 3735 2739 3790 damnamus
2785 3741 3028 3788 mortuos
3067 3730 3352 3788 traditores
3373 3772 3394 3800 ,

1804 3836 1959 3891 vivos
1985 3849 2094 3889 non
2119 3830 2420 3889 deserimus
2449 3830 2781 3886 innocentes.

1876 3926 1967 3982 70.
2006 3925 2140 3982 Cum
2169 3937 2297 3996 ergo
2337 3921 2564 3978 dixerim
2588 3961 2602 3986 ,
2636 3919 2741 3976 Sed
2777 3919 2822 3974 si
2859 3935 2958 3991 qua
2981 3935 3099 3974 vera
3126 3928 3285 3975 essent
3312 3934 3400 3975 ve-

1803 4030 1911 4076 stra
1947 4019 2248 4074 documenta
2271 4058 2287 4085 ,
2319 4013 2598 4080 Ecclesiae,
2633 4015 2727 4068 hoc
2767 4023 2840 4068 est
2864 4054 2880 4079 ,
2921 4014 3184 4068 catholica:
3221 4030 3308 4068 vos
3336 4030 3399 4068 ea

1807 4114 2022 4184 probare
2055 4111 2314 4174 debuisse,
2336 4118 2391 4162 ut
2432 4124 2516 4162 vos
2558 4108 2696 4160 intus
2735 4107 2937 4171 essetis,
2971 4105 3048 4160 illi
3073 4089 3240 4160 autem
3266 4123 3395 4179 quos

1805 4205 2160 4260 convinceretis
2199 4202 2502 4273 pellerentur
2541 4200 2679 4269 foras
2707 4198 2857 4271 (Lib.
2892 4199 2915 4252 ί
2960 4209 3137 4253 contra
3174 4199 3395 4256 Litteras

1808 4299 2071 4366 Petiliani,
2101 4315 2153 4352 η.
2183 4294 2290 4368 24)
2322 4313 2334 4350 :
2367 4294 2493 4366 quid
2516 4301 2598 4349 est
2635 4292 2776 4363 quod
2805 4293 3130 4363 respondere
3157 4294 3398 4362 voluisti,

1806 4393 1919 4449 ideo
1944 4391 2312 4463 separationem
2351 4391 2538 4458 factam
2561 4384 2694 4455 quod
2720 4400 2811 4438 nos
2841 4387 2981 4456 foras
3010 4401 3227 4438 essemus
3270 4401 3399 4455 pro-

1810 4484 1978 4556 pulsi,
2003 4481 2153 4536 vestri
2189 4488 2357 4534 autem
2394 4478 2448 4532 in
2491 4475 2724 4530 Ecclesia
2777 4474 3007 4546 plenaria
3065 4484 3111 4529 et
3145 4475 3400 4531 catholica

1806 4573 2192 4632 remanserunt?
2233 4571 2348 4627 Hoc
2374 4569 2421 4626 si
2469 4567 2690 4625 totidem
2730 4567 2908 4624 verbis
2935 4567 3088 4622 vobis
3118 4568 3402 4624 Maximia-

1808 4684 2006 4727 nenses
2030 4667 2210 4723 dicant
2233 4707 2247 4730 ,
2279 4663 2407 4735 quid
2434 4659 2783 4732 respondebis
2803 4701 2818 4725 ,
2848 4658 2951 4714 nisi
2982 4673 3082 4715 nec
3114 4657 3284 4714 refelli
3310 4659 3400 4714 di-

1807 4779 1979 4838 gnos,
2011 4761 2107 4818 sed
2149 4769 2356 4816 tantum
2400 4756 2598 4822 rideri,
2630 4754 2722 4826 qui
2765 4752 3059 4810 Ecclesium
3104 4751 3402 4822 plenariam

1809 4874 1931 4917 cum
1957 4855 2220 4929 episcopis
2242 4853 2350 4924 jam
2381 4852 2557 4906 minus
2579 4862 2738 4920 quam
2767 4853 2982 4902 centum
3007 4885 3022 4912 ,
3055 4855 3244 4901 contra
3277 4854 3401 4900 tan-

1811 4961 1919 5008 tam
1966 4947 2401 5006 numerositatem
2446 4957 2510 4998 ac
2555 4937 2987 5004 multitudinem,
3037 4939 3123 4992 cui
3170 4938 3401 5007 amplius

1811 5061 1971 5118 quam
2017 5044 2238 5099 trecenti
2282 5037 2608 5110 praesident,
2634 5033 2867 5090 audeant
2901 5030 3170 5088 afﬁrmare
3217 5049 3231 5086 :
3276 5047 3407 5090 cum

1812 5158 1909 5214 per
1932 5153 2119 5197 omnes
2148 5136 2339 5193 Africae
2367 5133 2612 5205 regiones
2637 5129 2728 5187 ubi
2769 5127 3214 5184 Maximianenses
3243 5135 3401 5194 sunt,

1814 5251 1921 5291 non
1943 5234 2082 5290 desit
2105 5231 2263 5288 etiam
2291 5226 2596 5284 communio
2619 5222 2874 5280 Primiani
2898 5241 2911 5277 :
2942 5237 3040 5294 per
3063 5222 3196 5278 alias
3221 5229 3403 5278 autem

1880 5388 1894 5420 ι
1923 5385 2058 5440 Editi,
2083 5381 2227 5433 etiam
2247 5380 2448 5440 mortuis
2477 5388 2495 5426 :
2521 5382 2573 5426 et
2595 5372 2740 5440 paulo
2779 5378 2888 5440 post
2933 5371 3187 5440 ferebant,
3204 5368 3405 5440 άεηιᾳητ

1812 5430 1985 5502 διναὶῖ
1993 5430 2279 5504 ἧόηὶῦιὶιιαις,
2304 5439 2348 5491 si
2368 5452 2426 5490 ea
2447 5451 2535 5489 nec
2559 5430 2717 5488 conati
2737 5430 2852 5488 es'tis
2864 5433 3131 5486 ostendere.
3156 5430 3408 5482 Emendati

1813 5516 2227 5631 ⁵11ῗὲῗέιὲᾒῖπῶ
2247 5571 2377 5631 nota;
2399 5571 2506 5612 Mss.
2532 5568 2588 5611 At
2605 5559 2878 5631 _edi.ti,_.lfri
2903 5557 3047 5631 ,tﬁ'is,
3069 5551 3290 5608 Numida:
3307 5561 3406 5606 Nu-

1816 5635 1980 5693 midis,
2009 5626 2379 5697 Mauris__M_auri,
2408 5621 2765 5697 qttantplttrinti
2786 5621 2972 5688 paucis,
3000 5628 3096 5670 etc.

1886 5701 1907 5734 ³
1929 5691 1993 5747 Ita
2014 5701 2120 5744 Mss.
2140 5691 2255 5742 illiti
2279 5701 2416 5750 vero,
2435 5694 2564 5738 tanto
2585 5691 2663 5738 sit.

2705 5767 3087 5850 (Dirr-neuti
3097 5767 3126 5839 )

3284 5795 3432 5858 ,ἀλ
