3778 6140
316 433 488 503 mtiliti
532 433 711 511 plures
732 421 1058 501 la‘tioresque
1086 423 1280 482 Africae
1321 426 1500 511 partes
1539 427 1705 470 unum
1741 407 1907 511 hiati-

318 530 649 594 mianeu'sem
674 535 833 584 nemo
857 521 1120 594 reperiat,
1147 514 1251 572 nisi
1274 514 1363 568 vix
1398 510 1537 565 forte
1562 500 1908 577 peregrinan-

319 617 475 687 tem?
504 625 619 695 Quo
649 622 807 692 igitur
834 632 926 674 ore
972 622 1156 671 contra
1201 603 1498 663 Ecclesiam
1547 615 1578 654 a
1617 597 1749 653 solis
1791 601 1911 649 ortu

321 737 491 791 usque
515 687 584 774 ad
623 687 868 773 occasum
909 705 1226 778 promissam
1264 713 1398 755 voce
1422 693 1674 752 Veritatis
1703 699 1758 747 et
1783 687 1911 744 red-

321 780 510 879 ditam,
529 810 692 867 audes
722 801 1014 858 Ecclesium
1036 793 1328 869 plenariam
1354 789 1536 846 dicere
1567 792 1775 856 partem
1805 780 1916 836 Do-

324 908 465 969 nati;
505 915 624 956 cum
665 899 778 968 ipsa
828 909 931 950 non
983 892 1051 947 sit
1091 889 1191 944 nisi
1223 884 1418 942 Africte
1443 924 1458 948 ,
1495 880 1587 936 illa
1620 890 1752 933 vero
1792 885 1915 930 cum

262 1058 264 1061 ,
321 1005 401 1058 tot
444 966 698 1066 gentibus
735 991 804 1044 sit
843 996 898 1043 et
945 980 1174 1040 Africm?
1216 977 1324 1034 Sed
1353 973 1602 1066 videlicet
1643 966 1914 1066 istaAillam

319 1058 471 1148 misii
494 1083 672 1141 foras?
697 1081 792 1146 Ne,
820 1091 1024 1150 quaeso,
1053 1084 1112 1130 tu
1140 1073 1294 1128 istam
1317 1081 1504 1123 vocem
1527 1062 1708 1119 mittas
1733 1058 1877 1114 foras
1901 1073 1914 1110 :

245 1237 250 1242 .
321 1185 376 1239 in
406 1180 538 1234 facie
564 1184 647 1233 est
675 1175 821 1228 frons
845 1167 1078 1224 hominis
1101 1208 1116 1231 ,
1145 1178 1253 1218 non
1293 1160 1394 1216 sub
1423 1158 1668 1212 humero.
1699 1151 1919 1221 Ergone

229 1266 266 1344 εἶ
322 1275 428 1327 ista
453 1270 598 1325 illam
625 1263 767 1321 misit
787 1260 964 1317 foras?
991 1258 1110 1314 Non
1134 1254 1304 1321 vides,
1325 1251 1371 1305 si
1389 1249 1480 1306 illa
1499 1245 1726 1303 mittitur
1747 1243 1914 1306 foras,

226 1336 244 1360 ξ’
325 1362 393 1417 de
415 1375 518 1432 qua
549 1357 680 1413 dicit
709 1353 966 1410 Dominus
993 1348 1060 1404 ad
1085 1344 1379 1410 Abraham,
1409 1339 1478 1395 In
1507 1336 1696 1432 semine
1722 1343 1808 1388 tuo
1838 1331 1923 1386 be—

326 1427 623 1508 nedicentur
646 1460 816 1502 omnes
845 1450 1012 1515 gentes
1042 1437 1194 1515 (Gen.
1221 1450 1332 1491 xxu
1357 1475 1373 1501 ,
1399 1431 1536 1502 i8);
1566 1427 1632 1484 de
1660 1440 1762 1497 qua
1785 1439 1923 1495 pra:-

327 1547 525 1603 dictum
553 1541 744 1612 legitur
767 1579 780 1604 ,
811 1534 952 1607 quod
980 1535 1076 1588 erit
1103 1532 1157 1586 in
1183 1525 1465 1584 novissimis
1492 1521 1665 1577 diebus
1700 1517 1920 1588 manife-

327 1639 438 1695 stus
463 1651 605 1690 mons
643 1631 884 1696 Domini,
911 1635 958 1683 'et
1000 1628 1195 1681 uenient
1233 1623 1300 1676 ad
1339 1634 1453 1674 eum
1479 1615 1723 1670 universa:
1756 1616 1924 1682 gentes

333 1730 489 1804 (Isai.
518 1743 575 1793 ιι,
601 1725 669 1797 2)
695 1743 708 1791 ;
739 1724 805 1779 de
830 1737 933 1793 qua
955 1718 1269 1790 praedictum
1294 1712 1520 1776 canitur,
1551 1707 1925 1764 Commemora-

331 1799 516 1880 buntnr
534 1828 580 1873 et
599 1821 944 1873 convertentur
963 1811 1030 1866 ad
1054 1809 1327 1864 Dominum
1343 1801 1566 1858 uniuersi
1593 1799 1719 1868 fines
1747 1806 1916 1860 terrm,

334 1923 386 1971 et
415 1912 701 1969 adorabunt
721 1912 774 1963 in
804 1911 1076 1976 conspectu
1099 1902 1209 1972 ejus
1232 1900 1478 1954 universa:
1498 1892 1678 1966 patria:
1703 1888 1926 1962 gentiam

331 2005 506 2081 (Psat.
524 2006 639 2070 xxi,
653 2000 758 2070 28)
777 2015 792 2066 ;
816 1997 883 2054 de
899 2011 1001 2067 qua
1026 1993 1347 2064 przedicatur
1359 1987 1503 2081 quod
1524 1986 1577 2040 in
1599 1983 1708 2081 tcto
1728 1979 1926 2081 mundo

328 2072 618 2155 iructificet
644 2102 699 2149 et
739 2097 946 2148 crescat
986 2084 1217 2160 (Cotoss.
1245 2098 1284 2150 ι,
1314 2077 1419 2154 6);
1466 2091 1624 2148 quam
1671 2073 1786 2144 ipse
1823 2072 1928 2126 Do-

330 2190 515 2248 minus
543 2186 672 2243 dicit
697 2183 908 2241 dilatari
949 2195 1047 2250 per
1070 2191 1260 2234 omnes
1302 2181 1527 2246 gentes,
1553 2165 1927 2237 incipientibus

331 2283 404 2340 ab
430 2279 724 2338 Jerusalem
758 2275 908 2348 (Luc.
939 2287 1090 2338 xxiv,
1122 2266 1228 2342 47)
1258 2287 1274 2324 :
1307 2281 1436 2333 non,
1461 2265 1705 2334 inquam,
1736 2257 1884 2313 vides
1909 2298 1924 2323 ,

332 2373 382 2430 si
404 2373 522 2429 haec
559 2369 789 2426 mittitur
818 2365 962 2422 feras
985 2404 1000 2430 ,
1029 2377 1149 2418 eam
1186 2375 1309 2416 cum
1340 2358 1458 2428 lege
1477 2352 1580 2410 Dei
1599 2395 1614 2419 ,
1643 2366 1765 2407 cum
1794 2349 1926 2404 Pro-

330 2464 532 2539 phetis,
559 2476 681 2519 cum
709 2457 936 2516 Psalmis
953 2498 971 2524 ,
994 2470 1117 2512 cum
1144 2449 1438 2523 Apostoiis,
1463 2459 1586 2504 cum
1613 2444 1729 2515 ipso
1756 2441 1929 2539 Evan-

335 2531 515 2630 gelia,
547 2567 668 2610 cum
717 2559 829 2608 toto
879 2549 1113 2619 denique
1156 2544 1505 2602 Testamento
1549 2547 1603 2595 et
1649 2551 1772 2593 cum
1808 2531 1931 2605 ipso

332 2645 551 2705 btere'de
574 2642 714 2701 mitti
743 2640 931 2699 foras?

406 2739 630 2798 CAPUT
663 2737 800 2794 LIX.
821 2766 895 2777 —
917 2732 1073 2804 Quod
1101 2731 1250 2787 nefas
1275 2729 1320 2784 si
1345 2724 1597 2791 attendis,
1622 2723 1669 2779 si
1702 2720 1931 2794 perhor-

333 2835 525 2902 rescis,
547 2833 592 2889 si
613 2829 982 2888 contre‘miscis
1005 2842 1022 2892 ;
1046 2825 1170 2881 vide
1196 2823 1285 2880 ubi
1314 2821 1451 2884 sitis,
1477 2826 1534 2875 et
1553 2816 1726 2873 redite
1750 2816 1927 2871 intro:

335 2928 588 2998 quoniam
616 2938 725 2979 non
753 2919 974 2976 misistis
997 2958 1012 2986 ,
1063 2915 1159 2972 sed
1202 2927 1302 2969 vos
1343 2911 1522 2983 potius
1558 2909 1743 2965 existis
1769 2907 1930 2961 foras.

335 2995 473 3077 bide
523 3015 650 3088 quid
699 3015 856 3069 faciat
901 3011 1142 3066 animosa
1191 3005 1404 3061 czecitas
1455 3006 1497 3056 ³.
1542 3000 1744 3056 Dicitur
1790 2995 1934 3088 quod

337 3087 692 3170 Maximianus
715 3104 1045 3161 Primianum
1070 3098 1280 3154 miserit
1295 3094 1461 3159 foras,
1491 3101 1548 3148 et
1571 3090 1775 3147 ridetur
1807 3107 1822 3145 :
1853 3087 1935 3143 di-

337 3203 478 3260 citur
505 3198 647 3271 quod
675 3211 797 3268 pars
823 3191 1015 3250 Donati
1039 3191 1253 3247 labores
1282 3185 1663 3258 ApostOlorum
1689 3196 1788 3253 per
1810 3178 1934 3271 uni-

338 3269 552 3351 versum
597 3287 856 3345 mundum
908 3282 1291 3340 fructiﬁcantes
1336 3287 1392 3334 et
1438 3279 1742 3334 crescentes
1783 3269 1936 3328 misit

339 3386 509 3455 foras,
531 3393 587 3441 et
611 3397 718 3439 non
741 3376 1092 3438 exhorreturl

411 3454 502 3534 7i.
537 3475 617 3532 Ne
644 3473 771 3546 quid
813 3485 946 3528 sane
985 3465 1184 3523 fallaris
1231 3473 1323 3520 aut
1368 3461 1560 3529 fallas,
1590 3457 1841 3531 quoniam
1880 3454 1936 3512 id

339 3570 486 3644 quod
513 3577 623 3624 tam
653 3565 844 3622 crebro
867 3557 1303 3623 commemoravi,
1331 3570 1438 3611 non
1465 3553 1749 3609 advertens
1771 3547 1937 3605 velte

346 3662 644 3722 advertisse
671 3656 1034 3721 dissimulans,
1063 3651 1267 3708 dixisse
1293 3663 1383 3705 me
1420 3646 1678 3711 affirmas,
1705 3659 1807 3698 non
1832 3655 1939 3697 esse

345 3759 601 3829 frumenta
628 3749 903 3816 dominica,
929 3760 1085 3815 quam
1114 3760 1205 3815 ego
1233 3741 1515 3796 Ecclesium
1538 3736 1842 3791 catholicam
1865 3731 1938 3786 sic

344 3826 541 3904 asserui
559 3886 575 3911 ,
608 3840 858 3915 quomodo
886 3855 998 3894 eam
1023 3852 1158 3892 nunc
1197 3834 1415 3890 asserit‘
1449 3831 1717 3902 Scriptura
1744 3826 1934 3881 divina.

343 3939 641 3997 Frumenta
666 3933 779 3988 sola
806 3932 863 3987 in
885 3930 1080 3985 horreo
1101 3926 1464 3981 recondentur
1484 3961 1499 3988 ,
1529 3934 1674 3975 nunc
1696 3915 1940 3974 Ecclesia

346 4041 602 4102 tanquam
623 4039 751 4084 area
779 4037 904 4081 cum
926 4021 1082 4093 palea
1107 4020 1405 4074 trituratur.
1425 4015 1548 4070 ‘lloc
1573 4020 1655 4069 est
1677 4011 1822 4082 quod
1844 4025 1940 4066 vos

346 4131 506 4194 urget
529 4134 595 4178 ac
619 4117 850 4191 premit,
882 4123 938 4172 et
961 4114 1065 4170 nisi
1090 4109 1431 4182 corrigamini
1462 4106 1752 4177 exstinguit
1777 4121 1792 4160 :
1815 4104 1940 4175 quia

348 4214 509 4286 hujus
535 4226 675 4269 areae
699 4210 908 4280 paleam
936 4248 949 4272 ,
981 4205 1124 4277 quod
1163 4219 1260 4259 vos
1287 4216 1408 4258 esse
1434 4196 1770 4255 monstrastis
1792 4236 1807 4262 ,
1831 4209 1940 4252 non

346 4321 446 4364 vos
472 4319 633 4376 posse
659 4302 887 4357 tolerare
915 4297 1146 4362 dixistis,
1181 4303 1459 4366 purgatum
1491 4291 1815 4347 frumentum
1839 4287 1942 4344 im-

348 4397 616 4471 pudenter
643 4409 738 4450 vos
764 4406 885 4448 esse
912 4389 1139 4446 ﬁnxistis
1168 4406 1181 4441 :
1214 4403 1276 4442 ac
1310 4386 1388 4441 sic
1415 4401 1479 4441 ex
1509 4383 1621 4452 ipsa
1645 4396 1766 4436 area
1789 4379 1942 4434 vanis

352 4489 632 4547 calumniis
662 4483 983 4543 turbulentis
1007 4481 1028 4513 ³
1053 4522 1067 4547 ,
1099 4488 1350 4549 tanquam
1395 4475 1697 4532 levissimus
1740 4472 1942 4528 triturae

352 4580 533 4654 pulvis
561 4594 657 4651 per
686 4577 844 4632 inane
868 4573 1110 4630 sublatus
1133 4611 1150 4636 ,
1180 4578 1303 4625 ante
1344 4567 1695 4625 novissimum
1717 4563 1945 4622 ventila-

355 4673 521 4730 tionis
570 4680 782 4741 tempus
829 4665 1036 4723 existis.
1069 4663 1186 4718 Vox
1231 4661 1462 4732 denique
1506 4656 1940 4729 arrogantissima

354 4773 516 4836 atque
560 4761 844 4817 falsissima
881 4761 1062 4813 ves'tra
1110 4762 1195 4809 est
1239 4752 1363 4820 illa,
1395 4768 1503 4807 non
1552 4759 1735 4806 nostra
1757 4790 1773 4817 ,
1808 4747 1944 4818 Quid

355 4855 520 4929 pater:
541 4869 656 4908 cum
700 4854 949 4925 frumento
989 4845 1218 4920 (Jerem.
1249 4859 1402 4910 χχιιι,
1432 4842 1574 4914 28)?
1601 4840 1742 4913 quod
1767 4841 1834 4896 de
1858 4853 1946 4895 so-

357 4947 520 5005 mniis
552 4959 812 5000 vanorum
846 4951 902 4998 et
944 4936 1356 4996 revelationibus
1385 4934 1765 5006 prophetarum
1792 4932 1945 4988 Jere-

361 5037 497 5098 mias
517 5037 592 5092 ait
610 5033 686 5109 (a)
713 5052 726 5090 :
747 5045 805 5091 et
829 5043 1079 5104 tanquam
1105 5031 1172 5088 de
1198 5029 1353 5086 nobis
1376 5037 1430 5084 et
1457 5027 1605 5084 vobis
1626 5026 1823 5082 dictum
1854 5026 1942 5092 sit,

357 5128 744 5189 Parmenianus
764 5125 866 5182 hoc
885 5123 1085 5182 scribit.
1110 5123 1300 5190 Quaere
1320 5135 1529 5193 quoque
1551 5135 1578 5173 a
1597 5117 1943 5174 Maximiano:

356 5224 496 5284 nihil
521 5221 666 5279 aliud
695 5221 762 5278 de
786 5236 846 5277 se
873 5218 1019 5277 dicit.
1051 5217 1170 5276 Non
1207 5227 1290 5274 est
1325 5217 1467 5273 enim
1494 5215 1628 5270 alius
1659 5214 1831 5286 impiae
1860 5229 1948 5269 su-

357 5317 560 5391 perbia:
587 5324 765 5372 tumor
788 5312 811 5346 ⁸
837 5311 978 5386 apud
1007 5325 1193 5367 omnes
1233 5309 1325 5380 qui
1366 5322 1425 5364 se
1453 5323 1482 5362 a
1519 5305 1716 5363 Christi
1748 5307 1948 5362 unitate

424 5473 444 5504 ³
468 5478 570 5520 Duo
592 5473 721 5528 Mss,
745 5463 1036 5528 aninwsitas,
1061 5459 1271 5528 cagcitas.

425 5536 447 5565 ³
472 5519 545 5582 sic
559 5519 720 5582 iidem'
731 5529 829 5579 duo
850 5519 1060 5577 codices.
1087 5524 1173 5573 Alii
1196 5536 1315 5576 vero
1347 5530 1452 5573 Mss.
1494 5534 1606 5572 cum
1639 5519 1803 5584 editis,
1841 5529 1950 5571 eam

364 5605 459 5644 non
493 5590 680 5644 asserit.

430 5657 450 5687 ³
483 5661 531 5702 ιιι
553 5650 838 5714 quibusdam
851 5658 983 5714 uss,
999 5644 1268 5714 turbulenti.

427 5715 449 5746 ⁸
467 5716 538 5764 sic
563 5704 663 5763 itss.
690 5720 745 5762 At
767 5711 902 5771 editi,
917 5704 1040 5760 alius
1058 5704 1184 5772 ipius
1204 5707 1441 5772 superbia:
1460 5715 1632 5759 tumor.

429 5797 503 5860 (α)
523 5803 692 5847 contra
707 5793 964 5859 itpistoiam
976 5787 1297 5856 i‘armeniaui,
1325 5793 1405 5843 lib.
1431 5795 1479 5852 '5,
1500 5807 1549 5844 ιι.
1580 5795 1735 5844 l7-l9.

1069 303 1345 368 CONTRA
1380 241 1819 359 cnsscoutuu
1855 237 2313 356 nonaris'i‘ttii,
2356 282 2418 344 s.
2456 266 2862 378 aucusriuih

3515 279 3649 338 588

2021 404 2350 470 discindunt,
2376 383 2537 474 quam
2557 417 2618 458 se
2641 401 2787 458 solos
2809 377 3139 456 Christianos
3163 377 3287 453 esse
3309 382 3535 468 jactare,
3566 407 3635 453 et

2018 497 2274 555 damnare
2289 506 2537 564 caeteros,
2551 510 2659 552 non
2671 495 2842 550 solum
2863 493 3055 566 quibus
3074 477 3260 548 eorum
3278 489 3347 546 lis
3363 501 3480 545 nota
3507 501 3634 556 est,

2020 603 2208 664 verum
2238 587 2402 646 etiam
2426 586 2619 657 quibus
2642 599 2835 656 eorum
2871 598 2973 638 nec
3011 598 3209 660 nomen
3240 580 3476 635 auditum
3508 589 3633 634 est.

2092 661 2318 736 CAPUT
2339 677 2619 734 LX.-—-72.
2642 675 2778 748 ,Nam
2800 674 2927 731 illud
2953 689 3114 746 quam
3132 657 3404 744 eleganter
3429 671 3526 725 tibi
3552 669 3613 724 vi
3628 700 3646 709 -

2020 784 2115 827 sus
2165 784 2226 827 es
2268 770 2470 838 dicere,
2524 767 2666 840 quod
2716 783 2836 825 cum
2880 783 2978 840 ego
3023 767 3093 823 de
3139 765 3481 821 Testamento
3530 762 3647 817 Dei

2022 860 2276 917 dixissem
2301 902 2316 928 ,
2375 859 2529 915 Nunc
2571 858 2919 930 undecumque
2965 857 3222 930 prolatum
3263 865 3336 910 est
3386 855 3647 909 recitatur

2024 953 2161 1028 (Lib.
2186 956 2212 1010 1
2244 964 2419 1010 contra
2436 953 2651 1009 Litteras
2679 952 2941 1020 Petiliani,
2968 968 3022 1005 η.
3050 950 3123 1006 25
3148 967 3161 1003 :
3187 946 3645 1020 respondendum

2023 1048 2242 1118 putasti,
2274 1047 2409 1118 quod
2429 1048 2543 1119 jam
2571 1046 2666 1100 hoc
2687 1044 3050 1118 confessionem
3072 1027 3300 1096 criminis
3321 1035 3498 1093 habeat
3529 1080 3548 1104 ,
3590 1048 3646 1091 et

2023 1138 2138 1194 ideo
2159 1139 2389 1204 dixerim,
2421 1138 2462 1192 Α
2489 1153 2801 1211 quocumque
2837 1137 3090 1207 prolatum
3119 1143 3191 1188 est
3216 1134 3472 1200 recitetur,
3493 1131 3637 1202 quia

2026 1231 2166 1302 apud
2192 1247 2270 1285 me
2296 1240 2511 1299 constat,
2542 1239 2586 1284 et
2608 1247 2639 1284 a
2663 1231 2848 1284 nostris
2871 1237 3132 1293 exustum,
3158 1237 3205 1281 et
3230 1242 3262 1279 α
3283 1225 3420 1279 vobis
3448 1239 3642 1277 serra-

2027 1335 2134 1381 tum
2173 1336 2320 1398 atque
2359 1325 2632 1395 prolatum.
2673 1324 2748 1379 Ita
2786 1337 2911 1379 vero
2946 1322 2991 1378 si
3032 1321 3257 1376 veritate
3289 1319 3524 1398 conlisus
3550 1359 3566 1382 ,
3604 1334 3639 1370 a

2027 1418 2347 1474 Maximiano
2372 1418 2505 1473 velis
2533 1415 2760 1488 proferri
2782 1415 3021 1472 codicem
3052 1415 3228 1486 Legis,
3263 1395 3400 1467 unde
3428 1412 3647 1466 recites

2027 1513 2236 1570 Dathan
2259 1553 2274 1579 ,
2301 1509 2508 1578 Chore,
2533 1518 2588 1566 et
2617 1510 2820 1566 Abiron
2839 1508 2969 1582 ,λῳιί
2998 1508 3103 1562 vivi
3141 1515 3284 1561 terra
3316 1504 3647 1582 dehiscente

2028 1603 2293 1662 submersi
2311 1611 2434 1658 sunt
2465 1599 2654 1674 (Num.
2683 1617 2793 1670 xvr,
2822 1580 2937 1672 5i),
2960 1585 3154 1669 quibus
3179 1597 3338 1652 istum
3365 1580 3646 1674 Bagaien-

2030 1698 2105 1754 sis
2129 1695 2393 1754 sententia
2416 1673 2763 1764 cumparavit,
2795 1706 2900 1765 non
2929 1705 2994 1746 eo
3020 1676 3228 1744 ﬁrmius
3264 1673 3458 1768 contra
3476 1673 3645 1740 illuni

2030 1789 2362 1855 recitabitur,
2395 1788 2517 1858 quia
2543 1787 2597 1841 in
2639 1785 2756 1856 ejus
2783 1784 2972 1840 codice
3000 1782 3286 1858 reperitur.
3311 1767 3473 1858 Quod
3493 1767 3647 1850 ergo

2030 1881 2160 1949 dixit,
2187 1880 2563 1956 Testamentum
2591 1869 2938 1945 undecumque
2967 1857 3228 1951 prolatum
3251 1857 3326 1930 est
3359 1864 3648 1937 recitatur;

2031 1991 2138 2031 non
2159 1985 2242 2031 est
2268 1974 2533 2030 confessio
2558 1973 2818 2038 criminis,
2849 1970 2943 2026 sed
2973 1971 3163 2026 fiducia
3191 1953 3454 2044 veritatis.
3480 1957 3637 2036 Quid

2032 2069 2174 2125 enim
2204 2066 2564 2133 commodius,
2594 2065 2720 2135 quid
2759 2053 3090 2134 prmclarius,
3119 2079 3280 2135 quam
3309 2047 3372 2119 ut
3391 2103 3408 2130 ,
3431 2063 3481 2118 si
3510 2060 3640 2115 ﬁeri

2031 2168 2230 2232 potest,
2260 2158 2403 2228 quod
2423 2157 2679 2215 adversus
2695 2164 2748 2212 te
2768 2156 2998 2226 legatur,
3021 2163 3125 2224 ate
3151 2137 3490 2232 proferatur‘.t
3515 2136 3645 2208 Non

2031 2254 2156 2324 quia
2185 2267 2283 2323 ego
2310 2267 2416 2307 non
2445 2251 2739 2319 habeopro
2778 2265 2864 2305 me
2893 2268 2905 2304 :
2935 2249 3029 2304 sed
3061 2247 3267 2303 facilior
3293 2256 3376 2322 est
3399 2246 3644 2324 certior-

2033 2319 2138 2414 que
2158 2319 2442 2410 convictio,
2470 2350 2526 2397 ut
2549 2350 2601 2396 tu
2629 2339 2828 2396 habeas
2857 2348 3043 2396 contra
3072 2346 3124 2396 te
3147 2380 3164 2407 ,
3191 2319 3336 2410 quod
3363 2353 3458 2409 pro
3481 2319 3560 2408 te,
3597 2341 3647 2391 si

2033 2435 2342 2507 corrigaris,
2372 2433 2484 2490 ﬁat.
3117 2493 3120 2496 _
3203 2495 3206 2498 _

2104 2528 2194 2584 75.
2234 2525 2433 2582 Contra
2470 2525 2870 2584 universitatem
2923 2540 3052 2580 vero
3095 2507 3353 2580 Eculesiae
3404 2523 3534 2600 quia
3592 2533 3646 2580 te

2033 2619 2214 2677 inania
2239 2627 2483 2691 repetere
2507 2617 2681 2684 libuit,
2710 2618 2871 2678 etiam
2898 2617 2984 2672 hic
3011 2617 3106 2672 tibi
3132 2616 3432 2688 respondeo
3459 2633 3476 2669 :
3511 2616 3644 2673 Sic—

2035 2720 2095 2768 ut
2121 2711 2176 2767 in
2213 2711 2392 2767 Africa
2429 2725 2551 2781 pars
2577 2710 2768 2768 Donati
2797 2725 2892 2768 vos
2922 2708 3052 2765 estis
3071 2749 3085 2774 ,
3116 2723 3149 2762 a
3189 2707 3382 2781 quibus
3408 2718 3645 2778 apparet

2035 2816 2239 2876 partem
2279 2805 2581 2860 Maximiani
2610 2803 2842 2864 schisma
2867 2801 3061 2860 fecisse
3084 2844 3100 2872 ,
3128 2803 3382 2874 quoniam
3413 2818 3527 2859 non
3553 2785 3645 2859 est

2037 2913 2133 2969 per
2152 2896 2386 2953 Africam
2415 2911 2518 2967 qua
2555 2912 2652 2952 vos
2679 2897 2808 2953 estis
2826 2935 2842 2965 ,
2875 2911 2970 2952 vos
3015 2906 3192 2952 autem
3233 2905 3288 2952 et
3313 2896 3367 2951 in
3394 2897 3643 2970 regioni-

2039 2967 2139 3044 bus
2168 2989 2220 3044 in
2250 2988 2441 3060 quibus
2480 2987 2571 3044 illa
2596 2997 2679 3044 est
2711 3003 2817 3042 non
2863 2987 3099 3053 deestis;
3131 3003 3258 3042 nam
3283 2996 3340 3060 et
3357 2967 3643 3044 aliiaisc'hi-

2038 3090 2208 3137 smata
2233 3082 2368 3138 facta
2397 3090 2521 3136 sunt
2549 3097 2614 3136 ex
2644 3080 2824 3148 vobis,
2855 3079 2996 3136 sicut
3027 3080 3357 3152 Rogateuses
3386 3079 3442 3135 in
3477 3079 3642 3154 hiau-

2039 3173 2230 3229 ritania
2275 3173 2602 3229 Caesareensi
2627 3215 2641 3239 ,
2663 3172 3005 3230 Urbanenses
3027 3171 3084 3230 in
3110 3173 3342 3244 quadam
3369 3152 3644 3244 Numidia:

2037 3265 2296 3336 particula
2316 3307 2333 3334 ,
2361 3274 2415 3321 et
2431 3266 2534 3320 alia
2559 3264 2811 3322 nonnulla
2838 3282 2852 3320 :
2884 3263 2978 3320 sed
3005 3265 3094 3321 ubi
3128 3241 3352 3337 praei“
3382 3241 3530 3333 sunt,

2037 3369 2430 3417 remanserunt.
2459 3360 2526 3416 Et
2553 3359 2677 3415 hinc
2698 3359 2841 3415 enim
2863 3367 3085 3430 apparet
3106 3375 3202 3416 eos
3228 3376 3259 3413 a
3280 3339 3436 3430 vobis
3459 3339 3640 3419 exiis-

2038 3467 2118 3520 se,
2148 3466 2253 3507 non
2277 3467 2373 3507 vos
2401 3451 2469 3505 ab
2499 3449 2650 3520 ipsis,
2677 3449 2801 3521 quia
2820 3462 2918 3507 vos
2941 3449 3104 3506 etiam
3130 3448 3286 3504 iubis
3311 3451 3472 3518 terris
3496 3451 3641 3508 estis

2041 3546 2128 3601 ubi
2160 3546 2260 3616 ipsi
2287 3554 2416 3601 sunt
2444 3560 2459 3598 :
2491 3544 2570 3599 illi
2589 3551 2768 3600 autem
2792 3557 3192 3614 quaquaversus
3220 3557 3318 3610 vos
3343 3543 3491 3613 estis,
3524 3558 3640 3614 non

2041 3639 2143 3696 nisi
2167 3639 2304 3694 forte
2327 3637 2728 3709 peregrinantes
2758 3637 3118 3693 inveniuntur.
3152 3635 3242 3692 Sic
3267 3635 3503 3692 Ecclesia
3539 3651 3638 3692 ca-

2043 3735 2259 3798 tholica,
2285 3747 2425 3803 quas,
2453 3733 2592 3787 sicut
2613 3732 2690 3788 ait
2713 3731 3030 3803 Cyprianus,
3052 3745 3220 3786 ramos
3245 3746 3370 3784 suos
3396 3747 3484 3800 per
3508 3733 3638 3784 uni-

2041 3846 2233 3885 versam
2261 3835 2446 3882 terram
2473 3826 2621 3898 copia
2644 3823 2884 3880 ubertatis
2907 3824 3130 3880 extendit
3149 3821 3287 3896 (Lib.
3319 3823 3385 3878 de
3415 3811 3639 3894 Simpli-

2042 3923 2189 3976 citate
2231 3918 2571 3975 Prtelatorum
2593 3957 2609 3986 ,
2647 3933 2738 3973 seu
2766 3917 2829 3973 de
2877 3915 3084 3972 Unitate
3122 3913 3422 3986 Ecclesiae),
3440 3916 3642 3986 ubique

2043 4015 2276 4070 sustinet
2305 4011 2554 4068 scandala
2583 4027 2769 4067 eorum
2794 4010 2886 4081 qui
2926 4008 2994 4064 ab
3019 4009 3107 4064 illa
3131 4009 3262 4064 vitio
3285 4009 3520 4064 maxime
3540 4025 3639 4064 su-

2044 4107 2242 4179 perbia:
2267 4104 2629 4176 praeciduutur
2647 4143 2663 4170 ,
2691 4103 2916 4158 aliorum
2943 4100 3051 4169 hic,
3075 4101 3298 4157 aliorum
3325 4101 3456 4157 alibi
3475 4109 3642 4172 atque

2043 4200 2203 4264 alibi;
2231 4201 2321 4270 qui
2349 4206 2527 4268 partes
2555 4211 2679 4252 suas
2707 4199 3040 4252 ostentantes
3063 4193 3265 4261 dicunt,
3295 4193 3434 4249 Ecce
3462 4195 3542 4249 hic
3565 4203 3641 4250 est

2045 4290 2302 4355 Christus,
2335 4306 2446 4344 ecce
2473 4290 2581 4344 illic
2609 4305 2626 4343 :
2651 4289 2842 4359 quibus
2887 4302 2957 4343 ne
2983 4287 3231 4344 credatur
3257 4286 3372 4357 ipse
3403 4303 3641 4358 praemo-

2045 4383 2160 4438 nuit
2189 4382 2396 4456 (Matth.
2431 4397 2576 4449 xxiv,
2607 4381 2725 4453 23).
2750 4380 2864 4435 Non
2894 4381 3038 4436 enim
3067 4378 3362 4435 ostendunt
3391 4380 3532 4435 viam
3571 4381 3642 4438 de

2046 4487 2150 4549 qua
2181 4476 2550 4548 prophetatum
2577 4486 2660 4532 est
2703 4474 2756 4530 in
2796 4475 3038 4541 Psalmis,
3077 4474 3147 4530 Ut
3172 4491 3540 4546 cognoscamus
3586 4477 3641 4530 in

2048 4580 2182 4625 terra
2231 4570 2360 4624 uiam
2410 4578 2550 4624 tuam
2573 4611 2587 4636 ,
2613 4571 2667 4624 in
2703 4569 2933 4624 omnibus
2967 4569 3195 4641 gentibus
3235 4569 3467 4626 salutare
3497 4580 3644 4625 tuum

2049 4659 2224 4731 (Psat.
2248 4675 2367 4715 mm
2389 4702 2404 4726 ,
2430 4662 2484 4732 5)
2515 4679 2526 4715 :
2556 4660 2650 4716 sed
2701 4676 2815 4716 suae
2851 4660 3245 4716 communionis
3271 4662 3502 4733 quisque
3547 4678 3640 4719 re-

2049 4754 2251 4824 giones,
2280 4751 2413 4807 Ecce
2435 4751 2537 4820 hic,
2567 4768 2678 4807 ecce
2721 4752 2848 4806 ittic.
2883 4751 2982 4808 Ubi
3027 4754 3174 4808 enim
3202 4751 3402 4808 cadunt
3443 4753 3514 4810 ibi
3555 4769 3645 4809 re-

2049 4852 2285 4910 manent,
2317 4853 2370 4900 ct
2395 4843 2484 4899 ubi
2510 4852 2824 4914 separantur
2850 4843 2923 4899 ibi
2947 4851 3232 4910 arescunt;
3259 4843 3403 4900 unde
3433 4845 3545 4916 ipsa
3573 4844 3644 4901 de

2051 4951 2154 5008 qua
2180 4936 2568 5007 praecidantur,
2593 4936 2753 4991 etiam
2779 4935 2833 4990 in
2861 4951 2952 4990 eas
2981 4944 3154 4991 terras
3179 4935 3522 5002 extenditur,
3548 4934 3641 4992 ubi
3693 4925 3696 4927 ’

2047 5031 2228 5100 ja‘cent
2256 5028 2345 5083 illa
2373 5043 2597 5099 quinque
2619 5027 2670 5081 in
2694 5043 2790 5083 sua
2819 5028 3036 5097 regione
3061 5026 3360 5098 fragmenta
3391 5044 3404 5082 :
3430 5028 3485 5082 in
3511 5028 3527 5058 ¹
3550 5026 3642 5082 illa

2053 5141 2179 5181 vero
2211 5125 2414 5196 singula
2456 5137 2791 5194 quacumque
2834 5123 2948 5194 ipsa
2979 5121 3303 5177 distenditur
3334 5136 3445 5176 non
3484 5128 3639 5188 sunt,

2054 5217 2293 5291 quamvis
2313 5215 2596 5288 aliquando
2629 5216 2712 5271 vix
2746 5215 3016 5270 rarissima
3056 5215 3178 5270 folia
3217 5229 3283 5271 ex
3310 5230 3500 5270 eorum
3537 5214 3643 5268 ari-

2053 5310 2216 5368 ditate
2260 5319 2448 5365 ventus
2475 5309 2718 5364 elationis
2745 5307 2804 5363 iu
2833 5307 3109 5378 peregrina
3135 5307 3423 5379 dispergat.

2123 5403 2347 5460 CAPUT
2385 5402 2521 5458 LXI.
2548 5433 2619 5443 —
2643 5404 2731 5458 74.
2765 5402 2890 5457 Hanc
2933 5401 3094 5473 igitur
3115 5401 3351 5456 Ecclesia
3369 5443 3386 5470 ,
3411 5417 3531 5472 qum
3549 5442 3562 5467 ,
3583 5410 3644 5456 ut

2055 5497 2316 5570 ejusdem,
2344 5495 2631 5552 identidem
2660 5495 2839 5550 verbis
2865 5501 2984 5550 utar
3005 5535 3020 5562 ,
3047 5510 3215 5549 ramos
3254 5509 3376 5549 suos
3406 5509 3497 5565 per
3525 5491 3640 5548 uni-

2059 5607 2246 5649 versam
2271 5599 2455 5646 terram
2482 5589 2627 5656 copia
2652 5589 2890 5644 ubertatis
2909 5585 3147 5653 extendit,
3172 5586 3238 5642 ad
3262 5585 3462 5642 multas
3483 5571 3640 5642 etiam

2125 5792 2139 5821 ι
2165 5789 2247 5839 llic
2271 5786 2488 5839 nonnulli
2512 5792 2616 5836 Mss.
2643 5792 2811 5837 carent
2835 5783 3080 5848 tunicula,
3107 5782 3173 5834 in.
