3778 6140
119 434 393 500 barbaras
447 433 634 512 gentes
666 433 821 493 extra
856 432 1043 491 urbem
1091 428 1389 490 Romanum
1433 431 1726 489 crescendo

120 543 457 608 perrcntura
503 525 603 589 bsi.
643 524 794 599 Quos
826 538 878 586 et
907 538 959 585 te
989 528 1272 600 inquisisse
1315 537 1369 583 et
1399 527 1726 597 comperisse

121 629 386 695 arbitror,
407 636 472 683 ut
494 621 726 691 diceres,
754 621 944 679 Omitto
970 624 1195 695 gentium
1231 619 1561 674 barbararum
1595 632 1723 689 pro-

117 724 266 800 prias
317 724 588 794 regiones,
630 717 904 774 Persarum
950 716 1080 771 ritus
1105 758 1118 783 ,
1142 715 1309 769 sidera
1348 712 1726 780 Clraldteorumv,

121 817 511 890 Egyptiorum
555 807 952 886 superstitiones,
985 810 1103 866 deos
1135 808 1442 881 Magorum;
1469 818 1525 862 ut
1559 807 1730 862 omnia

120 909 218 964 ista
258 924 369 962 non
414 908 535 975 sint,
565 907 682 977 quia
706 904 1023 976 providentia
1065 901 1156 958 Dei
1200 903 1252 955 in
1280 901 1610 956 christianum
1639 906 1732 954 no-

122 1019 235 1055 men
269 1010 415 1055 totus
440 999 660 1072 quotidie
684 997 894 1052 vertitur
919 995 1156 1050 mundus.
1197 994 1323 1049 Hmc
1350 999 1407 1049 tu
1437 999 1562 1048 'vera
1590 992 1730 1049 dixi-

121 1095 188 1146 sti
218 1110 230 1145 :
267 1101 325 1147 et
355 1092 440 1147 sic
463 1090 715 1162 impletur
733 1088 1016 1160 promissio
1038 1101 1156 1159 quae
1178 1087 1316 1142 dicta
1332 1096 1413 1142 est
1438 1085 1729 1155 Abraham,

123 1183 188 1237 In
214 1184 421 1238 semine
464 1193 550 1237 tuo
595 1182 947 1237 benedicentur
989 1197 1160 1236 omnes
1205 1190 1374 1252 gentes
1421 1178 1729 1253 (Gen.xxu,

125 1275 238 1346 18).
277 1274 498 1344 Omnes,
532 1275 729 1345 inquit,
755 1284 924 1346 gentes
946 1289 967 1338 ;
989 1287 1097 1328 non
1126 1272 1257 1327 dixit
1280 1313 1295 1340 ,
1323 1270 1572 1328 Omnium
1596 1287 1730 1343 gen-

125 1369 261 1422 tium
305 1383 506 1424 omnes
539 1367 806 1422 homines.
853 1365 1007 1423 Unde
1037 1381 1259 1422 necesse
1306 1374 1390 1421 eSt
1427 1381 1535 1422 non
1561 1366 1733 1422 solum

126 1459 472 1517 fecunditate
522 1461 814 1516 crescentis
861 1461 1141 1526 Ecclesiae,
1173 1475 1358 1516 verum
1403 1460 1563 1515 etiam
1611 1475 1736 1530 per-

125 1555 303 1609 mixta
352 1553 694 1609 multitudine
727 1554 1066 1608 inimicorum
1093 1553 1208 1624 ejus
1229 1595 1244 1619 ,
1275 1568 1369 1622 per
1397 1566 1532 1622 quos
1564 1552 1739 1622 pietas

128 1645 246 1716 ejus
271 1645 525 1701 exerceri
547 1653 601 1701 ct
642 1644 859 1715 probari
889 1645 1089 1716 possit,
1113 1660 1281 1715 usque
1311 1645 1365 1699 in
1395 1645 1553 1700 linem
1590 1643 1736 1714 judi-

129 1739 317 1794 ciarim
367 1737 728 1810 separationis
771 1747 916 1794 totus
943 1737 1089 1792 orbis
1116 1736 1420 1808 impleatur.
1464 1737 1553 1791 Sic
1592 1747 1739 1790 com-

130 1835 504 1888 membratum
546 1841 629 1888 est
675 1831 778 1886 hoc
829 1833 1207 1886 testamentum
1234 1838 1286 1885 et
1317 1829 1383 1883 ad
1427 1828 1592 1883 lilium
1622 1828 1740 1899 ejus

131 1923 308 1992 lsaac,
340 1923 571 1980 Domino
601 1923 831 1990 dicente,
864 1922 934 1976 Et
962 1931 1180 1977 statuam
1197 1924 1546 1994 juramentum
1575 1929 1741 1976 meum

130 2016 273 2088 quod
309 2017 491 2089 iuravi
541 2015 798 2071 Abraham
847 2017 980 2088 patri
1018 2025 1141 2082 tuo;
1186 2023 1232 2070 et
1276 2013 1530 2087 ampliabo
1573 2029 1741 2070 semen

134 2117 282 2162 tuum
327 2113 573 2181 tanquam
621 2107 795 2164 stellas
817 2108 951 2177 caeli,
979 2118 1029 2162 et
1077 2108 1207 2163 dabo
1252 2107 1340 2162 tibi
1367 2116 1415 2162 et
1450 2107 1628 2162 semini
1654 2115 1740 2162 tuo

135 2216 348 2256 onmem
389 2203 580 2255 terram
605 2242 620 2267 ,
645 2209 691 2254 et
714 2199 1070 2255 benedicentur
1113 2200 1170 2254 in
1215 2200 1406 2255 semine
1455 2207 1541 2254 tuo
1571 2211 1742 2254 omnes

136 2302 317 2364 gentes
346 2299 492 2347 terra:
515 2291 628 2364 (Id.
661 2297 808 2359 xx“,
840 2291 892 2359 5,
925 2289 1006 2362 4).
1039 2291 1128 2347 Sic
1153 2299 1208 2348 et
1235 2291 1303 2347 ad
1346 2302 1600 2363 nepotem

137 2383 335 2450 Jacob,
370 2383 438 2439 Et
460 2387 554 2440 erit
582 2393 748 2439 semen
771 2393 913 2439 tuum
937 2386 1066 2439 sicut
1093 2397 1251 2440 arena
1281 2393 1448 2454 terris,
1479 2395 1526 2440 et
1553 2385 1743 2440 dilatae-

138 2475 278 2531 bitur
303 2492 467 2541 supra
488 2493 647 2545 mare,
677 2485 722 2532 et
741 2478 795 2532 in
816 2477 1065 2550 Africum,
1089 2487 1135 2532 et
1161 2478 1214 2532 in
1243 2478 1540 2550 Aquilonem
1566 2519 1580 2544 ,
1604 2488 1650 2533 et
1676 2478 1744 2533 ad

143 2567 431 2636 Orientem,
465 2579 510 2624 et
536 2569 886 2624 benedicentur
906 2570 961 2624 in
987 2579 1034 2624 te
1069 2585 1240 2625 omnes
1267 2570 1424 2625 tribus
1454 2579 1600 2626 terrae
1627 2570 1740 2646 (Id.

140 2667 335 2730 xxvnr,
367 2662 480 2733 is).
511 2661 680 2731 Supra
707 2676 856 2717 mare
901 2669 1078 2716 autem
1125 2662 1440 2734 plerumque
1467 2663 1742 2733 Scriptura

143 2761 267 2807 cum
318 2751 485 2820 dicit,
514 2751 908 2807 Occidentalem
956 2760 1160 2822 partem
1202 2752 1379 2808 solere
1419 2752 1741 2825 significari,

143 2847 296 2901 novit
321 2845 413 2916 qui
440 2846 589 2916 legit.
622 2846 756 2901 Huic
781 2852 836 2900 tu
865 2853 1185 2902 testamento
1210 2846 1256 2902 si
1287 2845 1494 2917 prolato
1513 2861 1744 2903 consen-

144 2937 250 2994 tire
275 2938 565 3002 voluisses,
599 2945 705 2992 non
733 2937 788 2991 in
811 2937 927 2992 solo
955 2937 1138 2994 Africo
1161 2939 1178 2970 ³
1199 2940 1572 2995 remansisses.

218 3031 313 3086 75.
347 3029 464 3084 Non
497 3044 626 3100 ergo
652 3029 803 3084 nobis
822 3031 1246 3099 communicant,
1277 3031 1414 3086 sicut
1439 3032 1592 3100 dicis,
1625 3030 1744 3086 No-

148 3122 365 3185 uctiani,
395 3119 596 3186 Ariani,
621 3119 1020 3191 Patripassiani,
1047 3120 1406 3189 Valentiniani,
1438 3122 1742 3190 Patricium,

150 3213 393 3285 Apellme
416 3214 458 3278 ³,
485 3212 806 3268 Marcionita
826 3247 842 3280 ι
866 3212 1078 3284 'Opltitte
1096 3255 1111 3284 ,
1143 3223 1422 3286 creteraqu'e
1444 3258 1459 3284 ,
1483 3225 1541 3271 ut
1567 3217 1744 3272 verbis

143 3304 261 3360 tuis
289 3313 428 3373 utar,
459 3305 774 3377 nefariarum
798 3306 1035 3376 pestium,
1068 3321 1170 3361 non
1195 3317 1468 3373 sectarum,
1498 3309 1748 3380 "sacrilega

149 3399 385 3452 nam.
427 3397 808 3453 Verttmtamen
847 3398 1172 3470 ubicumque
1214 3407 1340 3455 sunt
1365 3399 1490 3467 isti,
1517 3401 1626 3455 illic
1647 3400 1750 3454 Ca-

155 3488 394 3555 tholica,
423 3491 562 3545 sicut
597 3489 650 3544 in
679 3489 856 3545 Africa
902 3491 994 3546 ubi
1019 3499 1074 3548 et
1109 3506 1204 3548 vos
1233 3509 1246 3546 :
1280 3505 1384 3548 non
1431 3503 1607 3548 autem
1636 3491 1748 3550 ubl-

156 3597 390 3656 cmnque
403 3582 687 3639 Catholica
714 3593 816 3651 est,
833 3591 930 3640 aut
958 3599 1054 3640 vos
1074 3587 1224 3653 estis,
1249 3595 1342 3641 aut
1367 3586 1585 3642 haeresis
1613 3591 1749 3658 qua:-

156 3676 297 3733 libet
326 3675 556 3731 illarum.
589 3674 742 3734 Unde
761 3685 981 3747 apparet
1002 3691 1122 3748 quae
1146 3677 1216 3732 sit
1236 3677 1397 3732 arbor
1419 3692 1599 3734 ramos
1623 3691 1751 3736 suos

157 3784 258 3840 per
285 3773 596 3826 universam
635 3777 832 3826 terram
859 3770 1017 3842 copia
1036 3769 1300 3826 ubertatis
1337 3771 1629 3827 extendens
1651 3811 1667 3839 ,
1698 3777 1755 3827 'et

160 3862 255 3933 qui
275 3861 388 3917 sint
427 3863 564 3918 rami
615 3860 769 3918 fracti
800 3877 907 3918 non
941 3861 1201 3920 habentes
1239 3863 1404 3919 vitam
1435 3863 1650 3932 radicis,
1673 3873 1756 3919 at-

161 3967 268 4022 que
296 3952 351 4007 in
377 3953 489 4008 suis
511 3951 708 4024 quique
729 3951 969 4023 iacentes
1007 3961 1063 4009 et
1103 3963 1408 4012 arescentes
1437 3953 1572 4010 locis
1592 3952 1615 3987 ³
1645 3953 1754 4010 Sed

163 4045 206 4098 si
235 4061 341 4099 non
384 4044 747 4116 permanserint
772 4045 826 4098 in
847 4045 1159 4115 inﬁdelitate
1179 4088 1194 4115 ,
1223 4046 1364 4102 sicut
1398 4045 1467 4103 de
1491 4046 1755 4104 {malitis

163 4137 299 4194 dicit
325 4136 637 4207 Apostolus,
659 4137 961 4191 inserantur.
991 4136 1182 4193 Potens
1220 4149 1296 4193 est
1323 4139 1454 4194 enim
1487 4137 1628 4194 Deus
1651 4140 1752 4195 ite-

161 4245 282 4284 rum
309 4229 532 4284 inserere
551 4229 672 4284 illos
702 4227 874 4300 (Rom.
900 4245 979 4298 ιι,
1008 4229 1103 4304 25)
1130 4248 1143 4284 :
1169 4246 1278 4287 non
1305 4239 1366 4287 ut
1395 4233 1590 4288 iterum
1615 4233 1760 4289 acci-

167 4321 321 4390 piant
350 4321 1120 4391 sacramentumBaptismatis,
1140 4323 1282 4393 quod
1302 4323 1411 4393 jam
1441 4333 1670 4380 tractum
1687 4340 1758 4381 ex

169 4414 368 4470 arbore
397 4429 503 4469 non
553 4423 851 4481 mutarunt;
883 4414 978 4469 sed
1018 4424 1076 4470 ut
1118 4415 1436 4471 reviviscant
1467 4431 1539 4471 ex
1578 4417 1758 4475 radice

167 4506 451 4563 charitatis
482 4517 537 4563 et
576 4507 812 4575 unitatis,
842 4521 870 4561 a
901 4522 1004 4578 qua
1049 4508 1278 4578 separati
1323 4509 1603 4566 sterilitate
1637 4511 1760 4567 ani-

169 4598 440 4654 mositatis
484 4607 735 4654 arescunt
765 4615 778 4652 :
803 4599 940 4654 sicut
963 4614 1149 4654 rursus
1186 4599 1500 4657 inserendas
1527 4602 1753 4672 putastis

171 4690 556 4746 Prtetextatum
593 4701 649 4746 et
674 4689 1000 4745 Felicianum
1022 4732 1038 4758 ,
1061 4705 1197 4762 quos
1230 4705 1409 4748 secum
1445 4694 1763 4763 praeciderat

175 4786 527 4842 Maximianus
549 4827 564 4849 ,
597 4801 696 4841 nec
734 4785 1080 4857 praecisorum
1127 4785 1457 4854 Baptismum
1499 4787 1760 4858 reproba-

174 4881 294 4935 stis.
325 4879 531 4948 Quibus
552 4892 677 4933 vere
705 4877 906 4948 aliquid
940 4877 1294 4947 praestaretis,
1323 4877 1370 4932 si
1395 4893 1499 4933 non
1530 4893 1624 4934 eos
1648 4878 1763 4935 fra-

176 4978 396 5040 gmento
435 4977 614 5024 vestro
638 4966 681 5035 ⁸,
713 4966 808 5023 sed
849 4976 905 5023 et
932 4983 1024 5024 vos
1047 4977 1101 5023 et
1131 4967 1254 5023 illos
1291 4967 1456 5024 radici
1485 4969 1762 5027 catholica:

171 5062 496 5119 redderetis.

247 5153 477 5211 CAPUT
498 5153 660 5208 LXII.
688 5182 758 5192 -—
783 5153 869 5208 76.
890 5154 1006 5211 Jam
1029 5167 1156 5210 vero
1170 5152 1237 5208 ad
1254 5153 1383 5209 illud
1402 5155 1527 5226 quid
1548 5170 1768 5226 respon-

247 5290 542 5362 2t§diti,lnon
578 5288 629 5339 in
652 5287 753 5362 s_ola
790 5287 970 5360 Africa.
997 5295 1051 5339 Al.
1086 5293 1216 5362 uss,
1241 5288 1415 5362 nonin
1449 5288 1547 5360 solo
1587 5289 1770 5362 itfr'ico.

185 5353 360 5436 'Allttdit
381 5353 440 5401 ad
465 5351 624 5422 loctun
657 5351 863 5436 Gepesis
883 5363 1026 5414 supra
1061 5351 1280 5411 citatum,
1311 5352 1414 5412 imi,
1445 5351 1499 5402 in
1539 5351 1770 5417 Africum,

187 5413 1032 5548 Μῆδεέπξζέέῖνᾘῖαᾞῗηῆκιιᾱω
1050 5512 1064 5536 ,
1098 5475 1148 5524 in
1184 5475 1408 5525 omnibus
1433 5483 1536 5526 Mss.
1572 5474 1770 5542 legitur,

192 5537 488 5602 Mropiani,
514 5535 766 5599 Apelliani.
857 5535 863 5537 ⁷
974 5593 984 5606 ι
1051 5535 1056 5536 “
1624 5535 1651 5542 ⁷
1754 5535 1766 5541 ⁷

229 5604 278 5674 -.³
301 5601 422 5650 Editi
439 5635 454 5661 ,
510 5606 556 5650 et
600 5603 865 5649 crescentes
894 5595 1024 5649 loris.
1063 5599 1384 5651 Emendantur
1427 5613 1493 5650 ex
1514 5602 1778 5654 manuscri-

195 5671 352 5797 ιἿλέλιιι
554 5721 1026 5797 frumentarestrq;
1062 5721 1188 5786 quod
1227 5722 1425 5797 ironice_
1447 5723 1540 5797 dici
1564 5730 1780 5788 potuisse

197 5781 534 5849 observarunt
553 5781 890 5834 Lovanienses.
917 5781 1218 5846 At‘tiius‘Vero
1248 5786 1297 5836 in
1331 5781 1615 5849 quibusdam
1638 5803 1667 5842 e
1692 5804 1780 5844 no-

198 5847 307 5903 stris
316 5853 445 5911 uss.,
463 5844 728 5911 fragmento
749 5850 912 5898 vestro.

1491 313 1695 373 LIBER
1730 314 2073 387 QUARTUS.

1833 431 2008 500 deam,
2032 434 2172 504 quod
2195 435 2286 492 tibi
2311 439 2456 495 visus
2474 453 2594 496 sum
2621 441 2800 502 disze
2831 461 2931 516 pro
2952 450 3137 517 vobis;
3165 457 3416 524 quoniam

1832 525 1940 580 dixi
1989 531 2088 582 non
2117 529 2352 598 prodesse
2383 531 2701 606 Baptismuin
2735 539 2805 594 eis
2837 543 2926 612 qui
2953 542 3015 597 ab
3041 545 3233 602 unitate
3260 549 3420 606 disce-

1832 616 1978 686 dunt,
1998 619 2167 675 inesse
2187 621 2292 678 illi!
2317 630 2484 679 tamen
2505 625 2624 682 hinc
2650 631 2884 703 probari,
2916 637 3053 708 quod
3095 639 3420 698 redeuntibus

1833 719 1934 764 non
1961 713 2295 802 restituitur?
2341 714 2591 775 ﬁrmasti
2636 721 2786 777 enim
2830 732 2886 781 et
2928 741 3027 784 vos
3070 729 3175 788 hoc
3212 733 3414 802 dicere,
3515 757 3522 783 :

1832 801 1969 896 "quod
1978 804 2273 896 majoribus
2290 809 2474 863 nostris
2490 809 2562 863 “ad
2593 807 2875 869 Ecclesium
2897 831 3000 872 non
3027 821 3045 851 ⁸
3071 801 3414 896 redeuntibus,
3505 825 3510 831 “

1832 892 2127 965 Baptismus
2159 911 2311 967 quem
2353 898 2425 954 ibi
2453 913 2764 975 acceperant
2801 921 2905 963 non
2942 912 3209 981 profuerit.
3234 916 3347 973 Hoc
3371 892 3421 974 si

1834 986 2086 1080 diceretis
2109 1030 2123 1056 ,
2147 990 2278 1047 nihil
2308 993 2450 1049 inter
2472 1009 2571 1051 nos
2612 997 2757 1054 aliud
2779 1012 3108 1070 quaereretur
3125 1047 3140 1072 ,
3170 1006 3272 1062 nisi
3303 1024 3422 1080 qua:

1833 1079 1906 1136 sit
1931 1080 2171 1138 Ecclesia
2198 1083 2288 1141 ubi
2314 1085 2614 1158 Baptismus
2633 1091 2823 1161 prosit.
2854 1093 2963 1150 Sed
2990 1110 3088 1153 vos
3107 1112 3216 1154 non
3242 1079 3424 1159 dicitis

1835 1174 1891 1228 in
1939 1173 2094 1230 nobis
2122 1175 2450 1247 Baptismum
2476 1193 2596 1236 esse
2618 1222 2634 1250 ,
2665 1196 2730 1239 ac
2750 1198 2854 1240 non
2881 1187 3137 1257 prodesse
3168 1209 3183 1245 :
3215 1192 3312 1248 sed
3341 1194 3425 1250 di-

1837 1264 1957 1320 citis
1977 1267 2193 1321 omnino
2222 1284 2326 1324 non
2355 1285 2475 1326 esse
2498 1314 2512 1339 ,
2536 1274 2678 1344 quod
2699 1275 2764 1330 ab
2791 1277 2870 1331 eis
2904 1281 3268 1351 acceperimus
3285 1325 3299 1351 ,
3328 1287 3422 1356 qui

1832 1365 1962 1411 eum
2009 1356 2332 1416 discedendo
2369 1362 2732 1432 perdiderant.
2775 1356 2931 1424 Unde
2960 1385 3062 1426 nec
3089 1373 3311 1442 potuisti
3338 1390 3428 1431 re-

1833 1451 2106 1522 spondere
2126 1496 2141 1520 ,
2177 1467 2275 1510 nec
2301 1455 2504 1526 poteris
2525 1499 2540 1525 ,
2566 1457 2635 1513 ad
2675 1458 2804 1515 illud
2833 1461 2977 1532 quod
3007 1477 3038 1518 a
3065 1479 3155 1520 me
3192 1467 3426 1536 positum

1831 1549 1942 1610 'est,
1963 1543 2126 1598 inesse
2144 1542 2461 1617 Baptismum
2503 1547 2867 1605 discedentibus
2900 1552 3019 1607 hinc
3046 1555 3281 1626 probari,
3311 1559 3433 1631 quia

1837 1634 2159 1691 redeuntibus
2191 1652 2294 1692 non
2311 1639 2613 1694 restituitur.
2657 1640 2713 1697 Si
2746 1657 2889 1698 enim
2915 1644 3245 1717 Baptismum
3283 1650 3432 1707 Feiil-

1835 1727 2024 1784 cianus
2049 1744 2080 1784 a
2106 1729 2258 1786 vobis
2286 1732 2588 1788 recedendo
2627 1736 2969 1805 perdiderat,
3001 1754 3100 1795 cur
3124 1756 3230 1798 non
3251 1742 3432 1802 denuo

1839 1819 2056 1876 rediens
2083 1823 2379 1892 baptizatus
2405 1834 2490 1881 est
2515 1868 2530 1893 ,
2558 1836 2618 1881 ut
2639 1828 2688 1883 ei
2717 1829 2858 1898 quod
2898 1831 3206 1902 perdiderat
3239 1836 3434 1894 redde.

1839 1913 2024 1968 retur?
2045 1913 2163 1984 lpsc
2190 1914 2419 1987 denique
2446 1917 2796 1977 Maximianus
2815 1922 2860 1978 si
2879 1923 2945 1978 ad
2970 1939 3066 1981 vos
3089 1926 3294 1996 redeat,
3319 1933 3430 1987 no‘n

1837 2002 2179 2075 baptizatur:
2211 2009 2352 2078 quod
2389 2009 2606 2066 deberet
2647 2012 2864 2084 utique,
2900 2015 2945 2070 si
2976 2016 3281 2086 perdiderat
3321 2020 3430 2077 Ba-

1841 2097 2114 2168 ptismum.
2145 2099 2257 2155 Tua
2302 2103 2499 2172 quippe
2525 2103 2681 2160 verba
2712 2112 2838 2161 sunt
2861 2149 2875 2175 ,
2906 2111 3041 2178 quod
3064 2110 3120 2165 in
3141 2112 3253 2183 ejus
3295 2115 3434 2169 sciri-

1842 2200 2005 2248 amate
2028 2193 2274 2247 sententia
2315 2194 2656 2251 damnationis
2677 2198 2888 2266 retenti,
2913 2199 3068 2256 simul
3090 2210 3141 2257 et
3163 2201 3430 2276 Baptism

1843 2294 1890 2339 et
1918 2283 2204 2339 Ecclesiam
2243 2285 2586 2356 perdiderunt.
2614 2287 2764 2344 Sicut
2799 2295 2928 2361 ergo
2957 2291 3043 2348 eis
3069 2293 3429 2354 redeuntibus

1839 2376 2085 2432 redditur
2109 2378 2374 2443 Ecclesia,
2403 2379 2660 2435 reddatur
2693 2381 3013 2452 Ba‘ptism’us.
3045 2384 3394 2456 Baptizentur
3412 2431 3428 2459 ,

1837 2468 2059 2548 inquam
2079 2511 2094 2536 ,
2124 2468 2411 2526 redeuntes
2432 2512 2446 2538 ,
2470 2471 2514 2525 si
2539 2471 2868 2543 Baptismum
2905 2476 3203 2532 amiserunt
3239 2479 3431 2536 absces

1843 2560 2055 2616 dentes.
2086 2561 2198 2616 Hoc
2239 2561 2362 2632 quia
2409 2576 2516 2617 non
2545 2560 2717 2618 facitis
2739 2606 2754 2632 ,
2785 2564 2948 2620 etiam
2977 2566 3330 2624 vosfa‘temini
3357 2571 3430 2628 ab

1839 2653 2081 2708 Ecclesia
2127 2654 2499 2711 recedentibus
2537 2654 2713 2713 inesse
2744 2657 3072 2729 Baptismum
3096 2703 3112 2728 ,
3140 2677 3241 2718 nec
3268 2664 3432 2734 prod-

2019 2745 2157 2799 Dant
2176 2760 2303 2816 ergo
2326 2746 2464 2802 sicut
2489 2746 2705 2815 habent,
2729 2748 2782 2804 id
2806 2759 2912 2818 est,
2938 2761 2994 2806 ut
3011 2761 3067 2809 et
3089 2753 3220 2824 ipsis
3245 2757 3334 2827 qui
3357 2757 3426 2814 ab

1837 2836 1924 2892 ‘eis
1944 2845 2099 2892 extra
2120 2836 2414 2894 Ecclesiam
2450 2849 2686 2906 sumunt,
2718 2841 2845 2897 insit
2873 2843 3197 2916 Baptismus,
3225 2862 3325 2905 nec
3348 2857 3433 2904 ta-

1841 2937 1968 2983 men
1995 2929 2181 2998 prosit.
2212 2927 2362 2986 Unde
2385 2930 2523 2985 sicut
2542 2932 2654 2987 illis
2682 2931 3030 2992 redeuntibu's
3058 2949 3166 2992 non
3192 2937 3436 2995 redditur

1839 3018 1989 3090 quod
2015 3035 2120 3075 non
2142 3022 2164 3053 ³
2188 3023 2476 3078 amiserunt
2515 3040 2537 3078 -:
2583 3024 2659 3078 ita
2685 3032 2740 3080 et
2782 3025 2886 3082 illis
2933 3041 3040 3083 non
3076 3028 3311 3086 dandum
3351 3031 3437 3089 est

1837 3110 1991 3183 quod
2018 3120 2352 3183 acceperant,
2381 3114 2477 3170 sed
2496 3117 2758 3186 agendum
2780 3133 2902 3173 cum
2926 3120 3024 3185 eis,
3048 3128 3107 3176 ut
3127 3135 3228 3191 per
3252 3123 3439 3180 Eumel-

1845 3205 1983 3258 siam
2023 3205 2192 3274 prosit
2219 3206 2458 3277 utrisque
2477 3249 2492 3275 ,
2539 3209 2684 3279 quod
2738 3220 2890 3267 extra
2926 3212 3228 3270 Ecclesiarn
3255 3215 3436 3275 inesse

1839 3296 2035 3367 potuit,
2063 3311 2172 3350 non
2216 3297 2496 3367 prodesse.
2553 3301 2632 3355 Ac
2666 3315 2762 3371 per
2795 3303 2901 3358 hoc
2955 3312 3054 3360 nec
3103 3319 3204 3376 pro
3259 3315 3439 3366 vestro

1848 3403 2034 3446 errore
2077 3390 2273 3461 aliquid
2319 3390 2464 3459 dixi,
2489 3401 2546 3448 et
2587 3394 2644 3449 ei
2687 3393 2830 3464 quod
2852 3395 2964 3452 dixi
2985 3411 3104 3454 non
3149 3400 3435 3470 respondia-

1849 3482 1993 3540 disti.

1917 3573 2148 3632 CAPUT
2181 3575 2369 3632 LXIII.
2400 3606 2472 3619 —
2498 3577 2590 3634 εἶτα.
2636 3578 2899 3652 Adjungis
2945 3581 3110 3638 etiam
3157 3583 3228 3640 de
3280 3583 3437 3643 horto

1842 3666 2105 3722 mttclnso
2131 3676 2187 3723 et
2210 3666 2359 3724 fonte
2382 3669 2610 3740 signato,
2633 3671 2776 3742 quod
2799 3673 3030 3729 omnino
3070 3675 3209 3732 unde
3227 3675 3434 3734 dictum

1853 3758 1925 3814 sit
1964 3772 2069 3814 non
2100 3759 2373 3832 intelligis.
2417 3759 2768 3819 Si-eonclusus
2803 3775 2887 3822 est
2907 3807 2923 3834 ,
2945 3766 3120 3838 inquit
3135 3795 3158 3837 -,
3183 3769 3359 3826 hortus
3392 3781 3442 3828 et

1855 3851 1970 3922 fons
1991 3850 2258 3922 signatus;
2283 3853 2534 3924 quomodo
2575 3855 2662 3926 qui
2704 3863 2848 3911 extra
2884 3859 3013 3930 [oris
3036 3868 3108 3915 est
3147 3861 3365 3933 positus,
3396 3873 3445 3919 et

1853 3942 1918 3997 ab
1935 3942 2086 3998 lberta
2111 3983 2126 4011 ,
2151 3943 2213 3997 id
2233 3952 2310 3999 est
2329 3975 2348 4011 -,
2379 3942 2610 4001 Ecclesia
2627 3987 2644 4014 ,
2672 3955 2720 4002 et
2739 3949 2880 4019 fonte
2897 3950 3026 4021 ejus,
3048 3950 3107 4005 id
3125 3959 3197 4008 est
3219 3993 3234 4021 ,
3264 3952 3445 4028 Bapti-
3523 3991 3530 4020 ί

1856 4044 2018 4091 ornate
2036 4044 2320 4108 separatus,
2344 4046 2504 4108 potest
2525 4039 2647 4093 dare
2670 4041 2808 4109 quod
2827 4057 2929 4096 non
2955 4042 3140 4098 habet?
3164 4044 3439 4118 Interroga

1855 4125 2180 4184 ileliclanam
2202 4169 2216 4194 ,
2237 4136 2418 4183 atrum
2438 4128 2502 4184 in
2529 4128 2687 4186 horto
2711 4132 2969 4189 concluso
2993 4136 3164 4191 fuerat
3181 4175 3198 4204 ,
3228 4140 3442 4208 quando

1859 4221 1936 4276 illi
1963 4221 2336 4292 reditus‘quasi
2363 4222 2431 4278 ad
2457 4225 2713 4280 eumdem
2753 4227 2970 4283 hortum
3009 4231 3318 4290 conclusum
3360 4236 3448 4292 di-

1859 4313 2077 4369 lationis
2117 4313 2282 4384 ianua
2326 4315 2674 4386 pandebatur.
2713 4319 2797 4374 An
2831 4320 2967 4377 forte
3001 4323 3198 4382 exinde
3225 4325 3443 4387 furatus

1860 4414 1943 4461 est
1970 4405 2172 4462 fontem
2195 4448 2211 4474 ,
2238 4407 2328 4463 ubi
2356 4407 2518 4465 laicos
2545 4425 2673 4467 suos
2719 4412 2776 4467 in
2811 4413 3114 4472 Maximiani
3155 4419 3447 4480 schismate

1857 4501 2188 4571 baptizaret?
2212 4499 2364 4569 Quod
2392 4503 2438 4558 si
2466 4503 2538 4559 ita
2568 4512 2671 4573 est,
2696 4506 2786 4562 ubi
2811 4514 2940 4564 tunc
2958 4509 3125 4566 vestri
3145 4527 3240 4568 vos
3263 4513 3443 4574 ablue-

1861 4593 2034 4649 bant?
2057 4594 2138 4650 An
2168 4609 2262 4652 eos
2303 4594 2506 4680 pariter
2547 4597 2636 4653 illa
2663 4597 2917 4657 dilatione
2957 4601 3442 4675 distulerunt,“-

1864 4701 1965 4743 nec
1981 4686 2126 4743 fures
2144 4687 2228 4743 illi
2249 4687 2319 4744 ad
2341 4689 2561 4746 hortum
2582 4705 2704 4749 cum
2737 4691 2886 4750 fonte
2919 4698 3265 4754 remearent?
3290 4698 3444 4761 Tune

1858 4795 1974 4836 non
2010 4789 2161 4836 erant
2189 4781 2276 4838 isti
2319 4783 2796 4857 pseudoprOphetie
2815 4828 2831 4855 ,
2863 4789 3076 4860 quando
3098 4791 3168 4848 de
3190 4789 3446 4853 Primiani

1867 4875 2178 4932 criminibus
2200 4877 2529 4941 mentiendo,
2560 4877 2813 4950 deceptos
2839 4878 2906 4935 ad
2933 4895 3086 4937 suum
3110 4885 3444 4960 sacrilegium

1871 4969 2255 5027 traducebant?
2282 4971 2392 5042 lupi
2413 4985 2655 5044 rapaces,
2683 4973 2894 5044 quando
2922 4974 3172 5034 seductos
3198 4977 3266 5036 de
3283 4989 3449 5054 grege

1871 5063 2123 5120 Primiani
2149 5063 2216 5118 ad
2245 5077 2354 5120 suae
2373 5063 2695 5121 concisionis
2720 5066 3005 5136 particulas
3031 5071 3450 5140 pertr'ahebant?

1870 5156 2042 5226 Negas
2083 5169 2174 5211 eas
2209 5167 2341 5226 quas
2372 5156 2480 5211 dixi
2516 5157 2818 5229 tyrannicas
2848 5169 3149 5218 vestrorum
3189 5163 3245 5221 in
3273 5164 3451 5223 fundis

1875 5248 2060 5304 alienis
2105 5247 2494 5304 dominationes
2565 5259 2622 5305 et
2685 5249 3060 5311 bacchationes
3130 5257 3447 5316 ebrietatum

1876 5340 2011 5410 (Lib.
2044 5341 2070 5394 1
2103 5350 2276 5394 contra
2303 5338 2519 5396 Litteras
2535 5339 2799 5412 Petiliani,
2826 5362 2880 5399 rt.
2897 5345 3012 5418 26).
3032 5347 3174 5420 Nega
3198 5361 3452 5421 quantum

1879 5445 2030 5505 potes
2055 5451 2068 5488 :
2096 5449 2201 5488 non
2227 5449 2436 5503 vereor,
2453 5451 2527 5491 ne
2549 5446 2828 5507 prapterea
2853 5439 3131 5497 nobiscum
3155 5458 3250 5500 vos
3277 5446 3456 5518 pigeat

1877 5526 2224 5584 concordare.
2252 5526 2366 5582 Non
2392 5527 2445 5582 in
2470 5542 2566 5583 vos
2591 5528 2696 5584 tale
2719 5530 2916 5600 aliquid
2941 5530 3071 5598 dixi,
3102 5534 3275 5603 qualia
3298 5537 3462 5593 Maxi-

1947 5667 1962 5698 t
2002 5665 2085 5739 βία
2127 5660 2718 5739 negantem
2755 5660 2978 5717 Icilium:
3014 5671 3304 5724 uanitate
3339 5681 3466 5739 φο-

1882 5727 2098 5779 rumdam
2115 5727 2546 5779 mnuscriptnrum

1946 5759 2720 5858 iiiiaii‘iiafizéim‘i‘im
2737 5785 2960 5857 negatio.
2978 5801 3095 5858 quis
3125 5794 3377 5852 uultu
3411 5797 3465 5852 tn

1883 5851 2216 5916 manuscriptis
2250 5847 2346 5905 hab
