3778 6136
347 307 455 370 591

349 428 659 484 mianenses
685 416 925 476 damnati
946 430 977 470 a
1008 410 1161 469 vobis
1186 405 1372 463 audire
1413 407 1745 460 meruerunt.
1776 397 1951 466 Negas

351 520 591 576 furorem
637 509 1138 571 Circumcellionum
1166 545 1182 572 ,
1219 511 1276 560 et
1316 496 1772 574 praecipitatorum
1812 491 1955 548 ultro

357 613 680 670 cadaverum
709 607 886 664 cultus
914 600 1205 670 sacrilegos
1229 603 1285 653 et
1311 591 1565 666 profanos
1596 605 1610 643 :
1641 603 1747 644 non
1773 594 1955 641 tamen

360 721 533 778 negas
558 747 574 773 ,
603 719 714 758 cum
747 696 1117 771 Egyptiorum
1167 687 1445 744 admodum
1475 681 1703 752 exemplo
1742 694 1958 752 pereun-

358 801 434 855 tiu
444 777 491 854 in
519 796 777 872 funeribus
803 791 952 862 plena
973 795 1136 843 essent
1156 784 1351 849 littora,
1376 778 1556 851 quibus
1581 777 1636 830 in
1659 778 1774 845 ipsa
1792 780 1954 828 morte

353 867 528 964 majori
544 895 616 942 est
637 901 807 957 pinna,
838 879 975 951 quod
991 895 1081 934 nec
1102 877 1269 948 ipsam
1287 873 1583 927 invenerunt
1606 867 1949 939 sepulturam,

352 956 448 1040 his
489 994 585 1035 vos
626 974 910 1046 insepultis
939 967 1292 1028 cadaveribus
1329 961 1632 1020 inhmsisse.
1683 958 1760 1014 lbi
1805 956 1951 1014 enim

363 1072 614 1146 iacebant
654 1069 1004 1123 Prattextatus
1031 1069 1088 1117 et
1119 1057 1422 1115 Felicianus
1449 1072 1463 1110 :
1490 1061 1581 1108 aut
1605 1051 1652 1108 si
1683 1049 1824 1122 apud
1857 1063 1955 1105 vos

354 1164 688 1224 revixerunt,
715 1156 844 1228 quid
869 1155 938 1211 de
964 1151 1240 1224 Baptismo
1268 1147 1445 1221 agitis,
1472 1159 1632 1218 quem
1656 1153 1786 1199 tunc
1810 1157 1956 1199 mor-

349 1254 428 1310 tui
459 1247 832 1309 tradiderunt?

423 1342 649 1402 CAPUT
680 1336 1031 1396 LXIV.—78.
1046 1335 1191 1392 Dicis
1206 1347 1292 1390 me
1311 1346 1419 1389 non
1431 1343 1674 1387 servasse
1688 1342 1875 1400 pacem
1894 1342 1959 1384 ac

348 1438 650 1504 lenitatem,
670 1447 826 1504 quam
845 1427 1105 1502 principio
1127 1426 1419 1482 litterarum
1438 1437 1676 1479 mearum
1690 1420 1956 1493 promise-

348 1545 490 1596 ram,
522 1526 665 1600 quod
690 1534 928 1582 satanam
951 1519 1272 1577 Petilianum
1297 1514 1694 1588 appellaverim.
1716 1511 1829 1584 Ego
1849 1525 1958 1568 non

350 1620 672 1678 Petilianum
701 1631 802 1673 nec
835 1627 1155 1686 quemquam
1178 1608 1450 1665 hominem
1469 1605 1523 1661 in
1548 1613 1700 1676 parte
1725 1601 1954 1671 Donati,

351 1713 451 1770 sed
481 1712 654 1783 ipsum
679 1721 919 1766 errorem
946 1704 1115 1776 partis
1143 1700 1355 1766 Donati,
1379 1706 1581 1755 satana:
1600 1693 1907 1766 comparavi
1936 1712 1952 1748 :

352 1822 423 1863 ex
447 1805 600 1875 cujus
622 1800 825 1873 laqueis
853 1798 1117 1862 homines,
1149 1807 1284 1865 quos
1311 1791 1496 1863 diligo,
1523 1789 1682 1860 cupio
1709 1784 1950 1843 liberari.

358 1898 497 1958 Nam
547 1898 669 1968 lege
706 1891 1096 1951 consideratius
1120 1931 1134 1954 ,
1181 1886 1441 1943 invenies.
1484 1885 1798 1953 Quanquam
1822 1888 1878 1936 et
1907 1877 1954 1934 si

353 1991 562 2063 aliquid
612 1988 800 2046 durius
846 1985 996 2052 dixi,
1031 1983 1149 2053 lege
1182 1995 1302 2051 qua:
1328 1977 1469 2048 ipsi,
1498 1991 1604 2031 non
1631 1975 1687 2029 in
1713 1984 1954 2063 errorem

351 2060 870 2143 Maiimianensium,
900 2075 993 2132 sed
1021 2075 1076 2129 in
1107 2073 1252 2144 ipsos
1279 2069 1524 2126 homines
1552 2065 1814 2121 dixeritis.
1844 2060 1951 2118 Fe-

351 2177 610 2234 licianum
638 2186 768 2243 ergo
794 2168 1088 2225 Petilianus
1118 2165 1357 2221 imitetur
1379 2202 1395 2229 ,
1416 2169 1472 2218 et
1496 2159 1624 2216 mihi
1655 2173 1840 2230 pacem
1859 2156 1954 2212 de-

353 2266 614 2325 sideranti
635 2279 742 2320 non
771 2262 1036 2317 irascatur
1060 2259 1102 2314 ¹.

329 2361 335 2370 ⁵
427 2358 518 2414 79.
566 2356 686 2412 Tibi
726 2362 873 2410 certe
911 2352 1025 2423 ipse
1060 2363 1168 2405 non
1193 2360 1486 2404 succenseo
1507 2385 1524 2412 ,
1556 2343 1701 2416 quod
1729 2342 1860 2399 mihi
1885 2357 1953 2398 es

353 2449 577 2519 obliquo
628 2443 951 2501 Manichzeos
996 2437 1329 2511 objiciendos
1373 2435 1642 2507 putaveris
1672 2476 1686 2501 ,
1733 2441 1954 2504 propter

353 2557 600 2602 errorem
645 2536 1019 2596 adolescentiae
1065 2550 1220 2590 meae.
1265 2533 1417 2590 Unde
1459 2547 1568 2588 non
1609 2540 1716 2586 tam
1759 2528 1952 2596 doleo,

353 2633 632 2691 conﬁdens
656 2630 724 2686 de
749 2637 1004 2700 perpetua
1031 2626 1198 2700 gloria
1228 2623 1554 2681 Liberatoris
1578 2623 1684 2678 mei
1706 2625 1726 2654 ³
1747 2663 1762 2688 ,
1792 2636 1952 2693 quam

349 2730 403 2788 si
433 2727 607 2798 placet
635 2723 899 2780 admoneo
920 2762 936 2785 ,
967 2728 1028 2775 ut
1046 2733 1258 2790 quaeras
1283 2725 1338 2772 et
1361 2717 1508 2788 legas
1535 2730 1657 2787 quae
1685 2722 1740 2770 et
1759 2721 1954 2784 quanta

350 2828 414 2878 et
437 2815 704 2889 quomodo
732 2813 991 2869 adversus
1020 2808 1435 2866 Manichaeorum
1467 2805 1954 2878 pestilentissimam

351 2907 612 2968 hmrcsim
655 2903 984 2976 scripserim.
1034 2900 1110 2956 lbi
1146 2899 1353 2955 videbis
1383 2914 1487 2968 qua
1516 2897 1620 2953 ﬁde
1647 2906 1830 2952 contra
1861 2910 1958 2952 eos

267 3059 275 3064 ,
353 3003 716 3060 Christianam
749 2994 1082 3054 defenderim
1124 2992 1440 3058 veritatem,
1484 3004 1779 3062 eorumque
1807 2988 1960 3045 falla-

353 3097 468 3152 cias
505 3100 700 3165 quanta
743 3087 1122 3162 perspicuitate
1157 3083 1514 3141 destruxerim
1563 3101 1577 3138 :
1619 3092 1675 3140 et
1703 3081 1813 3138 noli
1837 3097 1958 3138 esse

352 3191 618 3246 adversus
643 3201 731 3241 me
761 3181 1069 3239 incredulus
1094 3221 1108 3246 ,
1132 3195 1255 3236 cum
1279 3179 1606 3234 Felicianum
1632 3175 1822 3233 credas
1842 3176 1960 3232 Pri-

351 3283 540 3342 miano
578 3277 808 3335 ﬁdeliter
843 3275 1120 3332 inhaesisse
1144 3316 1160 3341 ,
1200 3271 1290 3345 qui
1332 3286 1431 3344 pro
1468 3270 1787 3327 Maximiano
1814 3277 1958 3326 tanta

355 3374 584 3434 crimina
619 3372 674 3429 in
705 3386 828 3427 eum
859 3367 1119 3426 sententia
1147 3364 1482 3422 damnatoria
1511 3363 1742 3432 dixerit;
1771 3372 1959 3420 contra

354 3466 608 3524 eumdem
648 3455 776 3520 vero
818 3461 1198 3517 Maximianum
1238 3467 1292 3514 et
1326 3457 1396 3514 ab
1425 3471 1492 3513 eo
1516 3456 1834 3512 dissociatus
1862 3454 1960 3511 ali-

361 3559 491 3632 quid
518 3558 742 3615 forsitan
769 3554 1063 3626 scripserit,
1095 3557 1149 3608 in
1169 3567 1331 3624 quem
1352 3564 1458 3606 non
1480 3549 1618 3606 sicut
1635 3562 1736 3621 ego
1760 3547 1814 3604 in
1840 3547 1960 3604 illos

358 3651 678 3708 adolescens
699 3690 714 3716 ,
746 3647 914 3703 laicus
936 3688 952 3714 ,
978 3643 1394 3701 catechumenos
1422 3641 1720 3709 inciderat,
1750 3639 1847 3696 sed
1870 3653 1960 3696 se-

356 3759 469 3802 nex
513 3755 696 3797 senem
735 3739 788 3794 ei
830 3737 916 3793 cui
956 3751 1100 3792 nunc
1139 3734 1423 3806 adjunctus
1448 3741 1563 3799 est,
1594 3730 1961 3787 adversarium

357 3838 645 3906 episcopus
667 3831 976 3900 episcopum
1001 3827 1218 3883 fecerat.
1247 3825 1402 3882 Unde
1420 3840 1544 3881 cum
1561 3839 1661 3896 ego
1680 3822 1962 3894 epistolam

358 3924 608 4000 primatis
651 3920 859 3987 nostri,
908 3919 978 3974 de
1022 3933 1125 3990 qua
1162 3915 1336 3973 fecisti
1364 3917 1385 3949 ³
1419 3916 1520 3972 sub
1544 3916 1733 3973 eadem
1759 3914 1964 3972 urbana

361 4015 681 4089 obliquitate
711 4011 1039 4068 mentionem
1062 4051 1077 4077 ,
1104 4025 1262 4080 quam
1287 4007 1356 4065 de
1383 4023 1470 4065 me
1499 4009 1587 4065 ille
1614 4007 1828 4079 scripsit
1852 4008 1962 4064 ira-

364 4123 482 4178 tus,
532 4125 653 4166 cum
699 4108 752 4162 in
795 4106 1167 4177 episcoporum
1205 4101 1433 4159 concilio
1456 4101 1687 4173 probare
1710 4101 1854 4174 quod
1882 4101 1965 4158 in-

351 4204 614 4272 tenderat
637 4207 917 4272 urgeretur
938 4239 954 4266 ,
975 4197 1094 4268 ejus
1116 4195 1282 4267 ipsius
1308 4194 1572 4251 sententia
1597 4209 1659 4252 se
1685 4195 1963 4265 corrigen-

352 4289 433 4353 tis
459 4340 474 4364 ,
520 4305 574 4352 et
600 4294 669 4350 de
696 4293 795 4348 hac
821 4307 881 4347 re
906 4291 1114 4346 veniam
1145 4286 1462 4358 postulantis
1479 4329 1496 4356 ,
1523 4286 1697 4358 legam
1721 4299 1844 4342 esse
1871 4284 1966 4341 da-

366 4397 605 4446 mnatam
631 4403 643 4439 :
669 4394 724 4440 tu
746 4397 926 4454 quaere
955 4389 1136 4436 utrum
1162 4379 1332 4450 possis
1356 4381 1552 4450 legere,
1580 4377 1671 4435 ubi
1690 4385 1965 4434 correctus

363 4477 701 4537 damnaverit
737 4474 1071 4540 Felicianus,
1111 4488 1231 4543 quze
1268 4489 1374 4528 non
1418 4487 1707 4540 accusans,
1747 4472 1844 4528 sed
1871 4472 1966 4528 da-

366 4589 562 4632 mnans
587 4570 721 4627 dixit
745 4569 798 4623 in
823 4567 1148 4623 Primiauum
1175 4583 1189 4632 ;
1212 4565 1296 4622 vel
1320 4565 1510 4620 saltem
1529 4564 1646 4636 ipse
1665 4564 1964 4621 Primianus

367 4665 736 4732 evacuaverit,
763 4677 882 4736 qua:
907 4660 1170 4717 damnans
1194 4659 1329 4715 dixit
1356 4659 1409 4714 in
1434 4659 1783 4715 Felicianum.
1809 4657 1964 4728 Quod

367 4761 417 4816 si
443 4758 709 4815 inveneris
727 4797 742 4823 ,
777 4770 875 4810 nec
899 4753 978 4810 sic
1002 4767 1099 4824 par
1122 4752 1229 4808 erit
1253 4765 1414 4807 causa
1442 4769 1456 4806 :
1483 4752 1609 4822 quia
1637 4751 1726 4807 ille
1745 4765 1966 4807 accusa-

367 4853 575 4909 tionem
601 4851 938 4916 instituerat,
969 4861 1128 4918 quam
1153 4843 1339 4899 falsam
1365 4858 1486 4900 esse
1512 4843 1820 4915 pervidens,
1842 4859 1964 4900 cum

367 4945 544 5002 venia:
566 4942 922 5014 postulatione
944 4937 1250 5004 damnavit,
1271 4951 1380 4993 non
1401 4951 1695 5008 aspernans
1715 4935 1967 4992 emenda-

369 5036 536 5094 tionis
571 5033 923 5090 humilitatem
951 5031 1207 5104 dignitate
1234 5029 1524 5102 primatus,
1554 5027 1650 5086 sed
1675 5028 1852 5100 potius
1875 5043 1964 5086 re-

369 5131 558 5188 colens
585 5126 820 5200 prudens
842 5124 987 5198 quod
1010 5126 1268 5198 scriptum
1297 5132 1381 5183 est
1403 5165 1420 5194 ,
1444 5123 1646 5191 Quanto
1663 5139 1874 5196 magnus
1888 5139 1963 5193 es,

437 5415 453 5447 ί
482 5410 600 5462 mliti
618 5443 634 5470 ,
680 5418 774 5458 non
810 5403 1097 5470 irascantur.
1141 5411 1203 5470 At
1238 5411 1364 5470 Mss”
1408 5415 1501 5455 non
1523 5402 1777 5470 irascatur.

435 5479 458 5509 ς
483 5437 1391 5538 ῧῒάεέῖῗιιςιῖνηεξιῖῖξιὴιηᾱρδῖξιρ

374 5552 502 5597 utea,
541 5547 694 5608 quam.
717 5527 916 5644 pandae
950 5527 1014 5580 de
1053 5536 1285 5594 perpetua
1327 5527 1486 5602 gloria
1526 5527 1810 5600 tiberatoiis
1853 5528 1967 5579 uaei.

376 5609 547 5644 Postea
565 5612 660 5644 non
685 5597 716 5644 ιι
738 5611 750 5644 ι
775 5601 961 5644 tantum
982 5591 1098 5644 duo.
1125 5591 1214 5642 sed
1245 5598 1412 5641 caeteri
1454 5599 1636 5644 pariter
1657 5599 1761 5642 Mss.
1787 5591 1967 5644 ferunt.

376 5591 660 5652 Postea'non
685 5591 750 5647 illi
775 5601 961 5645 tantum
982 5591 1098 5654 duo,
1125 5591 1214 5642 sed
1245 5591 1412 5641 caeteri
1454 5591 1636 5654 pariter
1657 5599 1761 5642 Mss.
1787 5591 1969 5652 ferunt,

377 5669 426 5714 et
445 5668 605 5713 tmnen
625 5657 670 5711 si
684 5658 837 5720 placet
857 5656 1109 5720 admoneo.

443 5723 655 5848 “alia;
678 5714 791 5785 quia
833 5718 1055 5784 fecisset;
1079 5714 1176 5778 vel,
1219 5714 1400 5779 fecisse.
1427 5717 1593 5779 Aptius
1613 5715 1710 5767 duo
1748 5724 1853 5768 Mss.
1875 5715 1972 5782 ,de

761 293 1033 354 CONTRA
1073 285 1510 348 CRESCONIUM
1549 269 2008 345 DONATISTAM,
2049 275 2111 334 S.
2149 274 2522 336 AUGUSTINI
2573 275 2779 336 LIBER
2815 272 3164 350 QUARTUS.

2065 404 2206 450 tanto
2232 394 2447 451 humilia
2471 402 2518 450 te
2542 394 2596 450 in
2622 394 2882 461 omnibus,
2908 403 2957 449 et
2983 407 3160 449 coram
3178 390 3288 448 Deo
3302 391 3534 450 incuties
3546 411 3652 466 gra-

2063 491 2187 546 tiam
2227 488 2414 560 (Eccti.
2457 503 2551 556 ιιι,
2593 486 2688 560 20)
2739 505 2754 542 :
2801 487 2888 543 isti
2926 495 3104 543 autem
3126 500 3236 542 non
3263 486 3503 542 invicem
3527 488 3651 558 apud

2061 591 2196 648 alios
2231 597 2614 646 accusaverunt
2638 628 2652 652 ,
2682 585 2779 642 sed
2802 585 3058 642 adversus
3086 584 3312 640 invicem
3341 583 3554 654 iudices
3575 578 3674 654 εει-ξ

2061 683 2252 742 derant
2275 699 2290 750 ;
2315 679 2540 753 proinde
2565 679 2793 735 invicem
2819 677 3244 745 damnaverunt,
3264 675 3514 732 damnati
3535 670 3677 731 σου-τ·

2062 780 2437 836 cordaverunt.
2483 773 2601 830 Non
2644 771 2945 828 invidemus
2981 770 3038 826 in
3073 779 3223 842 parte
3253 768 3453 824 Donati
3484 783 3648 840 pacem

2062 871 2467 936 damnatorum,
2518 867 2566 923 si
2608 875 2666 923 et
2703 865 2902 923 Christi
2943 879 3132 936 pacem
3175 878 3283 920 non
3321 872 3584 934 respuant
3607 863 3652 918 in

2063 963 2193 1021 orbe
2216 972 2499 1019 terrarum.

2134 1053 2361 1112 CAPUT
2393 1051 2556 1109 LXV.
2579 1083 2650 1093 —
2673 1050 2763 1109 80.
2786 1050 2976 1108 Cernis
2991 1051 3123 1121 jam,
3149 1057 3208 1105 ut
3225 1047 3488 1113 arbitror,
3509 1062 3652 1118 quam

2063 1147 2294 1203 inaniter
2319 1145 2520 1202 dixeris
2537 1184 2553 1212 ,
2583 1143 2726 1216 quod
2759 1143 2992 1198 videaris
3018 1140 3113 1196 tibi
3140 1140 3206 1197 ad
3234 1141 3420 1196 omnia
3447 1154 3652 1210 respon-

2063 1240 2208 1297 disse
2229 1281 2246 1309 ,
2289 1254 2408 1311 quae
2436 1253 2556 1294 mea
2585 1239 2602 1269 ¹
2630 1236 2855 1308 epistola
2885 1234 3245 1292 continentur.
3273 1235 3331 1289 Si
3364 1234 3512 1290 enim
3540 1249 3651 1302 pro-

2063 1344 2248 1407 pterea
2322 1331 2688 1404 respondisti,
2757 1331 2879 1402 quia
2951 1339 3129 1386 tacere
3197 1328 3480 1392 noluisti;
3557 1342 3650 1383 non

2063 1425 2280 1498 quidem
2332 1423 2400 1481 ad
2437 1424 2657 1491 omnia,
2701 1422 2797 1479 sed
2837 1431 3017 1478 tamen
3068 1420 3417 1491 respondisti.
3466 1419 3523 1474 Si
3568 1435 3652 1474 au-

2065 1529 2172 1578 tem
2216 1519 2282 1575 ad
2333 1519 2437 1576 hoc
2489 1516 2851 1591 respondisti,
2906 1523 2964 1571 ut
3014 1531 3078 1572 ea
3129 1530 3250 1586 quae
3302 1529 3332 1568 a
3385 1529 3479 1569 me
3527 1512 3651 1568 dicta

2063 1621 2190 1671 sunt
2224 1627 2551 1678 evacuares;
2591 1610 2748 1668 video
2794 1619 2847 1666 te
2886 1607 3101 1680 quidem
3143 1607 3212 1662 ad
3236 1606 3408 1662 multa
3436 1621 3649 1676 respon-

2063 1706 2208 1763 disse
2233 1747 2248 1773 ,
2307 1704 2401 1761 sed
2456 1703 2588 1759 nihil
2643 1711 2696 1759 te
2747 1701 2906 1757 video
2951 1699 3232 1756 refellisse.
3293 1697 3651 1754 Consideratis

2060 1807 2240 1854 autem
2269 1797 2517 1853 omnibus
2537 1811 2656 1866 quae
2680 1809 2711 1849 a
2733 1809 2819 1850 me
2841 1793 2983 1850 dicta
3003 1801 3162 1861 sunt,
3189 1800 3320 1864 puto
3342 1790 3493 1863 quod
3512 1789 3647 1845 facil-

2061 1891 2190 1948 lime
2233 1891 2529 1962 intelligas,
2576 1904 2686 1945 non
2727 1886 3026 1944 devitanda:
3068 1885 3433 1942 contentionis
3464 1898 3648 1951 causa,

2059 2000 2182 2057 quae
2221 1983 2364 2039 nulla
2406 1990 2490 2040 est
2521 1997 2644 2038 cum
2675 1981 2871 2038 veritas
2897 1979 2984 2036 vel
3007 1978 3290 2050 quaeritur,
3319 1977 3410 2034 vel
3439 1992 3544 2031 non
3565 1989 3649 2047 pro

2061 2093 2199 2132 vana
2231 2076 2400 2148 gloria
2426 2076 2664 2147 litigatur
2687 2115 2702 2142 ,
2731 2073 2826 2130 sed
2856 2088 3033 2129 causa:
3061 2073 3215 2128 mala:
3239 2069 3542 2128 diffidentia
3563 2083 3650 2124 vos

2059 2168 2339 2226 nobiscum
2379 2167 2524 2224 nolle
2561 2166 2830 2223 conferre.
2854 2165 2928 2223 Ut
2951 2165 3096 2222 enim
3126 2164 3266 2220 hanc
3293 2164 3468 2220 solam
3493 2162 3644 2217 Maxi-

2057 2260 2414 2319 mianensium
2457 2274 2673 2316 causam
2719 2257 2775 2313 in
2820 2257 3059 2313 medium
3105 2256 3480 2327 proferamus,
3531 2251 3647 2307 nihil

2059 2355 2353 2413 contradici
2387 2367 2548 2426 posse
2566 2395 2582 2422 ,
2622 2367 2766 2410 nunc
2790 2351 2980 2408 saltem
3007 2350 3234 2407 fortasse
3254 2350 3367 2421 iam
3396 2346 3644 2420 agnoscis.

2059 2450 2216 2508 Unde
2236 2465 2343 2506 non
2369 2449 2500 2505 mihi
2524 2461 2802 2520 arrogans,
2825 2446 2964 2502 sicut
2987 2445 3162 2502 credis
3180 2453 3274 2501 aut
3293 2440 3645 2505 calumniaris,

2060 2543 2208 2600 velut
2250 2542 2506 2598 invictam
2546 2540 2903 2612 eloquentiam
2922 2580 2938 2608 ,
2969 2540 3047 2595 sic
3073 2553 3191 2595 eam
3218 2538 3363 2593 volui
3392 2549 3646 2592 commen-

2061 2635 2193 2693 dare
2239 2651 2254 2689 :
2300 2635 2410 2698 sed,
2432 2633 2601 2706 magis
2626 2641 2684 2688 ut
2710 2633 3048 2687 intuerentur
3074 2629 3166 2701 qui
3193 2629 3475 2700 legerent,
3505 2625 3646 2682 talem

2063 2743 2184 2784 esse
2224 2742 2441 2784 causam
2466 2768 2482 2793 ,
2525 2740 2622 2797 pro
2661 2738 2766 2796 qua
2803 2721 3094 2780 asserenda
3118 2721 3202 2778 vel
3233 2722 3413 2792 potius
3438 2719 3642 2775 demon-

2063 2819 2281 2877 stranda
2304 2819 2499 2875 nullius
2514 2817 2585 2873 sit
2605 2815 2867 2872 facundia:
2885 2814 3238 2887 patrocinium
3255 2809 3642 2884 requirendum.

2134 2912 2223 2968 8i.
2266 2911 2402 2967 Ecce
2429 2909 2540 2980 jam
2570 2924 2676 2964 non
2704 2907 2827 2964 dico
2850 2907 3120 2977 tricipitem
3145 2906 3352 2962 bestiam
3380 2947 3396 2972 ,
3424 2916 3642 2961 errorem

2066 3014 2328 3070 vestrum,
2359 3003 2481 3074 quia
2509 3001 2861 3057 suavissimus
2884 3000 3175 3056 verborum
3203 2997 3518 3055 emendator
3539 2996 3643 3060 es';

2065 3094 2160 3152 sed
2197 3095 2318 3151 dico
2345 3095 2667 3150 calumnlam
2692 3093 3034 3165 tripartitam.
3061 3091 3174 3148 Nec
3201 3091 3322 3148 dico
3344 3105 3447 3148 nos
3469 3090 3517 3146 ei
3543 3099 3644 3144 tan.

2062 3205 2224 3263 quam
2267 3189 2475 3245 tridenti
2499 3190 2599 3245 telo
2623 3203 2692 3246 ex
2719 3187 2824 3245 hac
2849 3187 3350 3244 Maximianensium
3381 3199 3538 3243 causa
3565 3182 3644 3238 tle-

2063 3281 2194 3339 bere
2235 3281 2527 3347 resistere;
2575 3280 2670 3338 sed
2699 3281 2822 3337 dico
2842 3321 2859 3348 ,
2905 3279 3169 3351 tripartita
3195 3278 3524 3336 defensione.
3547 3274 3643 3331 Nec

2063 3374 2187 3432 dico
2207 3415 2225 3444 ,
2251 3373 2320 3430 In
2347 3391 2527 3431 eorum
2557 3377 2722 3448 [route
2744 3373 3021 3446 conﬁgite;
3047 3381 3141 3429 aut
3159 3414 3174 3442 ,
3207 3371 3275 3428 In
3297 3390 3391 3428 ora
3414 3377 3643 3428 coarctat:

2066 3468 2204 3541 (Lib.
2250 3470 2276 3525 1
2319 3478 2493 3524 contra
2531 3467 2750 3523 Litteras
2791 3465 3068 3535 Petiliani,
3110 3484 3165 3523 η.
3203 3466 3297 3540 29)
3331 3466 3470 3524 :sed
3499 3464 3637 3527 dico,

2066 3562 2266 3619 Eorum
2308 3561 2693 3632 impudentiam
2732 3561 3014 3628 cohibete,
3047 3575 3462 3633 sermonemque
3485 3557 3638 3628 repri-

2065 3657 2216 3714 mite.
2262 3655 2531 3728 Numquid
2574 3656 2828 3728 quoniam
2870 3656 3032 3712 verba
3070 3663 3273 3712 mutata
3313 3664 3471 3720 sunt,
3513 3660 3636 3708 etex

2066 3747 2342 3804 translatis
2384 3747 2519 3803 facta
2560 3756 2687 3803 sunt
2723 3747 2972 3818 propria,
3016 3747 3138 3803 ideo
3166 3744 3638 3802 Maximianensium

2067 3857 2226 3898 causa
2248 3850 2449 3898 mutata
2473 3849 2581 3908 est,
2605 3840 2759 3912 cujus
2786 3839 3106 3911 compendio
3131 3840 3209 3896 sic
3227 3836 3564 3910 supcramini,
3593 3841 3638 3887 ut

2065 3936 2202 3993 nihil
2237 3936 2392 3993 vobis
2429 3944 2630 4002 restet,
2670 3935 2717 3990 si
2759 3933 3046 4006 aliquando
3081 3933 3334 4004 sapiatis,
3376 3933 3480 3989 nisi
3513 3927 3637 3984 ﬁnita

2067 4031 2335 4104 pervicaci
2361 4029 2699 4087 animositate
2726 4029 2946 4101 pacari?

2138 4122 2367 4180 CAPUT
2409 4121 2594 4179 LXVI.
2638 4151 2713 4163 -—-
2749 4119 2842 4179 82.
2868 4120 2926 4179 Si
2953 4118 3022 4177 de
3049 4118 3429 4178 communione
3449 4116 3634 4189 agitur.

2068 4230 2177 4272 non
2222 4223 2564 4286 peccatorum
2605 4215 2902 4272 alienorum
2924 4255 2940 4281 ,
2980 4212 3076 4270 sed
3118 4212 3429 4269 divinorum
3469 4210 3636 4265 Sacra-

2069 4317 2372 4367 mentorum
2401 4327 2416 4376 ;
2442 4307 2889 4364 communicatum
2915 4314 3000 4364 est
3021 4321 3145 4363 cum
3169 4304 3436 4362 damnatis
3453 4346 3467 4371 ,
3495 4308 3544 4358 et
3564 4297 3635 4351 di-

2069 4409 2214 4457 ctum
2252 4409 2336 4457 est
2365 4400 2434 4457 de
2473 4401 2593 4456 aliis
2617 4399 2922 4473 sacrilegis,
2953 4399 3043 4471 qui
3069 4413 3190 4457 cum
3220 4397 3472 4453 damnato
3496 4387 3637 4448 Maxi-

2069 4497 2250 4555 miano
2275 4494 2740 4552 communicabant
2759 4535 2777 4562 ,
2802 4492 2943 4564 quod
2963 4506 3057 4548 eos
3075 4490 3317 4562 sacrilegi
3337 4485 3526 4546 surculi
3544 4493 3633 4537 non

2069 4591 2310 4663 polluere
2333 4587 2615 4662 plantaria.
2641 4587 2698 4644 Si
2722 4587 2792 4643 de
2818 4585 3186 4656 persecutione
3207 4582 3416 4654 agitur;
3442 4581 3634 4636 damna-

2071 4694 2156 4741 tos
2204 4681 2468 4754 persecuti
2494 4680 2626 4737 esus
2647 4721 2663 4746 ,
2692 4679 2964 4735 animosos
2992 4674 3451 4748 persecutionibus
3475 4679 3630 4728 corre-

2070 4776 2245 4834 xistis.
2288 4775 2344 4832 Si
2371 4773 2439 4830 de
2468 4774 2740 4845 Baptismo
2767 4772 2975 4843 agitur,
3007 4771 3059 4827 in
3090 4769 3350 4840 sacrilego
3375 4765 3632 4824 schismate

2069 4873 2254 4930 datum
2293 4868 2623 4939 Baptismum
2666 4864 2996 4935 suscepistis.
3028 4862 3167 4931 Quid
3195 4861 3373 4918 adhuc
3401 4854 3627 4916 inaniter.

2070 4981 2140 5023 ne
2163 4963 2360 5022 veritas
2382 4968 2737 5032 cognoscatur
2759 5001 2774 5027 ,
2804 4974 3062 5028 errorque
3082 4956 3332 5027 fugiatur,
3355 4953 3522 5011 divina
3543 4957 3629 5000 non

2071 5059 2339 5117 intellecta
2385 5055 2685 5112 testimonia
2727 5050 3111 5124 proferuntur?
3152 5049 3414 5120 Scriptum
3458 5051 3551 5106 est,
3579 5035 3628 5092 Si

2069 5155 2184 5228 quis
2224 5159 2368 5222 putat
2403 5166 2458 5206 se
2483 5147 2845 5204 contentiosum
2882 5161 3019 5212 esse,
3050 5159 3142 5198 nos
3169 5140 3322 5196 talem
3344 5129 3630 5195 consuetudi-

2073 5261 2187 5304 nem
2207 5261 2311 5300 non
2329 5244 2570 5299 habemus
2598 5240 2639 5312 (Ι
2670 5239 2787 5296 Cor.
2817 5253 2916 5304 xu,
2950 5234 3063 5308 16).
3091 5234 3199 5291 Sed
3229 5249 3328 5290 nec
3349 5230 3626 5288 Resﬁtutus,

2073 5340 2165 5413 qui
2191 5354 2313 5396 cum
2337 5336 2516 5396 Salvio
2537 5333 2950 5392 Membresitano
2974 5338 3192 5402 propter
3209 5327 3426 5385 cellulas
3446 5333 3496 5382 et
3511 5313 3630 5390 agel-

2145 5549 2161 5582 ι
2187 5545 2320 5611 Apud
2351 5551 2482 5605 Dom,
2502 5553 2612 5607 qua:
2652 5538 2706 5592 in
2735 5549 2861 5590 mea.
2887 5543 2962 5588 Er.
3000 5533 3152 5598 Lugd.
3193 5540 3246 5584 et
3277 5539 3421 5592 verr,
3465 5532 3558 5591 (ματ
3593 5515 3632 5565 in

2076 5626 2164 5707 ea;
2197 5618 2276 5723 sbi:
2347 5671 2503 5720 [ticum
2551 5669 2680 5717 hunc
2743 5663 3008 5723 restituunt
3071 5658 3169 5708 duo
3225 5644 3629 5723 umnusa'ipti-Jl'l

2080 5698 2520 5855 ﬂi'ieg'c‘ﬁiili}
2771 5698 3096 5781 “33.3%..”
3139 5721 3394 5773 verborum
3441 5698 3630 5769 ὁππόθ’

2206 5815 2246 5854 s.
