3778 6138
121 283 230 344 595

118 405 233 468 los,
265 407 333 458 ut
361 412 496 456 eum
519 393 654 453 locis
679 389 1007 463 expelleret,
1030 382 1234 442 forensi
1262 379 1488 450 strepitu
1515 383 1730 468 contro-

117 467 418 562 versiaque
439 487 678 546 conﬂixit
695 527 712 551 ,
736 479 1104 540 contentiosus
1131 473 1344 531 habitus
1371 478 1455 527 est
1476 485 1508 525 a
1529 467 1680 522 vobis
1713 482 1729 520 :

118 592 326 660 quanto
355 585 541 638 minus
570 577 732 634 debet
757 571 1121 632 contentiosus
1148 564 1360 639 putari,
1389 562 1479 660 qui
1505 575 1611 660 non
1622 570 1733 660 pro

117 651 445 747 usurpanda
472 671 553 726 vel
573 665 861 726 auferenda
881 705 896 732 ,
925 662 1020 720 sed
1045 675 1143 734 pro
1161 651 1735 747 communicandalue-

123 744 360 827 reditate
407 763 711 821 caelestium
753 760 834 818 eis
864 758 882 790 ⁸
921 755 1013 829 qui
1049 754 1204 810 aliter
1229 749 1474 820 sapiunt,
1504 744 1735 800 ﬁdeliter

121 861 370 931 disputat
389 858 416 912 ἲ
450 855 711 926 Scriptum
745 861 820 908 est
839 892 855 918 ,
889 847 1066 919 inquis
1087 887 1102 913 ,
1134 842 1202 899 In
1225 857 1374 897 aures
1402 834 1735 910 imprudentis

123 953 227 1008 noli
272 951 564 1022 quidquam
610 946 807 1012 dicere,
858 959 922 998 ne
956 940 1170 996 irrideat
1214 944 1441 993 sensatos
1485 944 1738 988 sermones

125 1056 237 1100 tuos
279 1041 476 1113 (Prov.
520 1054 653 1096 xxtu
673 1079 689 1105 ,
719 1035 797 1109 9).
827 1033 1004 1090 Nolite
1029 1031 1183 1087 nobis
1211 1030 1264 1085 in
1293 1040 1451 1084 aures
1473 1022 1624 1096 quasi
1649 1036 1738 1078 se-

126 1145 336 1193 cretum
387 1133 602 1198 dieere,
650 1131 695 1186 si
734 1144 841 1185 non
883 1125 1175 1198 prudentes
1201 1121 1398 1194 putatis
1431 1138 1444 1174 :
1473 1118 1611 1174 sicut
1639 1129 1740 1170 nec

127 1231 382 1288 Christus
429 1229 483 1284 in
509 1231 667 1282 aures
690 1222 1082 1280 Pharisaaorum
1109 1217 1321 1274 dicebat
1343 1258 1359 1284 ,
1390 1212 1533 1287 quod
1559 1220 1739 1266 tamen

129 1323 196 1379 ad
215 1337 316 1378 eos
341 1319 674 1378 refellendos
699 1318 830 1390 ipsis
847 1313 1184 1373 audientibus
1209 1307 1534 1384 proferebat.
1557 1305 1741 1365 Palam

133 1415 289 1471 nobis
314 1411 595 1469 ostendite
619 1455 634 1480 ,
666 1419 726 1466 ut
748 1409 793 1466 si
813 1425 920 1464 non
945 1406 1290 1477 corrigimur,
1319 1401 1700 1458 convincamur
1721 1440 1740 1466 ,

133 1505 417 1580 quomodo
445 1519 541 1562 vos
570 1505 614 1559 si
644 1503 710 1558 ad
735 1502 996 1559 unitatem
1022 1497 1278 1554 veneritis
1297 1538 1311 1562 ,
1339 1493 1570 1550 maculet
1596 1489 1744 1547 orbis

136 1600 471 1657 christianus
494 1640 510 1667 ,
534 1613 669 1669 quos
689 1596 971 1653 damnatus
994 1595 1015 1626 ⁹
1042 1607 1151 1649 non
1172 1590 1403 1648 maculat
1419 1587 1742 1646 Felicianus.

137 1692 231 1749 Est
253 1694 562 1765 scriptum,t
584 1690 709 1746 Noli
719 1684 1340 1760 respondereimprudenti
1357 1683 1627 1740 secundum
1649 1682 1748 1736 im-

140 1785 472 1858 prudentiam
491 1785 622 1856 ejus,
638 1799 702 1837 ne
718 1781 899 1837 similis
919 1781 1016 1851 ﬁas
1034 1778 1130 1834 illi.
1145 1797 1164 1831 ι
1181 1777 1368 1833 Nonne
1390 1776 1463 1832 ibi
1482 1775 1742 1847 sequitur,

145 1897 164 1930 ι
184 1876 293 1933 Sed
312 1875 570 1948 responde
593 1875 670 1929 illi
692 1883 869 1929 contra
893 1871 1284 1944 imprudentiam
1309 1870 1440 1942 ejus,
1459 1885 1522 1924 ne
1546 1867 1642 1922 sibi
1664 1885 1748 1924 sa-

143 1971 284 2041 piens
309 1969 548 2024 videatur
569 1986 589 2020 ι
611 1966 719 2039 (Id.
746 1981 891 2034 xxvr,
909 1967 964 2034 4,
988 1964 1042 2038 5)
1064 1963 1218 2020 ?Hoc
1242 1971 1298 2020 et
1316 1979 1412 2019 vos
1435 1962 1626 2030 facite;
1649 1977 1750 2018 no-

142 2064 236 2121 lite
283 2062 646 2134 responsione
682 2068 862 2117 vestra
884 2067 1082 2116 nostrae
1115 2073 1277 2131 quam
1321 2058 1518 2129 putatis
1544 2057 1750 2129 impru-

145 2156 344 2213 dentia:
366 2155 676 2211 consentire
693 2195 710 2222 ,
739 2151 834 2210 sed
853 2152 998 2208 unde
1020 2151 1191 2223 possit
1211 2149 1459 2222 redargui
1480 2192 1497 2218 ,
1527 2166 1751 2222 respon-

145 2247 287 2304 dete.
343 2246 691 2318 Respondete
717 2287 733 2313 ,
785 2245 998 2316 inquam
1031 2285 1048 2312 ,
1101 2243 1370 2314 quomodo
1423 2243 1752 2315 Baptismum

149 2340 290 2412 quod
316 2339 774 2395 Maximianenses
803 2336 858 2392 in
883 2336 1146 2406 sacrilego
1173 2335 1462 2393 schismate
1481 2336 1754 2393 ministra-

152 2441 312 2500 runt,
341 2434 464 2488 sine
491 2431 668 2502 aliqua
694 2429 1058 2486 destructione
1078 2429 1423 2501 susceperitis
1443 2472 1458 2498 ,
1485 2438 1540 2486 et
1565 2430 1620 2487 in
1646 2431 1754 2486 Ec-

153 2523 329 2581 clesiis
358 2539 497 2596 quas
526 2522 768 2580 Christus
788 2536 886 2592 per
905 2520 1192 2592 Apostolos
1212 2521 1548 2593 propagavit,
1571 2521 1754 2578 datum

155 2613 489 2686 Baptismum
515 2613 824 2671 destruatis.

223 2707 313 2764 85.
351 2707 619 2775 Proinde,
652 2705 795 2778 quod
824 2705 877 2761 in
905 2705 1010 2762 ﬁne
1035 2706 1274 2778 epistola:
1299 2713 1405 2762 tua:
1433 2707 1610 2763 omnia
1637 2723 1757 2779 quae

157 2816 316 2873 supra
360 2801 526 2858 latius
567 2801 663 2858 abs
711 2809 765 2857 te
792 2800 933 2858 dicta
957 2810 1108 2870 sunt,
1136 2801 1374 2858 breviter
1399 2803 1756 2873 percurrenda

159 2897 451 2954 arbitratus
499 2911 589 2964 es,
645 2910 753 2968 quo
802 2895 1015 2952 lectoris
1063 2895 1382 2952 memoriam
1431 2911 1709 2954 recreares
1738 2941 1756 2966 ,

159 2989 347 3045 eodem
390 2989 586 3046 ordine
623 2988 806 3059 accipe
828 3027 847 3056 ,
887 3002 1048 3059 quam
1076 3001 1177 3044 nec
1205 2996 1257 3044 te
1288 3003 1390 3044 nec
1413 2988 1548 3044 alios
1574 2989 1760 3046 fallere

162 3081 376 3140 debeas.
420 3083 552 3139 Nam
583 3091 639 3139 et
662 3083 982 3152 arrogantize
1007 3096 1117 3138 non
1144 3091 1259 3150 est,
1286 3082 1370 3138 vel
1399 3099 1644 3154 quaerere
1672 3083 1762 3140 vel

163 3192 405 3237 asserere
444 3179 743 3236 veritatem.
786 3176 855 3233 Et
881 3177 1021 3250 quod
1048 3192 1318 3249 nunquam
1344 3186 1500 3250 putas
1523 3179 1762 3250 potuisse

169 3269 372 3327 deﬁniri
393 3315 413 3339 ,
443 3285 550 3327 non
571 3271 743 3326 solum
763 3286 794 3326 a
819 3268 1168 3341 prudentibus
1192 3277 1247 3325 et
1266 3269 1432 3325 Deum
1455 3270 1764 3328 timentibus

169 3362 448 3421 deﬁnitum
474 3372 594 3432 est,
625 3362 722 3420 sed
748 3363 908 3419 etiam
935 3377 1031 3419 vos
1055 3370 1222 3418 totum
1242 3364 1384 3433 quod
1407 3365 1522 3418 sine
1543 3362 1648 3419 ﬁne
1669 3379 1765 3434 pu-

171 3457 396 3527 tabatis,
445 3455 888 3512 Maximianenses
925 3453 1266 3526 suscipiendo
1292 3454 1500 3510 ﬁnistis.
1532 3454 1603 3510 Et
1629 3470 1724 3511 vos
1744 3497 1761 3522 ,

175 3564 275 3606 non
315 3551 383 3607 ad
423 3550 820 3606 contentionem
839 3590 856 3618 ,
895 3548 990 3604 sed
1015 3547 1084 3604 ad
1111 3547 1450 3605 collationem
1474 3562 1729 3604 vocamus
1748 3588 1764 3616 ,

236 3707 254 3738 ¹
277 3706 422 3768 Editi,
444 3719 556 3757 cum
575 3705 660 3756 eis.
688 3705 852 3765 Abest,
875 3717 1003 3763 cum,
1021 3717 1051 3754 a
1069 3711 1176 3754 Mss.

1136 262 1204 322 ΙΝ
1237 250 1685 325 SUBSEQUENS
1721 247 1900 308 OPUS
1940 244 2448 304 RETRACTATIO.

3337 240 3447 300 594

1842 365 1932 438 qui
1951 363 2394 420 Maximianenses
2413 359 2574 416 etiam
2596 357 2898 416 forensibus
2917 355 3098 411 litibus
3121 354 3443 427 perculistis.

1841 459 1909 515 Et
1949 458 2001 513 in
2039 456 2117 512 eis
2145 457 2234 526 qui
2264 454 2316 509 in
2345 452 2650 508 Maximiani
2676 450 2966 507 schismate
2991 449 3243 520 baptizati
3279 458 3444 520 sunt,

1840 550 2081 624 quamvis
2127 561 2460 618 nequaquam
2497 544 2604 600 illic
2633 543 2889 615 baptizari
2915 542 3234 610 debuerint,
3269 551 3451 600 tamen

1840 640 2036 699 Christi
2083 639 2410 710 Baptismum
2455 635 2800 707 cognovistis.
2844 635 2913 690 Et
2955 635 3209 694 Ecclesiae
3245 635 3452 692 fontem

1841 733 1998 788 aliter
2026 729 2226 787 debere
2251 727 2504 799 intelligi,
2535 727 2603 783 ad
2629 741 2787 798 quem
2819 725 2920 781 nisi
2950 726 3122 782 bonus
3143 726 3326 782 nullus
3351 742 3449 784 ac-

1841 826 2021 893 cedit,
2059 830 2336 894 acceptato
2358 823 2376 854 ¹
2405 821 2681 892 Baptismo
2707 835 2867 891 quem
2897 819 3140 890 sacrilegi
3169 829 3320 876 extra
3348 819 3448 876 de-

1842 919 2072 989 derant,
2113 916 2447 974 declarastis.
2489 916 2559 971 Et
2594 913 2829 985 majores
2860 922 3073 968 nostros
3097 913 3180 968 vel
3208 922 3450 968 sanctam

1844 1012 2141 1070 Ecclesiam
2183 1024 2344 1081 quam
2371 1016 2618 1065 tenemus
2640 1049 2657 1076 ,
2686 1007 2874 1063 alienis
2900 1005 3212 1062 criminibus
3241 1005 3452 1061 thurili-

1844 1104 2072 1161 cationis
2095 1111 2151 1160 et
2177 1100 2477 1157 traditionis
2500 1141 2515 1166 ,
2543 1099 2786 1172 quamvis
2805 1113 2835 1154 a
2855 1099 3007 1154 vobis
3029 1113 3298 1170 nunquam
3323 1113 3452 1169 pro-

1845 1199 1967 1256 bata
2011 1199 2119 1254 sint
2139 1239 2155 1266 ,
2183 1206 2376 1252 tamen
2403 1194 2569 1267 pollui
2597 1209 2705 1250 non
2728 1194 2969 1266 potuisse
2997 1194 3262 1265 cogemini
3289 1194 3454 1249 conli-

1847 1292 1988 1360 teri;
2027 1290 2119 1360 qui
2156 1289 2372 1345 dixistis
2393 1286 2533 1360 quod
2573 1286 2749 1342 socios
2786 1284 3127 1354 Maximiani,
3152 1284 3345 1356 quibus
3376 1285 3448 1340 ad

1848 1382 2182 1440 redeundum
2225 1379 2541 1436 dilationem
2582 1377 2822 1444 dabatis,
2869 1375 3109 1446 ejusdem
3146 1375 3455 1431 Maximiani

1848 1477 2092 1549 sacrilegi
2136 1473 2338 1531 surculi
2380 1487 2490 1528 non
2528 1471 2774 1543 polluere
2815 1469 3082 1542 plantaria
3123 1487 3138 1524 :
3183 1469 3327 1525 unde
3356 1484 3454 1524 nos

1851 1577 1998 1624 tanto
2039 1574 2164 1639 post
2204 1564 2314 1621 nati
2335 1606 2352 1634 ,
2393 1563 2566 1619 multo
2595 1561 2772 1617 minus
2801 1575 3088 1633 possumus
3112 1559 3180 1616 ad
3208 1560 3456 1616 eamdem

1851 1661 2166 1717 traditorum
2216 1666 2272 1715 et
2307 1655 2734 1712 thuriiicatorum
2764 1653 3029 1725 originem
3069 1653 3374 1724 pertinere,
3406 1653 3456 1707 si

1851 1761 1980 1809 tunc
1999 1751 2199 1823 pariter
2218 1748 2512 1805 viventium
2534 1747 2845 1803 societatem
2865 1744 3126 1816 majorum
3148 1753 3455 1800 nostrorum

1852 1842 2121 1899 maculare
2163 1854 2271 1896 non
2315 1838 2506 1911 potuit.
2536 1837 2606 1892 Et
2635 1835 3035 1908 persecutiones
3059 1835 3304 1906 quamvis
3331 1849 3456 1891 cou-

1860 1947 1942 1993 tra
1966 1935 2245 1991 veritatem
2272 1932 2597 1988 saevissimas
2619 1929 2775 1987 nobis
2799 1927 2977 1985 facere
3005 1927 3242 1996 soleatis,
3268 1935 3449 1984 tamen

1853 2044 1923 2086 ex
1963 2027 2142 2100 aliqua
2187 2033 2341 2098 parte
2377 2024 2824 2080 Maximianenses
2860 2021 3320 2093 persecutionibus
3341 2035 3455 2077 cor-

1855 2119 2069 2177 rexistis
2097 2136 2112 2174 :
2139 2125 2196 2174 et
2222 2131 2337 2184 eos,
2365 2115 2608 2188 quamvis
2633 2129 2742 2169 non
2767 2113 2898 2184 ipsis
2912 2112 3024 2184 jam
3044 2112 3314 2169 damnatis
3331 2112 3456 2169 data

1855 2210 2048 2278 fuerit,
2089 2218 2267 2266 tamen
2297 2219 2419 2280 post
2445 2207 2589 2263 illius
2618 2206 2889 2262 dilationis
2915 2207 3200 2262 terminum
3227 2208 3458 2278 suscepi.

1857 2302 1956 2359 stis
1985 2320 2000 2358 :
2027 2309 2082 2358 et
2112 2300 2442 2370 Baptismum
2473 2313 2633 2370 quem
2659 2297 2791 2353 foris
2818 2312 2851 2353 a
2877 2309 3054 2353 vestra
3081 2299 3458 2354 communione

1857 2394 2117 2451 dederant
2137 2434 2154 2460 ,
2183 2392 2376 2464 quibus
2394 2390 2648 2448 dilatione
2665 2389 2925 2446 redeundi
2939 2389 3157 2460 januam
3179 2389 3459 2461 pandeba-

1860 2485 2125 2557 tis,etiam
2150 2493 2272 2556 post
2298 2483 2542 2540 eamdem
2567 2482 2879 2540 dilationem
2900 2482 3170 2554 cognitum
3193 2491 3248 2539 et
3265 2497 3462 2555 appro-

1861 2576 2043 2633 batum
2085 2591 2202 2633 non!
2229 2575 2544 2632 rescidistis.
2586 2574 2764 2643 Quare
2785 2614 2802 2640 ,
2830 2589 2952 2629 cum
2977 2573 3162 2630 videas
3190 2573 3324 2629 nihil
3349 2590 3380 2630 a
3409 2585 3462 2631 te

1860 2669 1966 2727 dici
2009 2670 2282 2742 potuisse,
2327 2669 2472 2740 quod
2510 2682 2620 2723 non
2660 2667 2776 2722 haec
2818 2681 2922 2723 una
2965 2667 3462 2724 Maximiancnsium

1862 2777 2022 2820 causa
2065 2761 2276 2818 refellat
2318 2769 2480 2832 atque
2520 2759 2840 2826 convincat,
2882 2759 2951 2814 da
2993 2759 3243 2828 veniam,
3279 2761 3326 2815 si
3355 2775 3463 2830 quo

1862 2854 2093 2912 fortasse
2118 2853 2284 2910 verbo
2311 2852 2497 2908 durius
2521 2851 2723 2908 emisso
2750 2860 2804 2906 te
2830 2849 3067 2917 oﬂ‘endi;
3095 2859 3149 2906 et
3175 2851 3220 2906 si
3249 2850 3379 2907 Afer
3407 2855 3461 2908 in

1863 2947 2044 3005 Africa
2064 2955 2173 3003 tam
2193 2960 2441 3016 magnam
2460 2942 2956 3001 Maximianensium
2977 2956 3192 2998 causam
3213 2941 3268 2998 in
3289 2943 3465 3014 capite

1866 3040 2060 3098 Africae
2099 3047 2339 3096 exortam
2365 3080 2380 3104 ,
2429 3037 2566 3094 meis
2606 3034 2911 3091 admonitus
2953 3033 3150 3090 litteris
3194 3042 3304 3089 tam
3342 3050 3466 3091 sero

1865 3133 2174 3206 requisisti,
2207 3147 2308 3188 nec
2327 3131 2637 3203 requisitam
2662 3171 2678 3198 ,
2706 3128 2838 3184 falsa
2865 3128 3204 3184 narrantibus
3227 3129 3422 3184 vestris
3445 3171 3464 3196 ,

1867 3228 2006 3283 sicut
2040 3226 2151 3297 jam
2196 3225 2410 3291 cernis,
2455 3224 2696 3279 invenire
2736 3221 2992 3292 potuisti;
3039 3220 3221 3276 timete
3248 3222 3462 3276 Deum:

1869 3327 1949 3375 tot
1975 3317 2295 3374 christianas
2319 3323 2504 3388 gentes
2530 3324 2638 3370 tam
2657 3314 2762 3369 lata
2785 3327 2881 3383 per
2898 3311 3154 3366 mundum
3175 3312 3467 3369 christiana

1870 3411 2074 3466 unitate
2099 3415 2375 3480 porrectas
2395 3449 2411 3476 ,
2441 3407 2743 3478 ignotorum
2770 3402 3020 3460 Afrorum
3046 3403 3345 3475 ignotisque
3368 3406 3470 3459 cri-

1870 3501 2103 3559 minibus
2128 3500 2294 3557 nolite
2323 3497 2681 3571 perfundere;
2711 3503 2768 3552 et
2793 3509 2890 3566 pro
2916 3508 3048 3566 pace
3071 3493 3272 3551 Christi
3295 3495 3469 3552 redite

1872 3598 1940 3654 ad
1984 3596 2278 3653 Ecclesiam
2316 3609 2436 3666 quae
2473 3607 2582 3648 non
2621 3589 2897 3646 damnavit
2934 3587 3234 3660 incognitos
3257 3629 3274 3658 ,
3301 3589 3348 3645 si
3374 3605 3472 3662 pro

1873 3705 2006 3764 pace
2029 3690 2217 3747 Donati
2240 3687 2436 3760 placuit
2459 3700 2716 3744 revocare
2741 3683 3047 3741 damnatos.

236 3769 258 3799 ¹
277 3765 420 3829 Bditi,
446 3780 564 3833 quos
579 3768 847 3819 danmatos.
863 3768 1162 3831 castigantur
1193 3765 1255 3816 ad
1275 3765 1400 3818 duos
1419 3766 1771 3829 manuscriptos
2015 3828 2027 3840 .
2359 3826 2368 3837 .
2394 3825 2405 3836 ⁸

181 3840 322 3878 sum
339 3829 580 3878 laudatos.
1942 3829 1961 3862 ι
1985 3833 2059 3878 Sic
2078 3833 2189 3877 Mss.
2214 3830 2271 3877 At
2292 3824 2405 3876 editi

237 3843 322 3893 pra
339 3824 580 3882 laudatos.
989 3824 1017 3831 ⁷
1660 3824 1678 3829 “
1942 3829 1961 3862 ί
1985 3828 2059 3878 Sic
2078 3833 2189 3877 Mss.
2214 3830 2271 3877 At
2292 3824 2429 3886 editi,
2452 3825 2666 3888 accepta.

253 3914 632 3988 Subiungenda
658 3915 760 3988 hoc
775 3915 902 3988 loco
928 3922 1104 3984 erant,
1135 3914 1179 3969 si
1218 3914 1444 3988 reperiri
1490 3911 1957 3988 potuisse_nt_,__tria
1992 3911 2111 3988 haec
2153 3909 2467 3988 opuscula;
2495 3905 2900 3988 Probationum.
2923 3912 2980 3961 et
3024 3903 3474 3988 Testimoniorum

186 3976 380 4056 contra'
401 3976 705 4043 Do’natistas
730 3986 887 4050 liber,
909 3987 1063 4056 cujus
1090 3976 1337 4041 meminit
1366 3976 1695 4056 Augustinus
1722 3985 1775 4056 in
1796 3976 1900 4040 lib.
1929 3984 1967 4040 2
1992 3976 2231 4056 Retraci.
2256 3981 2500 4056 cap.g27_;
2529 3976 2734 4056 Contra
2742 3977 2941 4056 _nescio
2968 3991 3125 4046 quem
3143 3976 3476 4056 Donatistam

191 4054 338 4124 liber,
367 4059 440 4114 de
465 4074 573 4129 quo
600 4057 652 4112 in
681 4056 777 4113 lib.
804 4057 840 4112 2
868 4048 1106 4129 Retract.
1128 4071 1247 4128 cap.
1277 4057 1379 4124 28;
1405 4048 1714 4114 Admonitio
1737 4055 2134 4112 Donatistarum
2161 4053 2232 4111 de
2257 4048 2692 4117 Maximianistis,
2720 4048 2860 4105 liber
2898 4062 3039 4103 unus
3060 4088 3076 4114 ,
3109 4048 3202 4118 qui
3229 4063 3479 4104 recense-

193 4133 275 4182 tur
302 4130 355 4184 in
383 4127 536 4186 lib.‘2
555 4129 790 4185 Retract.
819 4142 938 4200 cap.
963 4127 1056 4185 29.

126 4419 158 4430 ,_
941 4318 978 4326 '
1435 4325 1505 4382 IN
1543 4318 2224 4396 sunseousns‘opus,

1253 4435 1392 4477 ιωιιι
1428 4435 1466 4476 II
1503 4434 1981 4478 RETRACT‘TIONUI
2015 4433 2190 4476 CAPUT
2226 4433 2411 4474 XXXIV.

2052 4433 2190 4474 spur
2226 4433 2411 4474 xxxiv.
3519 4452 3544 4488 κ

268 4511 346 4571 Εο
389 4523 634 4586 tempore
656 4513 853 4572 librum
882 4513 951 4571 de
977 4512 1149 4572 Unico
1187 4511 1460 4584 Baptismo
1502 4514 1707 4570 amicus
1734 4512 1952 4585 quidam
1989 4527 2161 4580 meus,
2189 4526 2220 4567 a
2249 4510 2433 4568 nescio
2459 4525 2566 4582 quo
2591 4509 2858 4566 donatista
2885 4506 3202 4582 presbytero
3226 4507 3471 4580 accepit,
3516 4489 3522 4496 ’

214 4604 462 4665 ndicante
485 4607 632 4680 quod
681 4607 975 4664 Petilianus
1004 4607 1288 4679 episcopus
1315 4620 1504 4662 eorum
1531 4603 1992 4662 Constantinensis
2017 4618 2140 4660 eum
2169 4601 2464 4673 scripserit.
2493 4600 2646 4656 Hunc
2673 4599 2740 4658 ad
2767 4614 2854 4656 me
2875 4599 2965 4656 ille
2991 4598 3188 4665 attulit,
3217 4614 3282 4656 ac
3309 4599 3476 4656 vehe-

197 4710 422 4770 menter,
453 4709 514 4756 ut
541 4700 592 4756 ei
620 4699 1023 4771 responderem,
1053 4699 1294 4772 rogavit;
1326 4706 1382 4755 et
1424 4701 1620 4755 factum
1653 4706 1756 4754 est.
1785 4696 2006 4754 Librum
2039 4704 2218 4752 autem
2245 4695 2409 4752 etiam
2434 4709 2615 4752 meum
2636 4735 2653 4762 ,
2683 4694 2738 4750 in
2777 4707 2886 4765 quo
2908 4690 3201 4763 respondi,
3233 4692 3480 4748 eumdem

200 4790 402 4851 titulum
431 4793 634 4850 habere
661 4794 824 4862 volui,
865 4792 969 4850 hoc
1005 4801 1109 4860 est,
1153 4792 1220 4848 de
1262 4791 1434 4849 Unico
1457 4791 1754 4863 Baptismo.
1783 4790 1842 4846 ln
1868 4805 1976 4863 quo
2017 4787 2156 4846 libro
2182 4788 2311 4845 illud
2354 4787 2497 4860 quod
2541 4787 2687 4855 dixi,
2718 4785 3106 4844 Constantinum
3128 4785 3484 4858 imperatorem

203 4882 478 4946 Donatistis
516 4887 900 4944 criminantibus
938 4888 1282 4943 ordinatorcm
1321 4885 1583 4941 Caeciliani
1608 4882 1835 4940 Felicem
1858 4883 2253 4956 Aptungensem,
2294 4899 2396 4938 non
2422 4898 2632 4954 negasse
2659 4879 2994 4936 accusationis
3031 4879 3217 4950 locum,
3257 4882 3485 4953 quamvis

205 4993 283 5034 eos
317 4985 370 5039 in
413 4982 676 5039 Cmciliani
703 4982 835 5052 ﬁctis
875 4980 1171 5036 criminibus
1215 4978 1556 5034 calumniosos
1601 4977 1781 5050 fuisset
1811 4987 2048 5050 expertus
2075 4977 2095 5049 (
2121 4975 2251 5050 Cap.
2281 4975 2371 5042 16,
2418 4993 2472 5031 n.
2501 4974 2636 5047 28);
2669 4974 2723 5031 in
2749 4973 2940 5031 ordine
2967 4981 3267 5044 temporum
3299 4984 3485 5046 postea

207 5078 597 5135 consideratum
629 5077 786 5133 aliter
813 5076 1086 5132 inventum
1114 5082 1198 5131 est
1222 5072 1323 5149 (a).
1349 5072 1480 5128 Nam
1519 5071 1669 5143 prius
1692 5081 2024 5128 memoratus
2054 5070 2352 5142 Imperator
2377 5085 2594 5126 causam
2621 5068 2816 5124 Felicis
2841 5067 2966 5125 fecit
2993 5067 3164 5124 audiri
3191 5083 3222 5124 a
3253 5083 3484 5140 procon-

207 5168 318 5226 sule
344 5171 440 5246 (ιν),
469 5169 559 5227 ubi
586 5169 782 5241 legitur
803 5167 1110 5233 absolutus;
1140 5174 1196 5223 et
1217 5171 1404 5237 postea
1433 5165 1549 5236 ipse
1571 5162 1914 5220 Caecilianum
1941 5179 2064 5220 cum
2085 5162 2486 5219 accusatoribus
2510 5161 2628 5232 ejus
2657 5161 2898 5217 auditum
2935 5161 3198 5231 comperit
3224 5161 3485 5217 innocen-

210 5270 329 5336 lcm,
357 5268 444 5324 ubi
472 5281 567 5323 eos
594 5273 848 5337 expertus
871 5271 957 5320 est
979 5265 1034 5319 in
1061 5261 1176 5333 ejus
1205 5258 1521 5316 criminibus
1547 5257 1932 5314 calumniosos.
1955 5256 2060 5326 Qui
2088 5255 2222 5313 ordo
2251 5265 2553 5326 temporum
2576 5269 2674 5326 per
2697 5253 2945 5310 consules
2969 5253 3288 5319 declaratus,
3316 5255 3486 5308 multo

207 5356 568 5417 vehementius
594 5358 647 5414 in
669 5373 733 5414 ea
753 5371 913 5413 causa
935 5353 1231 5412 calumnias
1253 5351 1649 5408 Donatistarum
1674 5350 1965 5417 convincit,
1993 5350 2308 5420 penitusque
2335 5347 2595 5404 subvertit
2619 5365 2630 5402 :
2656 5345 2800 5418 quod
2833 5346 2960 5401 alibi
2986 5345 3316 5403 ostendimus
3344 5344 3481 5414 (Lib.

213 5460 316 5516 post
335 5452 517 5508 Collat.
547 5468 662 5524 cap.
685 5449 800 5522 53).
830 5449 928 5505 Hic
953 5447 1089 5504 liber
1115 5446 1195 5503 sic
1221 5445 1408 5517 incipit
1434 5461 1448 5500 :
1478 5443 1800 5515 Respondere
1827 5444 2040 5498 adversa
2064 5441 2410 5498 sentientibus.

3139 4218 3452 4230 .————.

270 5543 490 5612 (a)_ttinc
511 5546 668 5609 liquet
688 5545 1076 5612 subsequentem
1097 5540 1326 5612 denUnieo
1346 5539 1583 5612 Baptisqm
1604 5534 1781 5612 lingunt
1796 5535 2388 5612 prpdiisscante
2533 5541 2649 5612 tiam
2670 5535 2719 5584 in
2741 5529 3302 5612 Brevic'ulo‘Collationis,
3323 5530 3406 5612 die
3421 5533 3474 5588 5,

217 5594 912 5673 breviculum
934 5605 1133 5673 circiter,
1151 5601 1299 5652 linem
1317 5594 1432 5673 anni
1454 5599 1557 5673 411-
1577 5594 2063 5673 coniecit,‘sig-ni.llicat
2097 5598 2392 5673 Augustinus
2409 5598 2508 5660 jam
2519 5605 2636 5670 Otum
2677 5610 2791 5646 esse
2815 5601 3161 5673 exgestlorum.
3179 5594 3483 5673 inspectione

216 5655 810 5730 gehénétishﬁ'ei-ibrem
831 5667 984 5718 illum.
1020 5671 1262 5730 Praeterea
1285 5663 1401 5713 nihil
1416 5669 1522 5730 poto
1543 5663 1637 5730 hoc
1657 5655 2148 5730 libro'de'Collatione
2172 5655 2552 5730 carthaginensi,
2575 5672 2686 5722 quae
2707 5671 2834 5708 anno
2853 5657 2935 5705 4H
2949 5692 2962 5717 ,
2987 5657 3068 5706 die
3093 5655 3241 5718 prima
3261 5655 3379 5717 junii
3398 5657 3483 5704 ha-

215 5721 308 5780 biti
331 5721 536 5785 eratcum
562 5732 836 5790 Donatistis,
862 5733 966 5792 ipso
982 5729 1148 5792 etiam,
1171 5729 1220 5776 in
1243 5739 1393 5789 quem
1416 5724 1542 5776 liber
1562 5726 1641 5775 hic
1663 5727 1870 5789 scriptus
1892 5731 1986 5783 est,
2012 5728 2256 5786 praesente
2280 5721 2523 5771 Pctiliano.

272 5791 342 5858 ib)
373 5796 572 5850 tiliam.
597 5795 712 5846 Vide
730 5792 854 5843 infra
871 5790 921 5842 in
949 5790 1238 5858 Appendice.
