  <div class='ocr_page' id='page_1' title='image "/cluster/home/n/w/nwhite01/storage/ocr_20150623/43/uva.x000827113/306.png"; bbox 0 0 3778 6130; ppageno 0'>
   <div class='ocr_carea' id='block_1_1' title="bbox 89 291 198 352">
    <p class='ocr_par' dir='ltr' id='par_1_1' title="bbox 89 291 198 352">
     <span class='ocr_line' id='line_1_1' title="bbox 89 291 198 352; baseline -0.055 0"><span class='ocrx_word' id='word_1_1' title='bbox 89 291 198 352; x_wconf 78' lang='lat'><strong>597</strong></span> 
     </span>
    </p>
   </div>
   <div class='ocr_carea' id='block_1_2' title="bbox 91 397 1697 485">
    <p class='ocr_par' dir='ltr' id='par_1_2' title="bbox 91 397 1697 485">
     <span class='ocr_line' id='line_1_2' title="bbox 91 397 1697 485; baseline -0.009 -19"><span class='ocrx_word' id='word_1_2' title='bbox 91 408 309 484; x_wconf 66' lang='lat' dir='ltr'><strong>denda,</strong></span> <span class='ocrx_word' id='word_1_3' title='bbox 368 405 510 485; x_wconf 63' lang='lat' dir='ltr'><strong>sicut,</strong></span> <span class='ocrx_word' id='word_1_4' title='bbox 533 401 747 481; x_wconf 68' lang='lat' dir='ltr'><strong>ieneiiat</strong></span> <span class='ocrx_word' id='word_1_5' title='bbox 790 398 1019 458; x_wconf 89' lang='lat' dir='ltr'><strong>tenenda</strong></span> <span class='ocrx_word' id='word_1_6' title='bbox 1065 398 1363 456; x_wconf 77' lang='lat' dir='ltr'><strong>firmamus.</strong></span> <span class='ocrx_word' id='word_1_7' title='bbox 1413 397 1490 454; x_wconf 85' lang='lat' dir='ltr'><strong>Ita</strong></span> <span class='ocrx_word' id='word_1_8' title='bbox 1535 397 1697 454; x_wconf 90' lang='lat' dir='ltr'><strong>etiam</strong></span> 
     </span>
    </p>
   </div>
   <div class='ocr_carea' id='block_1_3' title="bbox 91 492 1700 574">
    <p class='ocr_par' dir='ltr' id='par_1_3' title="bbox 91 492 1700 574">
     <span class='ocr_line' id='line_1_3' title="bbox 91 492 1700 574; baseline -0.007 -17"><span class='ocrx_word' id='word_1_9' title='bbox 91 517 214 557; x_wconf 90' lang='lat' dir='ltr'><strong>cum</strong></span> <span class='ocrx_word' id='word_1_10' title='bbox 247 499 322 555; x_wconf 90' lang='lat' dir='ltr'><strong>ad</strong></span> <span class='ocrx_word' id='word_1_11' title='bbox 354 513 450 574; x_wconf 83' lang='lat' dir='ltr'><strong>nos</strong></span> <span class='ocrx_word' id='word_1_12' title='bbox 477 497 622 574; x_wconf 79' lang='lat' dir='ltr'><strong>venit</strong></span> <span class='ocrx_word' id='word_1_13' title='bbox 646 495 1018 562; x_wconf 85' lang='lat' dir='ltr'><strong>schismaticus</strong></span> <span class='ocrx_word' id='word_1_14' title='bbox 1044 493 1130 549; x_wconf 87' lang='lat' dir='ltr'><strong>vel</strong></span> <span class='ocrx_word' id='word_1_15' title='bbox 1171 492 1484 559; x_wconf 87' lang='lat' dir='ltr'><strong>haereticus,</strong></span> <span class='ocrx_word' id='word_1_16' title='bbox 1517 502 1578 547; x_wconf 90' lang='lat' dir='ltr'><strong>ut</strong></span> <span class='ocrx_word' id='word_1_17' title='bbox 1606 507 1700 547; x_wconf 85' lang='lat' dir='ltr'><strong>ca-</strong></span> 
     </span>
    </p>
   </div>
   <div class='ocr_carea' id='block_1_4' title="bbox 93 583 1701 666">
    <p class='ocr_par' dir='ltr' id='par_1_4' title="bbox 93 583 1701 666">
     <span class='ocr_line' id='line_1_4' title="bbox 93 583 1701 666; baseline -0.007 -16"><span class='ocrx_word' id='word_1_18' title='bbox 93 594 340 652; x_wconf 86' lang='lat' dir='ltr'><strong>tholicus</strong></span> <span class='ocrx_word' id='word_1_19' title='bbox 368 591 475 666; x_wconf 80' lang='lat' dir='ltr'><strong>liat,</strong></span> <span class='ocrx_word' id='word_1_20' title='bbox 505 589 734 652; x_wconf 87' lang='lat' dir='ltr'><strong>schisma</strong></span> <span class='ocrx_word' id='word_1_21' title='bbox 763 588 879 658; x_wconf 82' lang='lat' dir='ltr'><strong>ejus</strong></span> <span class='ocrx_word' id='word_1_22' title='bbox 903 598 957 644; x_wconf 89' lang='lat' dir='ltr'><strong>et</strong></span> <span class='ocrx_word' id='word_1_23' title='bbox 983 585 1232 648; x_wconf 61' lang='lat' dir='ltr'><strong>haresim</strong></span> <span class='ocrx_word' id='word_1_24' title='bbox 1259 583 1619 644; x_wconf 88' lang='lat' dir='ltr'><strong>dissuadendo</strong></span> <span class='ocrx_word' id='word_1_25' title='bbox 1645 592 1701 638; x_wconf 87' lang='lat' dir='ltr'><strong>et</strong></span> 
     </span>
    </p>
   </div>
   <div class='ocr_carea' id='block_1_5' title="bbox 91 669 1697 760">
    <p class='ocr_par' dir='ltr' id='par_1_5' title="bbox 91 669 1697 760">
     <span class='ocr_line' id='line_1_5' title="bbox 91 669 1697 760; baseline -0.009 -17"><span class='ocrx_word' id='word_1_26' title='bbox 91 669 428 756; x_wconf 85' lang='lat' dir='ltr'><strong>destruendo</strong></span> <span class='ocrx_word' id='word_1_27' title='bbox 449 681 802 760; x_wconf 81' lang='lat' dir='ltr'><strong>rescindimus</strong></span> <span class='ocrx_word' id='word_1_28' title='bbox 829 698 842 736; x_wconf 91' lang='lat'><strong>:</strong></span> <span class='ocrx_word' id='word_1_29' title='bbox 875 679 1218 752; x_wconf 85' lang='lat' dir='ltr'><strong>Sacramenta</strong></span> <span class='ocrx_word' id='word_1_30' title='bbox 1251 693 1378 732; x_wconf 91' lang='lat' dir='ltr'><strong>vero</strong></span> <span class='ocrx_word' id='word_1_31' title='bbox 1408 676 1697 742; x_wconf 77' lang='lat' dir='ltr'><strong>christiana</strong></span> 
     </span>
    </p>
   </div>
   <div class='ocr_carea' id='block_1_6' title="bbox 92 761 1700 842">
    <p class='ocr_par' dir='ltr' id='par_1_6' title="bbox 92 761 1700 842">
     <span class='ocr_line' id='line_1_6' title="bbox 92 761 1700 842; baseline -0.007 -9"><span class='ocrx_word' id='word_1_32' title='bbox 92 779 134 836; x_wconf 91' lang='lat' dir='ltr'><strong>si</strong></span> <span class='ocrx_word' id='word_1_33' title='bbox 164 777 368 842; x_wconf 53' lang='lat' dir='ltr'><strong>eadem,</strong></span> <span class='ocrx_word' id='word_1_34' title='bbox 396 776 449 832; x_wconf 91' lang='lat' dir='ltr'><strong>in</strong></span> <span class='ocrx_word' id='word_1_35' title='bbox 474 761 565 832; x_wconf 81' lang='lat' dir='ltr'><strong>illo</strong></span> <span class='ocrx_word' id='word_1_36' title='bbox 589 773 912 838; x_wconf 87' lang='lat' dir='ltr'><strong>invenimus,</strong></span> <span class='ocrx_word' id='word_1_37' title='bbox 945 778 1002 842; x_wconf 70' lang='lat' dir='ltr'><strong>et,</strong></span> <span class='ocrx_word' id='word_1_38' title='bbox 1032 767 1292 841; x_wconf 78' lang='lat' dir='ltr'><strong>quidquid</strong></span> <span class='ocrx_word' id='word_1_39' title='bbox 1314 767 1455 842; x_wconf 78' lang='lat' dir='ltr'><strong>aliud</strong></span> <span class='ocrx_word' id='word_1_40' title='bbox 1479 767 1592 834; x_wconf 79' lang='lat' dir='ltr'><strong>veri</strong></span> <span class='ocrx_word' id='word_1_41' title='bbox 1621 775 1700 822; x_wconf 86' lang='lat' dir='ltr'><strong>te-</strong></span> 
     </span>
    </p>
   </div>
   <div class='ocr_carea' id='block_1_7' title="bbox 93 857 1702 938">
    <p class='ocr_par' dir='ltr' id='par_1_7' title="bbox 93 857 1702 938">
     <span class='ocr_line' id='line_1_7' title="bbox 93 857 1702 938; baseline -0.009 -12"><span class='ocrx_word' id='word_1_42' title='bbox 93 879 207 937; x_wconf 91' lang='lat' dir='ltr'><strong>net,</strong></span> <span class='ocrx_word' id='word_1_43' title='bbox 232 869 381 936; x_wconf 73' lang='lat' dir='ltr'><strong>absit</strong></span> <span class='ocrx_word' id='word_1_44' title='bbox 409 876 468 938; x_wconf 81' lang='lat' dir='ltr'><strong>ut</strong></span> <span class='ocrx_word' id='word_1_45' title='bbox 491 866 773 934; x_wconf 73' lang='lat' dir='ltr'><strong>violemus,</strong></span> <span class='ocrx_word' id='word_1_46' title='bbox 804 863 944 922; x_wconf 86' lang='lat' dir='ltr'><strong>absit</strong></span> <span class='ocrx_word' id='word_1_47' title='bbox 969 870 1048 930; x_wconf 84' lang='lat' dir='ltr'><strong>ut,</strong></span> <span class='ocrx_word' id='word_1_48' title='bbox 1077 861 1123 918; x_wconf 81' lang='lat' dir='ltr'><strong>si</strong></span> <span class='ocrx_word' id='word_1_49' title='bbox 1151 861 1322 922; x_wconf 84' lang='lat' dir='ltr'><strong>semel</strong></span> <span class='ocrx_word' id='word_1_50' title='bbox 1351 859 1471 915; x_wconf 90' lang='lat' dir='ltr'><strong>data</strong></span> <span class='ocrx_word' id='word_1_51' title='bbox 1499 864 1517 896; x_wconf 76' lang='grc' dir='ltr'>ι</span> <span class='ocrx_word' id='word_1_52' title='bbox 1550 857 1702 925; x_wconf 82' lang='lat' dir='ltr'><strong>novi-</strong></span> 
     </span>
    </p>
   </div>
   <div class='ocr_carea' id='block_1_8' title="bbox 93 951 1697 1038">
    <p class='ocr_par' dir='ltr' id='par_1_8' title="bbox 93 951 1697 1038">
     <span class='ocr_line' id='line_1_8' title="bbox 93 951 1697 1038; baseline -0.009 -18"><span class='ocrx_word' id='word_1_53' title='bbox 93 979 234 1031; x_wconf 87' lang='lat' dir='ltr'><strong>mus,</strong></span> <span class='ocrx_word' id='word_1_54' title='bbox 271 962 570 1036; x_wconf 38' lang='lat' dir='ltr'><strong>iierem.us;</strong></span> <span class='ocrx_word' id='word_1_55' title='bbox 601 975 668 1022; x_wconf 87' lang='lat' dir='ltr'><strong>ne</strong></span> <span class='ocrx_word' id='word_1_56' title='bbox 697 959 824 1016; x_wconf 90' lang='lat' dir='ltr'><strong>dum</strong></span> <span class='ocrx_word' id='word_1_57' title='bbox 853 957 979 1038; x_wconf 88' lang='lat' dir='ltr'><strong>vitia</strong></span> <span class='ocrx_word' id='word_1_58' title='bbox 1023 955 1252 1010; x_wconf 88' lang='lat' dir='ltr'><strong>humana</strong></span> <span class='ocrx_word' id='word_1_59' title='bbox 1290 967 1574 1028; x_wconf 80' lang='lat' dir='ltr'><strong>curamus,</strong></span> <span class='ocrx_word' id='word_1_60' title='bbox 1611 951 1697 1026; x_wconf 84' lang='lat' dir='ltr'><strong>di-</strong></span> 
     </span>
    </p>
   </div>
   <div class='ocr_carea' id='block_1_9' title="bbox 93 1046 1698 1122">
    <p class='ocr_par' dir='ltr' id='par_1_9' title="bbox 93 1046 1698 1122">
     <span class='ocr_line' id='line_1_9' title="bbox 93 1046 1698 1122; baseline -0.007 -11"><span class='ocrx_word' id='word_1_61' title='bbox 93 1059 214 1112; x_wconf 85' lang='lat' dir='ltr'><strong>vina</strong></span> <span class='ocrx_word' id='word_1_62' title='bbox 247 1054 642 1122; x_wconf 81' lang='lat' dir='ltr'><strong>medicamenta</strong></span> <span class='ocrx_word' id='word_1_63' title='bbox 669 1051 1023 1116; x_wconf 81' lang='lat' dir='ltr'><strong>damnemus;</strong></span> <span class='ocrx_word' id='word_1_64' title='bbox 1056 1056 1150 1118; x_wconf 85' lang='lat' dir='ltr'><strong>aut</strong></span> <span class='ocrx_word' id='word_1_65' title='bbox 1186 1046 1478 1121; x_wconf 85' lang='lat' dir='ltr'><strong>quaerendo</strong></span> <span class='ocrx_word' id='word_1_66' title='bbox 1505 1060 1698 1100; x_wconf 89' lang='lat' dir='ltr'><strong>sanare</strong></span> 
     </span>
    </p>
   </div>
   <div class='ocr_carea' id='block_1_10' title="bbox 91 1138 1697 1222">
    <p class='ocr_par' dir='ltr' id='par_1_10' title="bbox 91 1138 1697 1222">
     <span class='ocr_line' id='line_1_10' title="bbox 91 1138 1697 1222; baseline -0.008 -15"><span class='ocrx_word' id='word_1_67' title='bbox 91 1149 234 1222; x_wconf 89' lang='lat' dir='ltr'><strong>quod</strong></span> <span class='ocrx_word' id='word_1_68' title='bbox 269 1148 612 1205; x_wconf 86' lang='lat' dir='ltr'><strong>vulneratum</strong></span> <span class='ocrx_word' id='word_1_69' title='bbox 641 1161 746 1200; x_wconf 92' lang='lat' dir='ltr'><strong>non</strong></span> <span class='ocrx_word' id='word_1_70' title='bbox 773 1146 901 1200; x_wconf 81' lang='lat' dir='ltr'><strong>est’</strong></span> <span class='ocrx_word' id='word_1_71' title='bbox 933 1142 1205 1198; x_wconf 85' lang='lat' dir='ltr'><strong>hominem</strong></span> <span class='ocrx_word' id='word_1_72' title='bbox 1241 1140 1478 1195; x_wconf 91' lang='lat' dir='ltr'><strong>saucium</strong></span> <span class='ocrx_word' id='word_1_73' title='bbox 1519 1147 1573 1200; x_wconf 89' lang='lat' dir='ltr'><strong>et</strong></span> <span class='ocrx_word' id='word_1_74' title='bbox 1605 1138 1697 1194; x_wconf 89' lang='lat' dir='ltr'><strong>ubi</strong></span> 
     </span>
    </p>
   </div>
   <div class='ocr_carea' id='block_1_11' title="bbox 91 1225 1697 1308">
    <p class='ocr_par' dir='ltr' id='par_1_11' title="bbox 91 1225 1697 1308">
     <span class='ocr_line' id='line_1_11' title="bbox 91 1225 1697 1308; baseline -0.009 -9"><span class='ocrx_word' id='word_1_75' title='bbox 91 1258 255 1300; x_wconf 85' lang='lat' dir='ltr'><strong>sanus</strong></span> <span class='ocrx_word' id='word_1_76' title='bbox 296 1251 413 1308; x_wconf 84' lang='lat' dir='ltr'><strong>est,</strong></span> <span class='ocrx_word' id='word_1_77' title='bbox 447 1225 809 1300; x_wconf 87' lang='lat' dir='ltr'><strong>vulneremus.</strong></span> <span class='ocrx_word' id='word_1_78' title='bbox 853 1235 1115 1302; x_wconf 83' lang='lat' dir='ltr'><strong>Proinde,</strong></span> <span class='ocrx_word' id='word_1_79' title='bbox 1148 1235 1193 1289; x_wconf 91' lang='lat' dir='ltr'><strong>si</strong></span> <span class='ocrx_word' id='word_1_80' title='bbox 1236 1235 1303 1290; x_wconf 92' lang='lat' dir='ltr'><strong>de</strong></span> <span class='ocrx_word' id='word_1_81' title='bbox 1332 1233 1509 1304; x_wconf 84' lang='lat' dir='ltr'><strong>aliqua</strong></span> <span class='ocrx_word' id='word_1_82' title='bbox 1546 1247 1606 1288; x_wconf 85' lang='lat' dir='ltr'><strong>re</strong></span> <span class='ocrx_word' id='word_1_83' title='bbox 1629 1231 1697 1286; x_wconf 90' lang='lat' dir='ltr'><strong>ad</strong></span> 
     </span>
    </p>
   </div>
   <div class='ocr_carea' id='block_1_12' title="bbox 93 1322 1694 1408">
    <p class='ocr_par' dir='ltr' id='par_1_12' title="bbox 93 1322 1694 1408">
     <span class='ocr_line' id='line_1_12' title="bbox 93 1322 1694 1408; baseline -0.009 -18"><span class='ocrx_word' id='word_1_84' title='bbox 93 1336 255 1393; x_wconf 82' lang='lat' dir='ltr'><strong>ﬁdem</strong></span> <span class='ocrx_word' id='word_1_85' title='bbox 288 1334 638 1408; x_wconf 86' lang='lat' dir='ltr'><strong>christianam</strong></span> <span class='ocrx_word' id='word_1_86' title='bbox 680 1339 734 1386; x_wconf 94' lang='lat' dir='ltr'><strong>et</strong></span> <span class='ocrx_word' id='word_1_87' title='bbox 756 1328 1074 1385; x_wconf 78' lang='lat' dir='ltr'><strong>catholicam</strong></span> <span class='ocrx_word' id='word_1_88' title='bbox 1104 1325 1438 1396; x_wconf 90' lang='lat' dir='ltr'><strong>pertinente,</strong></span> <span class='ocrx_word' id='word_1_89' title='bbox 1467 1323 1514 1380; x_wconf 89' lang='lat' dir='ltr'><strong>si</strong></span> <span class='ocrx_word' id='word_1_90' title='bbox 1540 1322 1694 1378; x_wconf 87' lang='lat' dir='ltr'><strong>deni-</strong></span> 
     </span>
    </p>
   </div>
   <div class='ocr_carea' id='block_1_13' title="bbox 90 1405 1694 1502">
    <p class='ocr_par' dir='ltr' id='par_1_13' title="bbox 90 1405 1694 1502">
     <span class='ocr_line' id='line_1_13' title="bbox 90 1405 1694 1502; baseline -0.012 -13"><span class='ocrx_word' id='word_1_91' title='bbox 90 1448 191 1502; x_wconf 88' lang='lat' dir='ltr'><strong>que</strong></span> <span class='ocrx_word' id='word_1_92' title='bbox 233 1431 310 1487; x_wconf 89' lang='lat' dir='ltr'><strong>de</strong></span> <span class='ocrx_word' id='word_1_93' title='bbox 348 1430 463 1500; x_wconf 89' lang='lat' dir='ltr'><strong>ipsa</strong></span> <span class='ocrx_word' id='word_1_94' title='bbox 509 1405 671 1484; x_wconf 82' lang='lat' dir='ltr'><strong>etiam</strong></span> <span class='ocrx_word' id='word_1_95' title='bbox 720 1422 998 1480; x_wconf 75' lang='lat' dir='ltr'><strong>Trinitatis</strong></span> <span class='ocrx_word' id='word_1_96' title='bbox 1043 1419 1248 1474; x_wconf 92' lang='lat' dir='ltr'><strong>unitate</strong></span> <span class='ocrx_word' id='word_1_97' title='bbox 1294 1417 1694 1474; x_wconf 87' lang='lat' dir='ltr'><strong>dissentientem</strong></span> 
     </span>
    </p>
   </div>
   <div class='ocr_carea' id='block_1_14' title="bbox 93 1509 1694 1584">
    <p class='ocr_par' dir='ltr' id='par_1_14' title="bbox 93 1509 1694 1584">
     <span class='ocr_line' id='line_1_14' title="bbox 93 1509 1694 1584; baseline -0.011 -4"><span class='ocrx_word' id='word_1_98' title='bbox 93 1524 405 1580; x_wconf 71' lang='lat' dir='ltr'><strong>haereticum</strong></span> <span class='ocrx_word' id='word_1_99' title='bbox 435 1519 680 1583; x_wconf 80' lang='lat' dir='ltr'><strong>invenio,</strong></span> <span class='ocrx_word' id='word_1_100' title='bbox 709 1527 763 1572; x_wconf 89' lang='lat' dir='ltr'><strong>et</strong></span> <span class='ocrx_word' id='word_1_101' title='bbox 789 1525 968 1570; x_wconf 91' lang='lat' dir='ltr'><strong>tamen</strong></span> <span class='ocrx_word' id='word_1_102' title='bbox 1005 1511 1312 1584; x_wconf 86' lang='lat' dir='ltr'><strong>evangelica</strong></span> <span class='ocrx_word' id='word_1_103' title='bbox 1347 1520 1401 1566; x_wconf 91' lang='lat' dir='ltr'><strong>et</strong></span> <span class='ocrx_word' id='word_1_104' title='bbox 1439 1509 1694 1565; x_wconf 88' lang='lat' dir='ltr'><strong>ecclesia-</strong></span> 
     </span>
    </p>
   </div>
   <div class='ocr_carea' id='block_1_15' title="bbox 91 1602 1694 1686">
    <p class='ocr_par' dir='ltr' id='par_1_15' title="bbox 91 1602 1694 1686">
     <span class='ocr_line' id='line_1_15' title="bbox 91 1602 1694 1686; baseline -0.012 -13"><span class='ocrx_word' id='word_1_105' title='bbox 91 1618 217 1673; x_wconf 88' lang='lat' dir='ltr'><strong>stica</strong></span> <span class='ocrx_word' id='word_1_106' title='bbox 247 1615 433 1686; x_wconf 85' lang='lat' dir='ltr'><strong>regula</strong></span> <span class='ocrx_word' id='word_1_107' title='bbox 461 1612 819 1682; x_wconf 86' lang='lat' dir='ltr'><strong>baptizatum;</strong></span> <span class='ocrx_word' id='word_1_108' title='bbox 852 1606 1180 1676; x_wconf 83' lang='lat' dir='ltr'><strong>intellectum</strong></span> <span class='ocrx_word' id='word_1_109' title='bbox 1205 1603 1438 1658; x_wconf 91' lang='lat' dir='ltr'><strong>hominis</strong></span> <span class='ocrx_word' id='word_1_110' title='bbox 1463 1602 1694 1673; x_wconf 80' lang='lat' dir='ltr'><strong>corrigo,</strong></span> 
     </span>
    </p>
   </div>
   <div class='ocr_carea' id='block_1_16' title="bbox 93 1692 1699 1782">
    <p class='ocr_par' dir='ltr' id='par_1_16' title="bbox 93 1692 1699 1782">
     <span class='ocr_line' id='line_1_16' title="bbox 93 1692 1699 1782; baseline -0.009 -20"><span class='ocrx_word' id='word_1_111' title='bbox 93 1722 195 1762; x_wconf 88' lang='lat' dir='ltr'><strong>non</strong></span> <span class='ocrx_word' id='word_1_112' title='bbox 226 1706 329 1782; x_wconf 80' lang='lat' dir='ltr'><strong>Dei</strong></span> <span class='ocrx_word' id='word_1_113' title='bbox 360 1705 502 1759; x_wconf 91' lang='lat' dir='ltr'><strong>violo</strong></span> <span class='ocrx_word' id='word_1_114' title='bbox 545 1703 974 1758; x_wconf 88' lang='lat' dir='ltr'><strong>Sacramentum.</strong></span> <span class='ocrx_word' id='word_1_115' title='bbox 1020 1695 1240 1768; x_wconf 88' lang='lat' dir='ltr'><strong>Loquor</strong></span> <span class='ocrx_word' id='word_1_116' title='bbox 1286 1694 1354 1750; x_wconf 91' lang='lat' dir='ltr'><strong>de</strong></span> <span class='ocrx_word' id='word_1_117' title='bbox 1397 1692 1600 1749; x_wconf 70' lang='lat' dir='ltr'><strong>Judmis</strong></span> <span class='ocrx_word' id='word_1_118' title='bbox 1642 1701 1699 1749; x_wconf 91' lang='lat' dir='ltr'><strong>et</strong></span> 
     </span>
    </p>
   </div>
   <div class='ocr_carea' id='block_1_17' title="bbox 93 1787 1693 1870">
    <p class='ocr_par' dir='ltr' id='par_1_17' title="bbox 93 1787 1693 1870">
     <span class='ocr_line' id='line_1_17' title="bbox 93 1787 1693 1870; baseline -0.008 -17"><span class='ocrx_word' id='word_1_119' title='bbox 93 1797 452 1854; x_wconf 89' lang='lat' dir='ltr'><strong>schismaticis</strong></span> <span class='ocrx_word' id='word_1_120' title='bbox 489 1794 576 1851; x_wconf 89' lang='lat' dir='ltr'><strong>vel</strong></span> <span class='ocrx_word' id='word_1_121' title='bbox 612 1791 879 1870; x_wconf 71' lang='lat' dir='ltr'><strong>haereticis</strong></span> <span class='ocrx_word' id='word_1_122' title='bbox 916 1789 1016 1866; x_wconf 78' lang='lat' dir='ltr'><strong>sub</strong></span> <span class='ocrx_word' id='word_1_123' title='bbox 1045 1787 1242 1864; x_wconf 77' lang='lat' dir='ltr'><strong>Christi</strong></span> <span class='ocrx_word' id='word_1_124' title='bbox 1273 1795 1562 1859; x_wconf 85' lang='lat' dir='ltr'><strong>utcumque</strong></span> <span class='ocrx_word' id='word_1_125' title='bbox 1593 1800 1693 1841; x_wconf 91' lang='lat' dir='ltr'><strong>no-</strong></span> 
     </span>
    </p>
   </div>
   <div class='ocr_carea' id='block_1_18' title="bbox 93 1889 593 1952">
    <p class='ocr_par' dir='ltr' id='par_1_18' title="bbox 93 1889 593 1952">
     <span class='ocr_line' id='line_1_18' title="bbox 93 1889 593 1952; baseline -0.006 -9"><span class='ocrx_word' id='word_1_126' title='bbox 93 1891 234 1946; x_wconf 88' lang='lat' dir='ltr'><strong>mine</strong></span> <span class='ocrx_word' id='word_1_127' title='bbox 257 1889 593 1952; x_wconf 86' lang='lat' dir='ltr'><strong>errantibus.</strong></span> 
     </span>
    </p>
   </div>
   <div class='ocr_carea' id='block_1_19' title="bbox 159 1971 1691 2056">
    <p class='ocr_par' dir='ltr' id='par_1_19' title="bbox 159 1971 1691 2056">
     <span class='ocr_line' id='line_1_19' title="bbox 159 1971 1691 2056; baseline -0.006 -19"><span class='ocrx_word' id='word_1_128' title='bbox 159 1980 394 2040; x_wconf 78' lang='lat' dir='ltr'><strong>CAPUT</strong></span> <span class='ocrx_word' id='word_1_129' title='bbox 447 1979 535 2056; x_wconf 72' lang='grc' dir='ltr'><strong>Ν.</strong></span> <span class='ocrx_word' id='word_1_130' title='bbox 560 2009 632 2021; x_wconf 87' lang='grc'><strong><em>--</em></strong></span> <span class='ocrx_word' id='word_1_131' title='bbox 652 1979 704 2035; x_wconf 84' lang='grc'><strong>5.</strong></span> <span class='ocrx_word' id='word_1_132' title='bbox 738 1978 813 2052; x_wconf 75' lang='lat' dir='ltr'><strong>De</strong></span> <span class='ocrx_word' id='word_1_133' title='bbox 838 1975 967 2047; x_wconf 82' lang='lat' dir='ltr'><strong>ipsis</strong></span> <span class='ocrx_word' id='word_1_134' title='bbox 992 1972 1292 2050; x_wconf 70' lang='lat' dir='ltr'><strong>Gentilibus</strong></span> <span class='ocrx_word' id='word_1_135' title='bbox 1319 1971 1691 2042; x_wconf 68' lang='lat' dir='ltr'><strong>idolorutnque</strong></span> 
     </span>
    </p>
   </div>
   <div class='ocr_carea' id='block_1_20' title="bbox 97 2064 1694 2150">
    <p class='ocr_par' dir='ltr' id='par_1_20' title="bbox 97 2064 1694 2150">
     <span class='ocr_line' id='line_1_20' title="bbox 97 2064 1694 2150; baseline -0.006 -21"><span class='ocrx_word' id='word_1_136' title='bbox 97 2074 394 2148; x_wconf 77' lang='lat' dir='ltr'><strong>cultoribus</strong></span> <span class='ocrx_word' id='word_1_137' title='bbox 438 2073 604 2148; x_wconf 86' lang='lat' dir='ltr'><strong>multa</strong></span> <span class='ocrx_word' id='word_1_138' title='bbox 647 2071 830 2145; x_wconf 77' lang='lat' dir='ltr'><strong>utique</strong></span> <span class='ocrx_word' id='word_1_139' title='bbox 855 2085 884 2144; x_wconf 74' lang='lat' dir='ltr'><strong>a</strong></span> <span class='ocrx_word' id='word_1_140' title='bbox 925 2067 1081 2150; x_wconf 71' lang='lat' dir='ltr'><strong>nobis</strong></span> <span class='ocrx_word' id='word_1_141' title='bbox 1111 2065 1420 2138; x_wconf 79' lang='lat' dir='ltr'><strong>diversitate</strong></span> <span class='ocrx_word' id='word_1_142' title='bbox 1447 2064 1694 2138; x_wconf 88' lang='lat' dir='ltr'><strong>distanti-</strong></span> 
     </span>
    </p>
   </div>
   <div class='ocr_carea' id='block_1_21' title="bbox 102 2157 1696 2246">
    <p class='ocr_par' dir='ltr' id='par_1_21' title="bbox 102 2157 1696 2246">
     <span class='ocr_line' id='line_1_21' title="bbox 102 2157 1696 2246; baseline -0.007 -24"><span class='ocrx_word' id='word_1_143' title='bbox 102 2168 215 2233; x_wconf 90' lang='lat' dir='ltr'><strong>bus,</strong></span> <span class='ocrx_word' id='word_1_144' title='bbox 256 2165 397 2246; x_wconf 68' lang='lat' dir='ltr'><strong>pihil</strong></span> <span class='ocrx_word' id='word_1_145' title='bbox 421 2164 567 2238; x_wconf 83' lang='lat' dir='ltr'><strong>aliud</strong></span> <span class='ocrx_word' id='word_1_146' title='bbox 598 2163 752 2220; x_wconf 89' lang='lat' dir='ltr'><strong>nobis</strong></span> <span class='ocrx_word' id='word_1_147' title='bbox 779 2162 1114 2240; x_wconf 69' lang='lat' dir='ltr'><strong>demonstrat</strong></span> <span class='ocrx_word' id='word_1_148' title='bbox 1143 2157 1462 2234; x_wconf 68' lang='lat' dir='ltr'><strong>Apostolus,</strong></span> <span class='ocrx_word' id='word_1_149' title='bbox 1503 2157 1605 2212; x_wconf 91' lang='lat' dir='ltr'><strong>nisi</strong></span> <span class='ocrx_word' id='word_1_150' title='bbox 1637 2165 1696 2212; x_wconf 91' lang='lat' dir='ltr'><strong>ut</strong></span> 
     </span>
    </p>
   </div>
   <div class='ocr_carea' id='block_1_22' title="bbox 101 2248 1691 2336">
    <p class='ocr_par' dir='ltr' id='par_1_22' title="bbox 101 2248 1691 2336">
     <span class='ocr_line' id='line_1_22' title="bbox 101 2248 1691 2336; baseline -0.006 -23"><span class='ocrx_word' id='word_1_151' title='bbox 101 2259 148 2313; x_wconf 93' lang='lat' dir='ltr'><strong>in</strong></span> <span class='ocrx_word' id='word_1_152' title='bbox 179 2259 314 2332; x_wconf 78' lang='lat' dir='ltr'><strong>ipsis</strong></span> <span class='ocrx_word' id='word_1_153' title='bbox 344 2271 558 2336; x_wconf 85' lang='lat' dir='ltr'><strong>quoque</strong></span> <span class='ocrx_word' id='word_1_154' title='bbox 585 2257 655 2311; x_wconf 90' lang='lat' dir='ltr'><strong>ita</strong></span> <span class='ocrx_word' id='word_1_155' title='bbox 684 2253 939 2332; x_wconf 79' lang='lat' dir='ltr'><strong>quidquid</strong></span> <span class='ocrx_word' id='word_1_156' title='bbox 967 2266 1184 2330; x_wconf 79' lang='lat' dir='ltr'><strong>pravum</strong></span> <span class='ocrx_word' id='word_1_157' title='bbox 1216 2258 1300 2306; x_wconf 91' lang='lat' dir='ltr'><strong>est</strong></span> <span class='ocrx_word' id='word_1_158' title='bbox 1328 2248 1691 2322; x_wconf 73' lang='lat' dir='ltr'><strong>corrigamus,</strong></span> 
     </span>
    </p>
   </div>
   <div class='ocr_carea' id='block_1_23' title="bbox 105 2342 1695 2422">
    <p class='ocr_par' dir='ltr' id='par_1_23' title="bbox 105 2342 1695 2422">
     <span class='ocr_line' id='line_1_23' title="bbox 105 2342 1695 2422; baseline -0.006 -15"><span class='ocrx_word' id='word_1_159' title='bbox 105 2361 157 2407; x_wconf 92' lang='lat' dir='ltr'><strong>ut</strong></span> <span class='ocrx_word' id='word_1_160' title='bbox 183 2351 328 2422; x_wconf 88' lang='lat' dir='ltr'><strong>quod</strong></span> <span class='ocrx_word' id='word_1_161' title='bbox 368 2349 509 2407; x_wconf 87' lang='lat' dir='ltr'><strong>forte</strong></span> <span class='ocrx_word' id='word_1_162' title='bbox 552 2358 760 2422; x_wconf 86' lang='lat' dir='ltr'><strong>rectum</strong></span> <span class='ocrx_word' id='word_1_163' title='bbox 800 2354 883 2404; x_wconf 89' lang='lat' dir='ltr'><strong>est</strong></span> <span class='ocrx_word' id='word_1_164' title='bbox 908 2345 1286 2420; x_wconf 70' lang='lat' dir='ltr'><strong>approbemus.</strong></span> <span class='ocrx_word' id='word_1_165' title='bbox 1330 2343 1465 2399; x_wconf 86' lang='lat' dir='ltr'><strong>Nam</strong></span> <span class='ocrx_word' id='word_1_166' title='bbox 1511 2342 1695 2415; x_wconf 89' lang='lat' dir='ltr'><strong>utique</strong></span> 
     </span>
    </p>
   </div>
   <div class='ocr_carea' id='block_1_24' title="bbox 103 2437 1690 2519">
    <p class='ocr_par' dir='ltr' id='par_1_24' title="bbox 103 2437 1690 2519">
     <span class='ocr_line' id='line_1_24' title="bbox 103 2437 1690 2519; baseline -0.005 -19"><span class='ocrx_word' id='word_1_167' title='bbox 103 2445 428 2510; x_wconf 81' lang='lat' dir='ltr'><strong>idololatras,</strong></span> <span class='ocrx_word' id='word_1_168' title='bbox 460 2443 678 2519; x_wconf 79' lang='lat' dir='ltr'><strong>etquod</strong></span> <span class='ocrx_word' id='word_1_169' title='bbox 704 2451 788 2498; x_wconf 88' lang='lat' dir='ltr'><strong>est</strong></span> <span class='ocrx_word' id='word_1_170' title='bbox 810 2441 1044 2513; x_wconf 85' lang='lat' dir='ltr'><strong>gravius,</strong></span> <span class='ocrx_word' id='word_1_171' title='bbox 1073 2454 1180 2495; x_wconf 90' lang='lat' dir='ltr'><strong>non</strong></span> <span class='ocrx_word' id='word_1_172' title='bbox 1209 2447 1412 2494; x_wconf 89' lang='lat' dir='ltr'><strong>tantum</strong></span> <span class='ocrx_word' id='word_1_173' title='bbox 1437 2437 1690 2504; x_wconf 89' lang='lat' dir='ltr'><strong>cultores,</strong></span> 
     </span>
    </p>
   </div>
   <div class='ocr_carea' id='block_1_25' title="bbox 103 2534 1694 2618">
    <p class='ocr_par' dir='ltr' id='par_1_25' title="bbox 103 2534 1694 2618">
     <span class='ocr_line' id='line_1_25' title="bbox 103 2534 1694 2618; baseline -0.004 -22"><span class='ocrx_word' id='word_1_174' title='bbox 103 2540 188 2596; x_wconf 88' lang='lat' dir='ltr'><strong>sed</strong></span> <span class='ocrx_word' id='word_1_175' title='bbox 213 2540 376 2618; x_wconf 84' lang='lat' dir='ltr'><strong>etiam</strong></span> <span class='ocrx_word' id='word_1_176' title='bbox 407 2539 741 2614; x_wconf 74' lang='lat' dir='ltr'><strong>institutores</strong></span> <span class='ocrx_word' id='word_1_177' title='bbox 767 2536 1174 2607; x_wconf 73' lang='lat' dir='ltr'><strong>simulacrorum</strong></span> <span class='ocrx_word' id='word_1_178' title='bbox 1199 2535 1572 2606; x_wconf 86' lang='lat' dir='ltr'><strong>redarguebat,</strong></span> <span class='ocrx_word' id='word_1_179' title='bbox 1604 2534 1694 2590; x_wconf 90' lang='lat' dir='ltr'><strong>ubi</strong></span> 
     </span>
    </p>
   </div>
   <div class='ocr_carea' id='block_1_26' title="bbox 101 2627 1692 2712">
    <p class='ocr_par' dir='ltr' id='par_1_26' title="bbox 101 2627 1692 2712">
     <span class='ocr_line' id='line_1_26' title="bbox 101 2627 1692 2712; baseline -0.001 -28"><span class='ocrx_word' id='word_1_180' title='bbox 101 2631 204 2702; x_wconf 83' lang='lat' dir='ltr'><strong>ait:</strong></span> <span class='ocrx_word' id='word_1_181' title='bbox 240 2632 348 2712; x_wconf 76' lang='lat' dir='ltr'><strong>Qui</strong></span> <span class='ocrx_word' id='word_1_182' title='bbox 374 2639 728 2704; x_wconf 72' lang='lat' dir='ltr'><strong>cognoscentes</strong></span> <span class='ocrx_word' id='word_1_183' title='bbox 761 2629 959 2700; x_wconf 75' lang='lat' dir='ltr'><strong>Deum,</strong></span> <span class='ocrx_word' id='word_1_184' title='bbox 986 2645 1090 2698; x_wconf 80' lang='lat' dir='ltr'><strong>non</strong></span> <span class='ocrx_word' id='word_1_185' title='bbox 1125 2629 1256 2696; x_wconf 87' lang='lat' dir='ltr'><strong>sicut</strong></span> <span class='ocrx_word' id='word_1_186' title='bbox 1291 2627 1457 2690; x_wconf 85' lang='lat' dir='ltr'><strong>Deum</strong></span> <span class='ocrx_word' id='word_1_187' title='bbox 1495 2627 1692 2699; x_wconf 81' lang='lat' dir='ltr'><strong>gloriﬁ-</strong></span> 
     </span>
    </p>
   </div>
   <div class='ocr_carea' id='block_1_27' title="bbox 103 2721 1697 2800">
    <p class='ocr_par' dir='ltr' id='par_1_27' title="bbox 103 2721 1697 2800">
     <span class='ocr_line' id='line_1_27' title="bbox 103 2721 1697 2800; baseline -0.001 -24"><span class='ocrx_word' id='word_1_188' title='bbox 103 2732 352 2796; x_wconf 72' lang='lat' dir='ltr'><strong>caverunt,</strong></span> <span class='ocrx_word' id='word_1_189' title='bbox 381 2734 470 2800; x_wconf 66' lang='lat' dir='ltr'><strong>qui</strong></span> <span class='ocrx_word' id='word_1_190' title='bbox 492 2725 683 2796; x_wconf 80' lang='lat' dir='ltr'><strong>gratias</strong></span> <span class='ocrx_word' id='word_1_191' title='bbox 710 2731 954 2793; x_wconf 84' lang='lat' dir='ltr'><strong>egerunt;</strong></span> <span class='ocrx_word' id='word_1_192' title='bbox 981 2721 1070 2777; x_wconf 87' lang='lat' dir='ltr'><strong>sed</strong></span> <span class='ocrx_word' id='word_1_193' title='bbox 1095 2730 1401 2777; x_wconf 79' lang='lat' dir='ltr'><strong>evanuerunt</strong></span> <span class='ocrx_word' id='word_1_194' title='bbox 1425 2721 1480 2776; x_wconf 89' lang='lat' dir='ltr'><strong>in</strong></span> <span class='ocrx_word' id='word_1_195' title='bbox 1506 2721 1697 2791; x_wconf 87' lang='lat' dir='ltr'><strong>cogita-</strong></span> 
     </span>
    </p>
   </div>
   <div class='ocr_carea' id='block_1_28' title="bbox 104 2813 1691 2888">
    <p class='ocr_par' dir='ltr' id='par_1_28' title="bbox 104 2813 1691 2888">
     <span class='ocr_line' id='line_1_28' title="bbox 104 2813 1691 2888; baseline 0 -20"><span class='ocrx_word' id='word_1_196' title='bbox 104 2815 307 2870; x_wconf 80' lang='lat' dir='ltr'><strong>tionibus</strong></span> <span class='ocrx_word' id='word_1_197' title='bbox 343 2817 484 2888; x_wconf 73' lang='lat' dir='ltr'><strong>suis,</strong></span> <span class='ocrx_word' id='word_1_198' title='bbox 527 2825 572 2888; x_wconf 57' lang='lat' dir='ltr'><strong>ei</strong></span> <span class='ocrx_word' id='word_1_199' title='bbox 614 2814 934 2886; x_wconf 70' lang='lat' dir='ltr'><strong>obscuratum</strong></span> <span class='ocrx_word' id='word_1_200' title='bbox 981 2823 1054 2868; x_wconf 86' lang='lat' dir='ltr'><strong>est</strong></span> <span class='ocrx_word' id='word_1_201' title='bbox 1098 2813 1341 2883; x_wconf 77' lang='lat' dir='ltr'><strong>insipiens</strong></span> <span class='ocrx_word' id='word_1_202' title='bbox 1383 2829 1470 2868; x_wconf 89' lang='lat' dir='ltr'><strong>cor</strong></span> <span class='ocrx_word' id='word_1_203' title='bbox 1496 2828 1691 2868; x_wconf 87' lang='lat' dir='ltr'><strong>eorum.</strong></span> 
     </span>
    </p>
   </div>
   <div class='ocr_carea' id='block_1_29' title="bbox 105 2886 1695 2980">
    <p class='ocr_par' dir='ltr' id='par_1_29' title="bbox 105 2886 1695 2980">
     <span class='ocr_line' id='line_1_29' title="bbox 105 2886 1695 2980; baseline -0.001 -21"><span class='ocrx_word' id='word_1_204' title='bbox 105 2905 328 2965; x_wconf 79' lang='lat' dir='ltr'><strong>Dicentes</strong></span> <span class='ocrx_word' id='word_1_205' title='bbox 365 2886 554 2980; x_wconf 53' lang='grc' dir='ltr'><strong>ἔρξεερ</strong></span> <span class='ocrx_word' id='word_1_206' title='bbox 578 2908 830 2980; x_wconf 68' lang='lat' dir='ltr'><strong>sapienies</strong></span> <span class='ocrx_word' id='word_1_207' title='bbox 857 2905 900 2974; x_wconf 82' lang='grc'><strong>³,</strong></span> <span class='ocrx_word' id='word_1_208' title='bbox 932 2905 1076 2961; x_wconf 88' lang='lat' dir='ltr'><strong>stulti</strong></span> <span class='ocrx_word' id='word_1_209' title='bbox 1111 2905 1232 2976; x_wconf 80' lang='lat' dir='ltr'><strong>facti</strong></span> <span class='ocrx_word' id='word_1_210' title='bbox 1256 2912 1411 2968; x_wconf 81' lang='lat' dir='ltr'><strong>sunt:</strong></span> <span class='ocrx_word' id='word_1_211' title='bbox 1436 2913 1482 2958; x_wconf 90' lang='lat' dir='ltr'><strong>et</strong></span> <span class='ocrx_word' id='word_1_212' title='bbox 1509 2905 1695 2958; x_wconf 84' lang='lat' dir='ltr'><strong>immu-</strong></span> 
     </span>
    </p>
   </div>
   <div class='ocr_carea' id='block_1_30' title="bbox 107 2995 1696 3072">
    <p class='ocr_par' dir='ltr' id='par_1_30' title="bbox 107 2995 1696 3072">
     <span class='ocr_line' id='line_1_30' title="bbox 107 2995 1696 3072; baseline -0.004 -17"><span class='ocrx_word' id='word_1_213' title='bbox 107 3008 329 3072; x_wconf 69' lang='lat' dir='ltr'><strong>taverunt</strong></span> <span class='ocrx_word' id='word_1_214' title='bbox 374 3000 592 3072; x_wconf 76' lang='lat' dir='ltr'><strong>gloriam</strong></span> <span class='ocrx_word' id='word_1_215' title='bbox 635 2997 1033 3069; x_wconf 83' lang='lat' dir='ltr'><strong>incorruptibilis</strong></span> <span class='ocrx_word' id='word_1_216' title='bbox 1076 2996 1174 3062; x_wconf 86' lang='lat' dir='ltr'><strong>Dei</strong></span> <span class='ocrx_word' id='word_1_217' title='bbox 1215 2997 1268 3051; x_wconf 89' lang='lat' dir='ltr'><strong>in</strong></span> <span class='ocrx_word' id='word_1_218' title='bbox 1315 2995 1696 3052; x_wconf 84' lang='lat' dir='ltr'><strong>similitudinem</strong></span> 
     </span>
    </p>
   </div>
   <div class='ocr_carea' id='block_1_31' title="bbox 105 3087 1695 3166">
    <p class='ocr_par' dir='ltr' id='par_1_31' title="bbox 105 3087 1695 3166">
     <span class='ocr_line' id='line_1_31' title="bbox 105 3087 1695 3166; baseline -0.003 -21"><span class='ocrx_word' id='word_1_219' title='bbox 105 3091 338 3166; x_wconf 72' lang='lat' dir='ltr'><strong>imaginis</strong></span> <span class='ocrx_word' id='word_1_220' title='bbox 367 3091 710 3166; x_wconf 67' lang='lat' dir='ltr'><strong>corrupiibilis</strong></span> <span class='ocrx_word' id='word_1_221' title='bbox 737 3091 984 3161; x_wconf 66' lang='lat' dir='ltr'><strong>hominis,</strong></span> <span class='ocrx_word' id='word_1_222' title='bbox 1013 3098 1062 3145; x_wconf 89' lang='lat' dir='ltr'><strong>et</strong></span> <span class='ocrx_word' id='word_1_223' title='bbox 1081 3089 1361 3154; x_wconf 85' lang='lat' dir='ltr'><strong>volucrum,</strong></span> <span class='ocrx_word' id='word_1_224' title='bbox 1394 3098 1438 3152; x_wconf 81' lang='lat' dir='ltr'><strong>et</strong></span> <span class='ocrx_word' id='word_1_225' title='bbox 1463 3087 1695 3159; x_wconf 85' lang='lat' dir='ltr'><strong>quadru-</strong></span> 
     </span>
    </p>
   </div>
   <div class='ocr_carea' id='block_1_32' title="bbox 107 3179 1696 3256">
    <p class='ocr_par' dir='ltr' id='par_1_32' title="bbox 107 3179 1696 3256">
     <span class='ocr_line' id='line_1_32' title="bbox 107 3179 1696 3256; baseline -0.001 -19"><span class='ocrx_word' id='word_1_226' title='bbox 107 3182 312 3254; x_wconf 76' lang='lat' dir='ltr'><strong>pedum,</strong></span> <span class='ocrx_word' id='word_1_227' title='bbox 364 3191 410 3238; x_wconf 87' lang='lat' dir='ltr'><strong>et</strong></span> <span class='ocrx_word' id='word_1_228' title='bbox 453 3184 782 3256; x_wconf 71' lang='lat' dir='ltr'><strong>serpentium.</strong></span> <span class='ocrx_word' id='word_1_229' title='bbox 831 3182 980 3238; x_wconf 88' lang='lat' dir='ltr'><strong>Talia</strong></span> <span class='ocrx_word' id='word_1_230' title='bbox 1018 3181 1215 3252; x_wconf 79' lang='lat' dir='ltr'><strong>quippe</strong></span> <span class='ocrx_word' id='word_1_231' title='bbox 1259 3181 1503 3235; x_wconf 88' lang='lat' dir='ltr'><strong>novimus</strong></span> <span class='ocrx_word' id='word_1_232' title='bbox 1530 3179 1696 3235; x_wconf 79' lang='lat' dir='ltr'><strong>fuisse</strong></span> 
     </span>
    </p>
   </div>
   <div class='ocr_carea' id='block_1_33' title="bbox 109 3271 1697 3354">
    <p class='ocr_par' dir='ltr' id='par_1_33' title="bbox 109 3271 1697 3354">
     <span class='ocr_line' id='line_1_33' title="bbox 109 3271 1697 3354; baseline -0.004 -22"><span class='ocrx_word' id='word_1_233' title='bbox 109 3280 383 3344; x_wconf 84' lang='lat' dir='ltr'><strong>simulacra</strong></span> <span class='ocrx_word' id='word_1_234' title='bbox 413 3277 825 3354; x_wconf 65' lang='lat' dir='ltr'><strong>Egypiiorum,</strong></span> <span class='ocrx_word' id='word_1_235' title='bbox 864 3275 954 3332; x_wconf 91' lang='lat' dir='ltr'><strong>ubi</strong></span> <span class='ocrx_word' id='word_1_236' title='bbox 994 3283 1048 3330; x_wconf 93' lang='lat' dir='ltr'><strong>et</strong></span> <span class='ocrx_word' id='word_1_237' title='bbox 1087 3273 1324 3329; x_wconf 89' lang='lat' dir='ltr'><strong>instituta</strong></span> <span class='ocrx_word' id='word_1_238' title='bbox 1365 3288 1485 3329; x_wconf 92' lang='lat' dir='ltr'><strong>esse</strong></span> <span class='ocrx_word' id='word_1_239' title='bbox 1513 3271 1697 3334; x_wconf 82' lang='lat' dir='ltr'><strong>multi-</strong></span> 
     </span>
    </p>
   </div>
   <div class='ocr_carea' id='block_1_34' title="bbox 112 3355 1692 3450">
    <p class='ocr_par' dir='ltr' id='par_1_34' title="bbox 112 3355 1692 3450">
     <span class='ocr_line' id='line_1_34' title="bbox 112 3355 1692 3450; baseline -0.004 -24"><span class='ocrx_word' id='word_1_240' title='bbox 112 3373 284 3443; x_wconf 86' lang='lat' dir='ltr'><strong>plicior</strong></span> <span class='ocrx_word' id='word_1_241' title='bbox 312 3355 1019 3450; x_wconf 81' lang='lat' dir='ltr'><strong>multoqueignominiosior</strong></span> <span class='ocrx_word' id='word_1_242' title='bbox 1042 3368 1337 3434; x_wconf 78' lang='lat' dir='ltr'><strong>idololatria</strong></span> <span class='ocrx_word' id='word_1_243' title='bbox 1365 3366 1692 3436; x_wconf 75' lang='lat' dir='ltr'><strong>perhibetur.</strong></span> 
     </span>
    </p>
   </div>
   <div class='ocr_carea' id='block_1_35' title="bbox 111 3451 1696 3540">
    <p class='ocr_par' dir='ltr' id='par_1_35' title="bbox 111 3451 1696 3540">
     <span class='ocr_line' id='line_1_35' title="bbox 111 3451 1696 3540; baseline -0.003 -20"><span class='ocrx_word' id='word_1_244' title='bbox 111 3465 364 3540; x_wconf 75' lang='lat' dir='ltr'><strong>Numquid</strong></span> <span class='ocrx_word' id='word_1_245' title='bbox 397 3451 595 3530; x_wconf 83' lang='lat' dir='ltr'><strong>tamen</strong></span> <span class='ocrx_word' id='word_1_246' title='bbox 645 3451 1006 3536; x_wconf 79' lang='lat' dir='ltr'><strong>cognitionem</strong></span> <span class='ocrx_word' id='word_1_247' title='bbox 1062 3462 1155 3526; x_wconf 89' lang='lat' dir='ltr'><strong>Dei</strong></span> <span class='ocrx_word' id='word_1_248' title='bbox 1212 3461 1424 3532; x_wconf 82' lang='lat' dir='ltr'><strong>negavit</strong></span> <span class='ocrx_word' id='word_1_249' title='bbox 1479 3461 1531 3515; x_wconf 90' lang='lat' dir='ltr'><strong>in</strong></span> <span class='ocrx_word' id='word_1_250' title='bbox 1585 3461 1696 3516; x_wconf 88' lang='lat' dir='ltr'><strong>illis</strong></span> 
     </span>
    </p>
   </div>
   <div class='ocr_carea' id='block_1_36' title="bbox 115 3553 1698 3636">
    <p class='ocr_par' dir='ltr' id='par_1_36' title="bbox 115 3553 1698 3636">
     <span class='ocr_line' id='line_1_36' title="bbox 115 3553 1698 3636; baseline -0.008 -16"><span class='ocrx_word' id='word_1_251' title='bbox 115 3561 282 3630; x_wconf 85' lang='lat' dir='ltr'><strong>luisse,</strong></span> <span class='ocrx_word' id='word_1_252' title='bbox 313 3577 378 3620; x_wconf 88' lang='lat' dir='ltr'><strong>ac</strong></span> <span class='ocrx_word' id='word_1_253' title='bbox 399 3576 509 3632; x_wconf 75' lang='lat' dir='ltr'><strong>non</strong></span> <span class='ocrx_word' id='word_1_254' title='bbox 532 3560 710 3636; x_wconf 86' lang='lat' dir='ltr'><strong>potius</strong></span> <span class='ocrx_word' id='word_1_255' title='bbox 730 3556 1086 3624; x_wconf 81' lang='lat' dir='ltr'><strong>conﬁrmavit,</strong></span> <span class='ocrx_word' id='word_1_256' title='bbox 1110 3555 1312 3620; x_wconf 89' lang='lat' dir='ltr'><strong>dicens,</strong></span> <span class='ocrx_word' id='word_1_257' title='bbox 1337 3553 1698 3625; x_wconf 86' lang='lat' dir='ltr'><strong>Cognoscentes</strong></span> 
     </span>
    </p>
   </div>
   <div class='ocr_carea' id='block_1_37' title="bbox 114 3647 1699 3724">
    <p class='ocr_par' dir='ltr' id='par_1_37' title="bbox 114 3647 1699 3724">
     <span class='ocr_line' id='line_1_37' title="bbox 114 3647 1699 3724; baseline -0.006 -13"><span class='ocrx_word' id='word_1_258' title='bbox 114 3652 284 3723; x_wconf 81' lang='lat' dir='ltr'><strong>Deum,</strong></span> <span class='ocrx_word' id='word_1_259' title='bbox 312 3673 418 3714; x_wconf 87' lang='lat' dir='ltr'><strong>non</strong></span> <span class='ocrx_word' id='word_1_260' title='bbox 441 3661 499 3712; x_wconf 78' lang='lat' dir='ltr'><strong>ut</strong></span> <span class='ocrx_word' id='word_1_261' title='bbox 521 3653 687 3714; x_wconf 86' lang='lat' dir='ltr'><strong>Deum</strong></span> <span class='ocrx_word' id='word_1_262' title='bbox 715 3649 1162 3724; x_wconf 76' lang='lat' dir='ltr'><strong>glorificaverunt?</strong></span> <span class='ocrx_word' id='word_1_263' title='bbox 1189 3648 1244 3704; x_wconf 91' lang='lat' dir='ltr'><strong>Si</strong></span> <span class='ocrx_word' id='word_1_264' title='bbox 1270 3662 1396 3717; x_wconf 86' lang='lat' dir='ltr'><strong>ergo</strong></span> <span class='ocrx_word' id='word_1_265' title='bbox 1420 3647 1576 3702; x_wconf 89' lang='lat' dir='ltr'><strong>istam</strong></span> <span class='ocrx_word' id='word_1_266' title='bbox 1607 3661 1699 3702; x_wconf 83' lang='lat' dir='ltr'><strong>co-</strong></span> 
     </span>
    </p>
   </div>
   <div class='ocr_carea' id='block_1_38' title="bbox 112 3740 1695 3822">
    <p class='ocr_par' dir='ltr' id='par_1_38' title="bbox 112 3740 1695 3822">
     <span class='ocr_line' id='line_1_38' title="bbox 112 3740 1695 3822; baseline -0.004 -20"><span class='ocrx_word' id='word_1_267' title='bbox 112 3749 386 3815; x_wconf 79' lang='lat' dir='ltr'><strong>gnitionem</strong></span> <span class='ocrx_word' id='word_1_268' title='bbox 410 3757 664 3822; x_wconf 86' lang='lat' dir='ltr'><strong>tanquam</strong></span> <span class='ocrx_word' id='word_1_269' title='bbox 691 3744 1029 3802; x_wconf 85' lang='lat' dir='ltr'><strong>mendacium</strong></span> <span class='ocrx_word' id='word_1_270' title='bbox 1059 3742 1320 3811; x_wconf 87' lang='lat' dir='ltr'><strong>repellere</strong></span> <span class='ocrx_word' id='word_1_271' title='bbox 1339 3747 1395 3797; x_wconf 89' lang='lat' dir='ltr'><strong>et</strong></span> <span class='ocrx_word' id='word_1_272' title='bbox 1415 3740 1695 3813; x_wconf 78' lang='lat' dir='ltr'><strong>destruere</strong></span> 
     </span>
    </p>
   </div>
   <div class='ocr_carea' id='block_1_39' title="bbox 113 3835 1687 3912">
    <p class='ocr_par' dir='ltr' id='par_1_39' title="bbox 113 3835 1687 3912">
     <span class='ocr_line' id='line_1_39' title="bbox 113 3835 1687 3912; baseline -0.004 -17"><span class='ocrx_word' id='word_1_273' title='bbox 113 3852 400 3908; x_wconf 88' lang='lat' dir='ltr'><strong>conaretur,</strong></span> <span class='ocrx_word' id='word_1_274' title='bbox 431 3840 574 3912; x_wconf 92' lang='lat' dir='ltr'><strong>quod</strong></span> <span class='ocrx_word' id='word_1_275' title='bbox 602 3855 723 3902; x_wconf 81' lang='lat' dir='ltr'><strong>eam</strong></span> <span class='ocrx_word' id='word_1_276' title='bbox 751 3838 801 3894; x_wconf 93' lang='lat' dir='ltr'><strong>in</strong></span> <span class='ocrx_word' id='word_1_277' title='bbox 831 3837 1104 3906; x_wconf 81' lang='lat' dir='ltr'><strong>sacrilegis</strong></span> <span class='ocrx_word' id='word_1_278' title='bbox 1125 3835 1453 3898; x_wconf 84' lang='lat' dir='ltr'><strong>invenisset;</strong></span> <span class='ocrx_word' id='word_1_279' title='bbox 1488 3849 1687 3901; x_wconf 88' lang='lat' dir='ltr'><strong>nonne,</strong></span> 
     </span>
    </p>
   </div>
   <div class='ocr_carea' id='block_1_40' title="bbox 114 3924 1697 4002">
    <p class='ocr_par' dir='ltr' id='par_1_40' title="bbox 114 3924 1697 4002">
     <span class='ocr_line' id='line_1_40' title="bbox 114 3924 1697 4002; baseline -0.005 -14"><span class='ocrx_word' id='word_1_280' title='bbox 114 3936 238 4002; x_wconf 88' lang='lat' dir='ltr'><strong>quod</strong></span> <span class='ocrx_word' id='word_1_281' title='bbox 253 3936 414 4000; x_wconf 85' lang='lat' dir='ltr'><strong>absit,</strong></span> <span class='ocrx_word' id='word_1_282' title='bbox 432 3933 673 3991; x_wconf 81' lang='lat' dir='ltr'><strong>veritatis</strong></span> <span class='ocrx_word' id='word_1_283' title='bbox 686 3931 934 3987; x_wconf 89' lang='lat' dir='ltr'><strong>inimicus</strong></span> <span class='ocrx_word' id='word_1_284' title='bbox 944 3927 1222 3992; x_wconf 78' lang='lat' dir='ltr'><strong>existeret?</strong></span> <span class='ocrx_word' id='word_1_285' title='bbox 1240 3927 1470 3997; x_wconf 83' lang='lat' dir='ltr'><strong>ideoque</strong></span> <span class='ocrx_word' id='word_1_286' title='bbox 1485 3925 1535 3982; x_wconf 91' lang='lat' dir='ltr'><strong>id</strong></span> <span class='ocrx_word' id='word_1_287' title='bbox 1555 3924 1697 3996; x_wconf 90' lang='lat' dir='ltr'><strong>quod</strong></span> 
     </span>
    </p>
   </div>
   <div class='ocr_carea' id='block_1_41' title="bbox 115 4007 1695 4088">
    <p class='ocr_par' dir='ltr' id='par_1_41' title="bbox 115 4007 1695 4088">
     <span class='ocr_line' id='line_1_41' title="bbox 115 4007 1695 4088; baseline -0.002 -11"><span class='ocrx_word' id='word_1_288' title='bbox 115 4024 515 4084; x_wconf 89' lang='lat' dir='ltr'><strong>immutavcrunt</strong></span> <span class='ocrx_word' id='word_1_289' title='bbox 542 4025 597 4080; x_wconf 90' lang='lat' dir='ltr'><strong>in</strong></span> <span class='ocrx_word' id='word_1_290' title='bbox 629 4022 964 4082; x_wconf 87' lang='lat' dir='ltr'><strong>mendacium</strong></span> <span class='ocrx_word' id='word_1_291' title='bbox 978 4007 1148 4077; x_wconf 58' lang='lat' dir='ltr'><strong>suum</strong></span> <span class='ocrx_word' id='word_1_292' title='bbox 1175 4039 1188 4076; x_wconf 92' lang='lat'><strong>:</strong></span> <span class='ocrx_word' id='word_1_293' title='bbox 1215 4036 1337 4076; x_wconf 87' lang='lat' dir='ltr'><strong>nam</strong></span> <span class='ocrx_word' id='word_1_294' title='bbox 1358 4028 1411 4078; x_wconf 89' lang='lat' dir='ltr'><strong>et</strong></span> <span class='ocrx_word' id='word_1_295' title='bbox 1434 4019 1520 4078; x_wconf 89' lang='lat' dir='ltr'><strong>hic</strong></span> <span class='ocrx_word' id='word_1_296' title='bbox 1540 4019 1695 4088; x_wconf 80' lang='lat' dir='ltr'><strong>dixit,</strong></span> 
     </span>
    </p>
   </div>
   <div class='ocr_carea' id='block_1_42' title="bbox 115 4111 1683 4188">
    <p class='ocr_par' dir='ltr' id='par_1_42' title="bbox 115 4111 1683 4188">
     <span class='ocr_line' id='line_1_42' title="bbox 115 4111 1683 4188; baseline -0.003 -19"><span class='ocrx_word' id='word_1_297' title='bbox 115 4113 500 4174; x_wconf 86' lang='lat' dir='ltr'><strong>lmmutaverunt</strong></span> <span class='ocrx_word' id='word_1_298' title='bbox 542 4115 760 4188; x_wconf 86' lang='lat' dir='ltr'><strong>gloriam</strong></span> <span class='ocrx_word' id='word_1_299' title='bbox 803 4113 899 4169; x_wconf 83' lang='lat' dir='ltr'><strong>Dei</strong></span> <span class='ocrx_word' id='word_1_300' title='bbox 941 4114 995 4168; x_wconf 89' lang='lat' dir='ltr'><strong>in</strong></span> <span class='ocrx_word' id='word_1_301' title='bbox 1036 4111 1417 4168; x_wconf 82' lang='lat' dir='ltr'><strong>similitudinem</strong></span> <span class='ocrx_word' id='word_1_302' title='bbox 1443 4111 1683 4180; x_wconf 87' lang='lat' dir='ltr'><strong>imaginis</strong></span> 
     </span>
    </p>
   </div>
   <div class='ocr_carea' id='block_1_43' title="bbox 119 4203 1694 4284">
    <p class='ocr_par' dir='ltr' id='par_1_43' title="bbox 119 4203 1694 4284">
     <span class='ocr_line' id='line_1_43' title="bbox 119 4203 1694 4284; baseline -0.001 -24"><span class='ocrx_word' id='word_1_303' title='bbox 119 4211 450 4284; x_wconf 82' lang='lat' dir='ltr'><strong>corruptibilis</strong></span> <span class='ocrx_word' id='word_1_304' title='bbox 480 4208 744 4272; x_wconf 85' lang='lat' dir='ltr'><strong>hominis;</strong></span> <span class='ocrx_word' id='word_1_305' title='bbox 772 4207 930 4262; x_wconf 85' lang='lat' dir='ltr'><strong>talem</strong></span> <span class='ocrx_word' id='word_1_306' title='bbox 973 4204 1176 4260; x_wconf 89' lang='lat' dir='ltr'><strong>scilicet</strong></span> <span class='ocrx_word' id='word_1_307' title='bbox 1219 4203 1477 4275; x_wconf 83' lang='lat' dir='ltr'><strong>ﬁngentes</strong></span> <span class='ocrx_word' id='word_1_308' title='bbox 1505 4203 1694 4271; x_wconf 91' lang='lat' dir='ltr'><strong>Deum,</strong></span> 
     </span>
    </p>
   </div>
   <div class='ocr_carea' id='block_1_44' title="bbox 117 4296 1696 4368">
    <p class='ocr_par' dir='ltr' id='par_1_44' title="bbox 117 4296 1696 4368">
     <span class='ocr_line' id='line_1_44' title="bbox 117 4296 1696 4368; baseline -0.005 -12"><span class='ocrx_word' id='word_1_309' title='bbox 117 4302 272 4368; x_wconf 77' lang='lat' dir='ltr'><strong>qualis</strong></span> <span class='ocrx_word' id='word_1_310' title='bbox 317 4319 422 4359; x_wconf 91' lang='lat' dir='ltr'><strong>non</strong></span> <span class='ocrx_word' id='word_1_311' title='bbox 462 4309 546 4358; x_wconf 88' lang='lat' dir='ltr'><strong>est</strong></span> <span class='ocrx_word' id='word_1_312' title='bbox 589 4300 754 4365; x_wconf 90' lang='lat' dir='ltr'><strong>Deus,</strong></span> <span class='ocrx_word' id='word_1_313' title='bbox 777 4306 830 4358; x_wconf 88' lang='lat' dir='ltr'><strong>et</strong></span> <span class='ocrx_word' id='word_1_314' title='bbox 873 4307 977 4356; x_wconf 89' lang='lat' dir='ltr'><strong>non</strong></span> <span class='ocrx_word' id='word_1_315' title='bbox 1009 4296 1145 4354; x_wconf 90' lang='lat' dir='ltr'><strong>sicut</strong></span> <span class='ocrx_word' id='word_1_316' title='bbox 1181 4309 1304 4350; x_wconf 90' lang='lat' dir='ltr'><strong>eum</strong></span> <span class='ocrx_word' id='word_1_317' title='bbox 1333 4302 1696 4364; x_wconf 84' lang='lat' dir='ltr'><strong>cognoverunt</strong></span> 
     </span>
    </p>
   </div>
   <div class='ocr_carea' id='block_1_45' title="bbox 121 4385 1692 4460">
    <p class='ocr_par' dir='ltr' id='par_1_45' title="bbox 121 4385 1692 4460">
     <span class='ocr_line' id='line_1_45' title="bbox 121 4385 1692 4460; baseline -0.001 -17"><span class='ocrx_word' id='word_1_318' title='bbox 121 4393 372 4452; x_wconf 83' lang='lat' dir='ltr'><strong>tradentes</strong></span> <span class='ocrx_word' id='word_1_319' title='bbox 409 4392 714 4453; x_wconf 88' lang='lat' dir='ltr'><strong>hominibus</strong></span> <span class='ocrx_word' id='word_1_320' title='bbox 743 4407 755 4444; x_wconf 93' lang='lat'>:</span> <span class='ocrx_word' id='word_1_321' title='bbox 797 4397 853 4446; x_wconf 90' lang='lat' dir='ltr'><strong>et</strong></span> <span class='ocrx_word' id='word_1_322' title='bbox 879 4388 1035 4460; x_wconf 91' lang='lat' dir='ltr'><strong>paulo</strong></span> <span class='ocrx_word' id='word_1_323' title='bbox 1077 4395 1200 4458; x_wconf 89' lang='lat' dir='ltr'><strong>post</strong></span> <span class='ocrx_word' id='word_1_324' title='bbox 1227 4386 1294 4449; x_wconf 89' lang='lat' dir='ltr'><strong>de</strong></span> <span class='ocrx_word' id='word_1_325' title='bbox 1323 4386 1515 4444; x_wconf 84' lang='lat' dir='ltr'><strong>talibus</strong></span> <span class='ocrx_word' id='word_1_326' title='bbox 1543 4385 1692 4454; x_wconf 87' lang='lat' dir='ltr'><strong>dicit,</strong></span> 
     </span>
    </p>
   </div>
   <div class='ocr_carea' id='block_1_46' title="bbox 123 4478 1696 4558">
    <p class='ocr_par' dir='ltr' id='par_1_46' title="bbox 123 4478 1696 4558">
     <span class='ocr_line' id='line_1_46' title="bbox 123 4478 1696 4558; baseline -0.004 -21"><span class='ocrx_word' id='word_1_327' title='bbox 123 4483 208 4549; x_wconf 83' lang='lat' dir='ltr'><strong>Qui</strong></span> <span class='ocrx_word' id='word_1_328' title='bbox 231 4488 616 4558; x_wconf 77' lang='lat' dir='ltr'><strong>immutaverunt</strong></span> <span class='ocrx_word' id='word_1_329' title='bbox 660 4483 917 4540; x_wconf 83' lang='lat' dir='ltr'><strong>veritatem</strong></span> <span class='ocrx_word' id='word_1_330' title='bbox 956 4481 1052 4544; x_wconf 82' lang='lat' dir='ltr'><strong>Dei</strong></span> <span class='ocrx_word' id='word_1_331' title='bbox 1079 4480 1130 4543; x_wconf 81' lang='lat' dir='ltr'><strong>in</strong></span> <span class='ocrx_word' id='word_1_332' title='bbox 1159 4478 1496 4546; x_wconf 81' lang='lat' dir='ltr'><strong>mendacium,</strong></span> <span class='ocrx_word' id='word_1_333' title='bbox 1525 4485 1570 4532; x_wconf 89' lang='lat' dir='ltr'><strong>et</strong></span> <span class='ocrx_word' id='word_1_334' title='bbox 1610 4494 1696 4531; x_wconf 87' lang='lat' dir='ltr'><strong>co-</strong></span> 
     </span>
    </p>
   </div>
   <div class='ocr_carea' id='block_1_47' title="bbox 119 4568 1694 4643">
    <p class='ocr_par' dir='ltr' id='par_1_47' title="bbox 119 4568 1694 4643">
     <span class='ocr_line' id='line_1_47' title="bbox 119 4568 1694 4643; baseline -0.002 -19"><span class='ocrx_word' id='word_1_335' title='bbox 119 4571 298 4632; x_wconf 81' lang='lat' dir='ltr'><strong>luerunt</strong></span> <span class='ocrx_word' id='word_1_336' title='bbox 325 4588 370 4636; x_wconf 86' lang='lat' dir='ltr'><strong>et</strong></span> <span class='ocrx_word' id='word_1_337' title='bbox 392 4578 669 4638; x_wconf 82' lang='lat' dir='ltr'><strong>servierunt</strong></span> <span class='ocrx_word' id='word_1_338' title='bbox 699 4584 944 4630; x_wconf 75' lang='lat' dir='ltr'><strong>creaturae</strong></span> <span class='ocrx_word' id='word_1_339' title='bbox 974 4573 1139 4643; x_wconf 80' lang='lat' dir='ltr'><strong>potius</strong></span> <span class='ocrx_word' id='word_1_340' title='bbox 1163 4586 1316 4643; x_wconf 87' lang='lat' dir='ltr'><strong>quam</strong></span> <span class='ocrx_word' id='word_1_341' title='bbox 1341 4568 1587 4637; x_wconf 85' lang='lat' dir='ltr'><strong>Creatori,</strong></span> <span class='ocrx_word' id='word_1_342' title='bbox 1609 4568 1694 4641; x_wconf 88' lang='lat' dir='ltr'><strong>qui</strong></span> 
     </span>
    </p>
   </div>
   <div class='ocr_carea' id='block_1_48' title="bbox 120 4661 1696 4734">
    <p class='ocr_par' dir='ltr' id='par_1_48' title="bbox 120 4661 1696 4734">
     <span class='ocr_line' id='line_1_48' title="bbox 120 4661 1696 4734; baseline 0 -18"><span class='ocrx_word' id='word_1_343' title='bbox 120 4675 179 4717; x_wconf 80' lang='lat' dir='ltr'><strong>est</strong></span> <span class='ocrx_word' id='word_1_344' title='bbox 205 4668 482 4725; x_wconf 84' lang='lat' dir='ltr'><strong>benedictus</strong></span> <span class='ocrx_word' id='word_1_345' title='bbox 501 4669 554 4723; x_wconf 89' lang='lat' dir='ltr'><strong>in</strong></span> <span class='ocrx_word' id='word_1_346' title='bbox 579 4667 766 4724; x_wconf 74' lang='lat' dir='ltr'><strong>saecula</strong></span> <span class='ocrx_word' id='word_1_347' title='bbox 781 4684 800 4732; x_wconf 90' lang='lat'><strong>;</strong></span> <span class='ocrx_word' id='word_1_348' title='bbox 820 4665 1016 4721; x_wconf 87' lang='lat' dir='ltr'><strong>veritas</strong></span> <span class='ocrx_word' id='word_1_349' title='bbox 1037 4664 1233 4734; x_wconf 90' lang='lat' dir='ltr'><strong>quippe</strong></span> <span class='ocrx_word' id='word_1_350' title='bbox 1253 4670 1508 4718; x_wconf 66' lang='lat' dir='ltr'><strong>creatura:</strong></span> <span class='ocrx_word' id='word_1_351' title='bbox 1533 4675 1562 4715; x_wconf 89' lang='lat' dir='ltr'><strong>a</strong></span> <span class='ocrx_word' id='word_1_352' title='bbox 1587 4661 1696 4724; x_wconf 91' lang='lat' dir='ltr'><strong>Deo</strong></span> 
     </span>
    </p>
   </div>
   <div class='ocr_carea' id='block_1_49' title="bbox 123 4754 1691 4830">
    <p class='ocr_par' dir='ltr' id='par_1_49' title="bbox 123 4754 1691 4830">
     <span class='ocr_line' id='line_1_49' title="bbox 123 4754 1691 4830; baseline -0.008 -11"><span class='ocrx_word' id='word_1_353' title='bbox 123 4767 213 4824; x_wconf 74' lang='grc' dir='ltr'><strong>οει,</strong></span> <span class='ocrx_word' id='word_1_354' title='bbox 239 4777 338 4818; x_wconf 88' lang='lat' dir='ltr'><strong>non</strong></span> <span class='ocrx_word' id='word_1_355' title='bbox 370 4763 529 4826; x_wconf 86' lang='lat' dir='ltr'><strong>Deus,</strong></span> <span class='ocrx_word' id='word_1_356' title='bbox 563 4774 720 4830; x_wconf 77' lang='lat' dir='ltr'><strong>quam</strong></span> <span class='ocrx_word' id='word_1_357' title='bbox 744 4757 821 4814; x_wconf 92' lang='lat' dir='ltr'><strong>illi</strong></span> <span class='ocrx_word' id='word_1_358' title='bbox 854 4757 906 4812; x_wconf 92' lang='lat' dir='ltr'><strong>in</strong></span> <span class='ocrx_word' id='word_1_359' title='bbox 937 4754 1270 4821; x_wconf 85' lang='lat' dir='ltr'><strong>mendacium</strong></span> <span class='ocrx_word' id='word_1_360' title='bbox 1295 4760 1691 4820; x_wconf 82' lang='lat' dir='ltr'><strong>converterimt,</strong></span> 
     </span>
    </p>
   </div>
   <div class='ocr_carea' id='block_1_50' title="bbox 125 4846 1692 4920">
    <p class='ocr_par' dir='ltr' id='par_1_50' title="bbox 125 4846 1692 4920">
     <span class='ocr_line' id='line_1_50' title="bbox 125 4846 1692 4920; baseline -0.005 -14"><span class='ocrx_word' id='word_1_361' title='bbox 125 4852 349 4920; x_wconf 69' lang='lat' dir='ltr'><strong>lnnquam</strong></span> <span class='ocrx_word' id='word_1_362' title='bbox 393 4852 524 4910; x_wconf 89' lang='lat' dir='ltr'><strong>deos</strong></span> <span class='ocrx_word' id='word_1_363' title='bbox 565 4851 801 4917; x_wconf 88' lang='lat' dir='ltr'><strong>colentes</strong></span> <span class='ocrx_word' id='word_1_364' title='bbox 839 4847 1007 4904; x_wconf 90' lang='lat' dir='ltr'><strong>solem</strong></span> <span class='ocrx_word' id='word_1_365' title='bbox 1054 4856 1107 4902; x_wconf 90' lang='lat' dir='ltr'><strong>et</strong></span> <span class='ocrx_word' id='word_1_366' title='bbox 1134 4846 1310 4901; x_wconf 91' lang='lat' dir='ltr'><strong>lunam</strong></span> <span class='ocrx_word' id='word_1_367' title='bbox 1343 4853 1396 4900; x_wconf 92' lang='lat' dir='ltr'><strong>et</strong></span> <span class='ocrx_word' id='word_1_368' title='bbox 1420 4859 1692 4915; x_wconf 70' lang='lat' dir='ltr'><strong>qucecum-</strong></span> 
     </span>
    </p>
   </div>
   <div class='ocr_carea' id='block_1_51' title="bbox 125 4937 1697 5014">
    <p class='ocr_par' dir='ltr' id='par_1_51' title="bbox 125 4937 1697 5014">
     <span class='ocr_line' id='line_1_51' title="bbox 125 4937 1697 5014; baseline -0.002 -19"><span class='ocrx_word' id='word_1_369' title='bbox 125 4953 214 5007; x_wconf 90' lang='lat' dir='ltr'><strong>que</strong></span> <span class='ocrx_word' id='word_1_370' title='bbox 238 4945 471 5002; x_wconf 82' lang='lat' dir='ltr'><strong>ccelestia</strong></span> <span class='ocrx_word' id='word_1_371' title='bbox 502 4953 663 5014; x_wconf 89' lang='lat' dir='ltr'><strong>atque</strong></span> <span class='ocrx_word' id='word_1_372' title='bbox 707 4941 977 4999; x_wconf 81' lang='lat' dir='ltr'><strong>terrestria</strong></span> <span class='ocrx_word' id='word_1_373' title='bbox 1013 4957 1026 4994; x_wconf 91' lang='lat'><strong>:</strong></span> <span class='ocrx_word' id='word_1_374' title='bbox 1059 4937 1200 5011; x_wconf 90' lang='lat' dir='ltr'><strong>quod</strong></span> <span class='ocrx_word' id='word_1_375' title='bbox 1227 4953 1355 5008; x_wconf 89' lang='lat' dir='ltr'><strong>ergo</strong></span> <span class='ocrx_word' id='word_1_376' title='bbox 1383 4937 1697 4992; x_wconf 87' lang='lat' dir='ltr'><strong>immutave-</strong></span> 
     </span>
    </p>
   </div>
   <div class='ocr_carea' id='block_1_52' title="bbox 52 5026 1691 5100">
    <p class='ocr_par' dir='ltr' id='par_1_52' title="bbox 52 5026 1691 5100">
     <span class='ocr_line' id='line_1_52' title="bbox 52 5026 1691 5100; baseline 0.001 -21"><span class='ocrx_word' id='word_1_377' title='bbox 129 5042 230 5086; x_wconf 88' lang='lat' dir='ltr'><strong>runt</strong></span> <span class='ocrx_word' id='word_1_378' title='bbox 258 5036 306 5090; x_wconf 90' lang='lat' dir='ltr'><strong>in</strong></span> <span class='ocrx_word' id='word_1_379' title='bbox 339 5034 674 5092; x_wconf 89' lang='lat' dir='ltr'><strong>mendacium</strong></span> <span class='ocrx_word' id='word_1_380' title='bbox 698 5048 876 5098; x_wconf 90' lang='lat' dir='ltr'><strong>suum,</strong></span> <span class='ocrx_word' id='word_1_381' title='bbox 896 5031 1094 5100; x_wconf 88' lang='lat' dir='ltr'><strong>culpat,</strong></span> <span class='ocrx_word' id='word_1_382' title='bbox 1119 5027 1438 5094; x_wconf 88' lang='lat' dir='ltr'><strong>detestatur,</strong></span> <span class='ocrx_word' id='word_1_383' title='bbox 1466 5026 1691 5094; x_wconf 87' lang='lat' dir='ltr'><strong>evertit;</strong></span> 
     </span>
    </p>
   </div>
   <div class='ocr_carea' id='block_1_53' title="bbox 129 5116 1692 5192">
    <p class='ocr_par' dir='ltr' id='par_1_53' title="bbox 129 5116 1692 5192">
     <span class='ocr_line' id='line_1_53' title="bbox 129 5116 1692 5192; baseline -0.01 -4"><span class='ocrx_word' id='word_1_384' title='bbox 129 5125 252 5187; x_wconf 68' lang='lat' dir='ltr'><strong>Quod</strong></span> <span class='ocrx_word' id='word_1_385' title='bbox 277 5138 452 5184; x_wconf 88' lang='lat' dir='ltr'><strong>autem</strong></span> <span class='ocrx_word' id='word_1_386' title='bbox 481 5141 670 5184; x_wconf 89' lang='lat' dir='ltr'><strong>verum</strong></span> <span class='ocrx_word' id='word_1_387' title='bbox 702 5125 755 5182; x_wconf 93' lang='lat' dir='ltr'><strong>in</strong></span> <span class='ocrx_word' id='word_1_388' title='bbox 780 5122 1046 5191; x_wconf 86' lang='lat' dir='ltr'><strong>doctrina,</strong></span> <span class='ocrx_word' id='word_1_389' title='bbox 1073 5119 1314 5192; x_wconf 85' lang='lat' dir='ltr'><strong>quamvis</strong></span> <span class='ocrx_word' id='word_1_390' title='bbox 1339 5117 1521 5174; x_wconf 89' lang='lat' dir='ltr'><strong>multis</strong></span> <span class='ocrx_word' id='word_1_391' title='bbox 1546 5116 1692 5172; x_wconf 79' lang='lat' dir='ltr'><strong>falsi-</strong></span> 
     </span>
    </p>
   </div>
   <div class='ocr_carea' id='block_1_54' title="bbox 129 5209 1691 5294">
    <p class='ocr_par' dir='ltr' id='par_1_54' title="bbox 129 5209 1691 5294">
     <span class='ocr_line' id='line_1_54' title="bbox 129 5209 1691 5294; baseline 0.001 -31"><span class='ocrx_word' id='word_1_392' title='bbox 129 5217 300 5276; x_wconf 86' lang='lat' dir='ltr'><strong>tatibus</strong></span> <span class='ocrx_word' id='word_1_393' title='bbox 339 5221 600 5294; x_wconf 80' lang='lat' dir='ltr'><strong>permixta</strong></span> <span class='ocrx_word' id='word_1_394' title='bbox 631 5216 958 5288; x_wconf 79' lang='lat' dir='ltr'><strong>confusaque</strong></span> <span class='ocrx_word' id='word_1_395' title='bbox 981 5257 998 5284; x_wconf 92' lang='lat'><strong>,</strong></span> <span class='ocrx_word' id='word_1_396' title='bbox 1041 5219 1358 5278; x_wconf 86' lang='lat' dir='ltr'><strong>servarunt,</strong></span> <span class='ocrx_word' id='word_1_397' title='bbox 1400 5209 1691 5282; x_wconf 89' lang='lat' dir='ltr'><strong>approbat,</strong></span> 
     </span>
    </p>
   </div>
   <div class='ocr_carea' id='block_1_55' title="bbox 134 5304 1692 5383">
    <p class='ocr_par' dir='ltr' id='par_1_55' title="bbox 134 5304 1692 5383">
     <span class='ocr_line' id='line_1_55' title="bbox 134 5304 1692 5383; baseline -0.002 -23"><span class='ocrx_word' id='word_1_398' title='bbox 134 5312 350 5383; x_wconf 86' lang='lat' dir='ltr'><strong>testatur,</strong></span> <span class='ocrx_word' id='word_1_399' title='bbox 382 5313 631 5370; x_wconf 79' lang='lat' dir='ltr'><strong>afﬁrmat.</strong></span> <span class='ocrx_word' id='word_1_400' title='bbox 673 5311 807 5368; x_wconf 88' lang='lat' dir='ltr'><strong>Nam</strong></span> <span class='ocrx_word' id='word_1_401' title='bbox 845 5317 902 5366; x_wconf 89' lang='lat' dir='ltr'><strong>et</strong></span> <span class='ocrx_word' id='word_1_402' title='bbox 942 5308 1070 5364; x_wconf 88' lang='lat' dir='ltr'><strong>hinc</strong></span> <span class='ocrx_word' id='word_1_403' title='bbox 1110 5305 1356 5363; x_wconf 89' lang='lat' dir='ltr'><strong>eumdem</strong></span> <span class='ocrx_word' id='word_1_404' title='bbox 1400 5305 1574 5360; x_wconf 93' lang='lat' dir='ltr'><strong>locum</strong></span> <span class='ocrx_word' id='word_1_405' title='bbox 1622 5304 1692 5358; x_wconf 86' lang='lat' dir='ltr'><strong>ita</strong></span> 
     </span>
    </p>
   </div>
   <div class='ocr_carea' id='block_1_56' title="bbox 133 5495 1693 5617">
    <p class='ocr_par' dir='ltr' id='par_1_56' title="bbox 133 5495 1693 5617">
     <span class='ocr_line' id='line_1_56' title="bbox 133 5495 1693 5617; baseline -0.025 -40"><span class='ocrx_word' id='word_1_406' title='bbox 133 5507 346 5617; x_wconf 34' lang='lat' dir='ltr'><strong>autumni,</strong></span> <span class='ocrx_word' id='word_1_407' title='bbox 369 5513 412 5566; x_wconf 89' lang='lat' dir='ltr'><strong>si</strong></span> <span class='ocrx_word' id='word_1_408' title='bbox 442 5509 588 5564; x_wconf 84' lang='lat' dir='ltr'><strong>semel</strong></span> <span class='ocrx_word' id='word_1_409' title='bbox 622 5508 806 5562; x_wconf 88' lang='lat' dir='ltr'><strong>danda.</strong></span> <span class='ocrx_word' id='word_1_410' title='bbox 838 5505 1008 5559; x_wconf 70' lang='lat' dir='ltr'><strong>melius</strong></span> <span class='ocrx_word' id='word_1_411' title='bbox 1040 5504 1264 5569; x_wconf 88' lang='lat' dir='ltr'><strong>plerique</strong></span> <span class='ocrx_word' id='word_1_412' title='bbox 1302 5509 1406 5552; x_wconf 75' lang='lat' dir='ltr'><strong>Mss.</strong></span> <span class='ocrx_word' id='word_1_413' title='bbox 1425 5537 1440 5560; x_wconf 92' lang='lat'><strong>,</strong></span> <span class='ocrx_word' id='word_1_414' title='bbox 1476 5497 1523 5550; x_wconf 82' lang='lat' dir='ltr'><strong>si</strong></span> <span class='ocrx_word' id='word_1_415' title='bbox 1547 5495 1693 5551; x_wconf 70' lang='lat' dir='ltr'><strong>semel</strong></span> 
     </span>
    </p>
   </div>
   <div class='ocr_carea' id='block_1_57' title="bbox 185 5585 1691 5711">
    <p class='ocr_par' dir='ltr' id='par_1_57' title="bbox 185 5585 1691 5711">
     <span class='ocr_line' id='line_1_57' title="bbox 185 5585 245 5622; baseline 0.05 -8"><span class='ocrx_word' id='word_1_416' title='bbox 185 5585 203 5617; x_wconf 62' lang='lat' dir='ltr'><strong>fl</strong></span> <span class='ocrx_word' id='word_1_417' title='bbox 235 5611 245 5622; x_wconf 87' lang='grc'><em>,</em></span> 
     </span>
     <span class='ocr_line' id='line_1_58' title="bbox 185 5585 1691 5711; baseline -0.008 -26"><span class='ocrx_word' id='word_1_418' title='bbox 185 5585 314 5711; x_wconf 38' lang='lat' dir='ltr'><strong>’aani:</strong></span> <span class='ocrx_word' id='word_1_419' title='bbox 333 5646 388 5711; x_wconf 84' lang='lat' dir='ltr'><strong>et_</strong></span> <span class='ocrx_word' id='word_1_420' title='bbox 403 5645 533 5711; x_wconf 59' lang='grc' dir='ltr'><strong>ιρι,</strong></span> <span class='ocrx_word' id='word_1_421' title='bbox 561 5634 860 5711; x_wconf 78' lang='lat' dir='ltr'><strong>vulneratum</strong></span> <span class='ocrx_word' id='word_1_422' title='bbox 882 5637 953 5711; x_wconf 59' lang='lat' dir='ltr'><strong>9st</strong></span> <span class='ocrx_word' id='word_1_423' title='bbox 970 5625 1439 5711; x_wconf 44' lang='lat' dir='ltr'><strong>;rejecta.pariiCi-=la</strong></span> <span class='ocrx_word' id='word_1_424' title='bbox 1457 5631 1691 5689; x_wconf 79' lang='lat' dir='ltr'><strong>negante,</strong></span> 
     </span>
    </p>
   </div>
   <div class='ocr_carea' id='block_1_58' title="bbox 133 5696 1692 5821">
    <p class='ocr_par' dir='ltr' id='par_1_58' title="bbox 133 5696 1692 5821">
     <span class='ocr_line' id='line_1_59' title="bbox 133 5696 1573 5764; baseline -0.013 -12"><span class='ocrx_word' id='word_1_425' title='bbox 133 5701 254 5752; x_wconf 70' lang='lat' dir='ltr'><strong>(illam</strong></span> <span class='ocrx_word' id='word_1_426' title='bbox 275 5699 346 5750; x_wconf 89' lang='lat' dir='ltr'><strong>hic</strong></span> <span class='ocrx_word' id='word_1_427' title='bbox 375 5701 558 5750; x_wconf 85' lang='lat' dir='ltr'><strong>habent</strong></span> <span class='ocrx_word' id='word_1_428' title='bbox 579 5705 654 5748; x_wconf 77' lang='lat' dir='ltr'><strong>Er.</strong></span> <span class='ocrx_word' id='word_1_429' title='bbox 673 5703 728 5748; x_wconf 85' lang='lat' dir='ltr'><strong>et</strong></span> <span class='ocrx_word' id='word_1_430' title='bbox 744 5696 899 5747; x_wconf 82' lang='lat' dir='ltr'><strong>nostri</strong></span> <span class='ocrx_word' id='word_1_431' title='bbox 919 5696 1246 5764; x_wconf 76' lang='lat' dir='ltr'><strong>manuscripti.</strong></span> <span class='ocrx_word' id='word_1_432' title='bbox 1560 5748 1573 5759; x_wconf 47' lang='lat'><strong>.</strong></span> 
     </span>
     <span class='ocr_line' id='line_1_60' title="bbox 138 5752 1692 5821; baseline -0.014 0"><span class='ocrx_word' id='word_1_433' title='bbox 138 5816 167 5821; x_wconf 24' lang='grc' dir='ltr'><em>,Α</em></span> <span class='ocrx_word' id='word_1_434' title='bbox 189 5757 348 5821; x_wconf 77' lang='lat' dir='ltr'><strong>&#39;Editi,</strong></span> <span class='ocrx_word' id='word_1_435' title='bbox 369 5763 587 5813; x_wconf 79' lang='lat' dir='ltr'><strong>Dicentes</strong></span> <span class='ocrx_word' id='word_1_436' title='bbox 610 5757 738 5812; x_wconf 85' lang='lat' dir='ltr'><strong>enim</strong></span> <span class='ocrx_word' id='word_1_437' title='bbox 771 5771 822 5809; x_wconf 87' lang='lat' dir='ltr'><strong>se</strong></span> <span class='ocrx_word' id='word_1_438' title='bbox 864 5769 966 5809; x_wconf 84' lang='lat' dir='ltr'><strong>esse</strong></span> <span class='ocrx_word' id='word_1_439' title='bbox 1009 5758 1261 5813; x_wconf 67' lang='lat' dir='ltr'><strong>umentes.</strong></span> <span class='ocrx_word' id='word_1_440' title='bbox 1305 5752 1469 5810; x_wconf 75' lang='lat' dir='ltr'><strong>Abest,</strong></span> <span class='ocrx_word' id='word_1_441' title='bbox 1494 5761 1639 5809; x_wconf 83' lang='lat' dir='ltr'><strong>emm,</strong></span> <span class='ocrx_word' id='word_1_442' title='bbox 1665 5761 1692 5799; x_wconf 91' lang='lat' dir='ltr'><strong>a</strong></span> 
     </span>
    </p>
   </div>
   <div class='ocr_carea' id='block_1_59' title="bbox 138 5816 534 5886">
    <p class='ocr_par' dir='ltr' id='par_1_59' title="bbox 138 5816 534 5886">
     <span class='ocr_line' id='line_1_61' title="bbox 138 5816 534 5886; baseline 0.005 -17"><span class='ocrx_word' id='word_1_443' title='bbox 138 5816 224 5861; x_wconf 64' lang='lat'><strong>&quot;-58.</strong></span> <span class='ocrx_word' id='word_1_444' title='bbox 250 5830 292 5873; x_wconf 85' lang='lat' dir='ltr'><strong>et</strong></span> <span class='ocrx_word' id='word_1_445' title='bbox 312 5816 345 5871; x_wconf 66' lang='grc' dir='ltr'><strong>εί</strong></span> <span class='ocrx_word' id='word_1_446' title='bbox 359 5837 534 5886; x_wconf 60' lang='lat' dir='ltr'><strong>grai-(:0.</strong></span> 
     </span>
    </p>
   </div>
   <div class='ocr_carea' id='block_1_60' title="bbox 627 278 2930 362">
    <p class='ocr_par' dir='ltr' id='par_1_60' title="bbox 627 278 2930 362">
     <span class='ocr_line' id='line_1_62' title="bbox 627 278 2930 362; baseline 0.002 -24"><span class='ocrx_word' id='word_1_447' title='bbox 627 283 720 362; x_wconf 54' lang='lat' dir='ltr'><strong>Dii.</strong></span> <span class='ocrx_word' id='word_1_448' title='bbox 753 278 960 358; x_wconf 58' lang='lat' dir='ltr'><strong>UHICO</strong></span> <span class='ocrx_word' id='word_1_449' title='bbox 999 280 1341 360; x_wconf 58' lang='lat' dir='ltr'><strong>BAPTISMO</strong></span> <span class='ocrx_word' id='word_1_450' title='bbox 1379 280 1658 340; x_wconf 82' lang='lat' dir='ltr'><strong>CONTRA</strong></span> <span class='ocrx_word' id='word_1_451' title='bbox 1697 279 1944 352; x_wconf 83' lang='lat' dir='ltr'><strong>PETIL.,</strong></span> <span class='ocrx_word' id='word_1_452' title='bbox 1990 283 2048 346; x_wconf 79' lang='lat' dir='ltr'><strong>S.</strong></span> <span class='ocrx_word' id='word_1_453' title='bbox 2089 283 2456 352; x_wconf 61' lang='lat' dir='ltr'><strong>AUGUS&#39;HH’:</strong></span> <span class='ocrx_word' id='word_1_454' title='bbox 2493 287 2695 352; x_wconf 70' lang='lat' dir='ltr'><strong>LIBER</strong></span> <span class='ocrx_word' id='word_1_455' title='bbox 2732 288 2930 348; x_wconf 85' lang='lat' dir='ltr'><strong>UNUS.</strong></span> 
     </span>
    </p>
   </div>
   <div class='ocr_carea' id='block_1_61' title="bbox 3295 295 3400 355">
    <p class='ocr_par' dir='ltr' id='par_1_61' title="bbox 3295 295 3400 355">
     <span class='ocr_line' id='line_1_63' title="bbox 3295 295 3400 355; baseline 0.01 -1"><span class='ocrx_word' id='word_1_456' title='bbox 3295 295 3400 355; x_wconf 74' lang='grc'><strong>598</strong></span> 
     </span>
    </p>
   </div>
   <div class='ocr_carea' id='block_1_62' title="bbox 1813 398 3403 481">
    <p class='ocr_par' dir='ltr' id='par_1_62' title="bbox 1813 398 3403 481">
     <span class='ocr_line' id='line_1_64' title="bbox 1813 398 3403 481; baseline 0.009 -27"><span class='ocrx_word' id='word_1_457' title='bbox 1813 398 1993 470; x_wconf 65' lang='lat' dir='ltr'><strong>coepit,</strong></span> <span class='ocrx_word' id='word_1_458' title='bbox 2022 407 2082 462; x_wconf 80' lang='lat' dir='ltr'><strong>ut</strong></span> <span class='ocrx_word' id='word_1_459' title='bbox 2106 399 2326 469; x_wconf 71' lang='lat' dir='ltr'><strong>diceret,</strong></span> <span class='ocrx_word' id='word_1_460' title='bbox 2352 400 2624 462; x_wconf 70' lang='lat' dir='ltr'><strong>Revelatur</strong></span> <span class='ocrx_word' id='word_1_461' title='bbox 2642 406 2774 459; x_wconf 86' lang='lat' dir='ltr'><strong>enim</strong></span> <span class='ocrx_word' id='word_1_462' title='bbox 2798 407 2876 460; x_wconf 88' lang='lat' dir='ltr'><strong>ira</strong></span> <span class='ocrx_word' id='word_1_463' title='bbox 2897 405 2995 462; x_wconf 74' lang='lat' dir='ltr'><strong>Dei</strong></span> <span class='ocrx_word' id='word_1_464' title='bbox 3020 407 3082 463; x_wconf 88' lang='lat' dir='ltr'><strong>de</strong></span> <span class='ocrx_word' id='word_1_465' title='bbox 3101 407 3222 464; x_wconf 68' lang='lat' dir='ltr'><strong>cisio</strong></span> <span class='ocrx_word' id='word_1_466' title='bbox 3249 427 3403 481; x_wconf 74' lang='lat' dir='ltr'><strong>super</strong></span> 
     </span>
    </p>
   </div>
   <div class='ocr_carea' id='block_1_63' title="bbox 1809 494 3403 571">
    <p class='ocr_par' dir='ltr' id='par_1_63' title="bbox 1809 494 3403 571">
     <span class='ocr_line' id='line_1_65' title="bbox 1809 494 3403 571; baseline 0.008 -25"><span class='ocrx_word' id='word_1_467' title='bbox 1809 508 2008 547; x_wconf 87' lang='lat' dir='ltr'><strong>onmem</strong></span> <span class='ocrx_word' id='word_1_468' title='bbox 2046 494 2350 564; x_wconf 76' lang='lat' dir='ltr'><strong>impietatem</strong></span> <span class='ocrx_word' id='word_1_469' title='bbox 2389 504 2436 551; x_wconf 88' lang='lat' dir='ltr'><strong>et</strong></span> <span class='ocrx_word' id='word_1_470' title='bbox 2464 497 2767 566; x_wconf 86' lang='lat' dir='ltr'><strong>injustitiam</strong></span> <span class='ocrx_word' id='word_1_471' title='bbox 2805 499 3066 554; x_wconf 84' lang='lat' dir='ltr'><strong>hominum</strong></span> <span class='ocrx_word' id='word_1_472' title='bbox 3106 519 3277 556; x_wconf 83' lang='lat' dir='ltr'><strong>eorum</strong></span> <span class='ocrx_word' id='word_1_473' title='bbox 3318 508 3403 571; x_wconf 71' lang='lat' dir='ltr'><strong>qui</strong></span> 
     </span>
    </p>
   </div>
   <div class='ocr_carea' id='block_1_64' title="bbox 1809 587 3399 665">
    <p class='ocr_par' dir='ltr' id='par_1_64' title="bbox 1809 587 3399 665">
     <span class='ocr_line' id='line_1_66' title="bbox 1809 587 3399 665; baseline 0.006 -23"><span class='ocrx_word' id='word_1_474' title='bbox 1809 588 2061 642; x_wconf 88' lang='lat' dir='ltr'><strong>veritatem</strong></span> <span class='ocrx_word' id='word_1_475' title='bbox 2099 587 2152 642; x_wconf 90' lang='lat' dir='ltr'><strong>in</strong></span> <span class='ocrx_word' id='word_1_476' title='bbox 2178 588 2441 658; x_wconf 87' lang='lat' dir='ltr'><strong>iniquitate</strong></span> <span class='ocrx_word' id='word_1_477' title='bbox 2463 589 2688 646; x_wconf 82' lang='lat' dir='ltr'><strong>detinent</strong></span> <span class='ocrx_word' id='word_1_478' title='bbox 2728 590 2902 664; x_wconf 88' lang='lat' dir='ltr'><strong>(Rom.</strong></span> <span class='ocrx_word' id='word_1_479' title='bbox 2935 611 2973 659; x_wconf 81' lang='grc' dir='ltr'><strong>ι,</strong></span> <span class='ocrx_word' id='word_1_480' title='bbox 3008 594 3174 650; x_wconf 73' lang='lat'><strong>18—25</strong></span> <span class='ocrx_word' id='word_1_481' title='bbox 3203 597 3220 665; x_wconf 97' lang='lat'><strong>)</strong></span> <span class='ocrx_word' id='word_1_482' title='bbox 3247 598 3399 661; x_wconf 52' lang='lat' dir='ltr'><strong>{non</strong></span> 
     </span>
    </p>
   </div>
   <div class='ocr_carea' id='block_1_65' title="bbox 1809 679 3399 757">
    <p class='ocr_par' dir='ltr' id='par_1_65' title="bbox 1809 679 3399 757">
     <span class='ocr_line' id='line_1_67' title="bbox 1809 679 3399 757; baseline 0.008 -25"><span class='ocrx_word' id='word_1_483' title='bbox 1809 679 2078 750; x_wconf 83' lang='lat' dir='ltr'><strong>abnegans</strong></span> <span class='ocrx_word' id='word_1_484' title='bbox 2105 681 2406 748; x_wconf 85' lang='lat' dir='ltr'><strong>veritatem,</strong></span> <span class='ocrx_word' id='word_1_485' title='bbox 2448 684 2688 753; x_wconf 88' lang='lat' dir='ltr'><strong>quamvis</strong></span> <span class='ocrx_word' id='word_1_486' title='bbox 2716 685 2770 742; x_wconf 93' lang='lat' dir='ltr'><strong>in</strong></span> <span class='ocrx_word' id='word_1_487' title='bbox 2800 685 3075 757; x_wconf 87' lang='lat' dir='ltr'><strong>iniquitate</strong></span> <span class='ocrx_word' id='word_1_488' title='bbox 3102 688 3399 746; x_wconf 88' lang='lat' dir='ltr'><strong>detentam.</strong></span> 
     </span>
    </p>
   </div>
   <div class='ocr_carea' id='block_1_66' title="bbox 1881 771 3406 844">
    <p class='ocr_par' dir='ltr' id='par_1_66' title="bbox 1881 771 3406 844">
     <span class='ocr_line' id='line_1_68' title="bbox 1881 771 3406 844; baseline 0.009 -18"><span class='ocrx_word' id='word_1_489' title='bbox 1881 771 1933 826; x_wconf 84' lang='lat'><strong>6.</strong></span> <span class='ocrx_word' id='word_1_490' title='bbox 1969 772 2034 825; x_wconf 89' lang='lat' dir='ltr'><strong>Et</strong></span> <span class='ocrx_word' id='word_1_491' title='bbox 2070 772 2119 826; x_wconf 91' lang='lat' dir='ltr'><strong>in</strong></span> <span class='ocrx_word' id='word_1_492' title='bbox 2148 773 2370 840; x_wconf 66' lang='lat' dir='ltr'><strong>Actibus</strong></span> <span class='ocrx_word' id='word_1_493' title='bbox 2397 775 2796 844; x_wconf 85' lang='lat' dir='ltr'><strong>Apostolorum,</strong></span> <span class='ocrx_word' id='word_1_494' title='bbox 2838 795 2957 832; x_wconf 87' lang='lat' dir='ltr'><strong>cum</strong></span> <span class='ocrx_word' id='word_1_495' title='bbox 2983 779 3050 834; x_wconf 88' lang='lat' dir='ltr'><strong>de</strong></span> <span class='ocrx_word' id='word_1_496' title='bbox 3081 780 3187 836; x_wconf 91' lang='lat' dir='ltr'><strong>Deo</strong></span> <span class='ocrx_word' id='word_1_497' title='bbox 3212 797 3319 838; x_wconf 91' lang='lat' dir='ltr'><strong>uno</strong></span> <span class='ocrx_word' id='word_1_498' title='bbox 3352 795 3406 838; x_wconf 83' lang='lat' dir='ltr'><strong>ct</strong></span> 
     </span>
    </p>
   </div>
   <div class='ocr_carea' id='block_1_67' title="bbox 1807 863 3403 939">
    <p class='ocr_par' dir='ltr' id='par_1_67' title="bbox 1807 863 3403 939">
     <span class='ocr_line' id='line_1_69' title="bbox 1807 863 3403 939; baseline 0.007 -21"><span class='ocrx_word' id='word_1_499' title='bbox 1807 878 1937 920; x_wconf 91' lang='lat' dir='ltr'><strong>vero</strong></span> <span class='ocrx_word' id='word_1_500' title='bbox 1962 863 2316 920; x_wconf 82' lang='lat' dir='ltr'><strong>Athenienses</strong></span> <span class='ocrx_word' id='word_1_501' title='bbox 2343 864 2579 931; x_wconf 87' lang='lat' dir='ltr'><strong>doceret,</strong></span> <span class='ocrx_word' id='word_1_502' title='bbox 2607 867 2750 938; x_wconf 84' lang='lat' dir='ltr'><strong>quod</strong></span> <span class='ocrx_word' id='word_1_503' title='bbox 2777 869 2830 927; x_wconf 83' lang='lat' dir='ltr'><strong>in</strong></span> <span class='ocrx_word' id='word_1_504' title='bbox 2865 869 2954 923; x_wconf 89' lang='lat' dir='ltr'><strong>illo</strong></span> <span class='ocrx_word' id='word_1_505' title='bbox 2979 871 3208 939; x_wconf 82' lang='lat' dir='ltr'><strong>vivimus,</strong></span> <span class='ocrx_word' id='word_1_506' title='bbox 3230 889 3403 928; x_wconf 81' lang='lat' dir='ltr'><strong>move-</strong></span> 
     </span>
    </p>
   </div>
   <div class='ocr_carea' id='block_1_68' title="bbox 1808 957 3400 1032">
    <p class='ocr_par' dir='ltr' id='par_1_68' title="bbox 1808 957 3400 1032">
     <span class='ocr_line' id='line_1_70' title="bbox 1808 957 3400 1032; baseline 0.008 -26"><span class='ocrx_word' id='word_1_507' title='bbox 1808 969 1942 1021; x_wconf 83' lang='lat' dir='ltr'><strong>ntur,</strong></span> <span class='ocrx_word' id='word_1_508' title='bbox 1991 963 2038 1007; x_wconf 85' lang='lat' dir='ltr'><strong>et</strong></span> <span class='ocrx_word' id='word_1_509' title='bbox 2077 971 2290 1019; x_wconf 86' lang='lat' dir='ltr'><strong>sumus;</strong></span> <span class='ocrx_word' id='word_1_510' title='bbox 2321 957 2573 1012; x_wconf 89' lang='lat' dir='ltr'><strong>continuo</strong></span> <span class='ocrx_word' id='word_1_511' title='bbox 2597 958 2889 1028; x_wconf 72' lang='lat' dir='ltr'><strong>subiunxit,</strong></span> <span class='ocrx_word' id='word_1_512' title='bbox 2921 959 3066 1016; x_wconf 90' lang='lat' dir='ltr'><strong>Sicut</strong></span> <span class='ocrx_word' id='word_1_513' title='bbox 3089 962 3294 1032; x_wconf 78' lang='lat' dir='ltr'><strong>quidam</strong></span> <span class='ocrx_word' id='word_1_514' title='bbox 3317 981 3400 1018; x_wconf 85' lang='lat' dir='ltr'><strong>se-</strong></span> 
     </span>
    </p>
   </div>
   <div class='ocr_carea' id='block_1_69' title="bbox 1807 1046 3398 1127">
    <p class='ocr_par' dir='ltr' id='par_1_69' title="bbox 1807 1046 3398 1127">
     <span class='ocr_line' id='line_1_71' title="bbox 1807 1046 3398 1127; baseline 0.008 -29"><span class='ocrx_word' id='word_1_515' title='bbox 1807 1046 2028 1099; x_wconf 82' lang='lat' dir='ltr'><strong>cundant</strong></span> <span class='ocrx_word' id='word_1_516' title='bbox 2051 1063 2136 1101; x_wconf 87' lang='lat' dir='ltr'><strong>vos</strong></span> <span class='ocrx_word' id='word_1_517' title='bbox 2163 1046 2398 1102; x_wconf 71' lang='lat' dir='ltr'><strong>dixerunt</strong></span> <span class='ocrx_word' id='word_1_518' title='bbox 2429 1047 2563 1119; x_wconf 76' lang='lat' dir='ltr'><strong>(Act.</strong></span> <span class='ocrx_word' id='word_1_519' title='bbox 2604 1066 2734 1119; x_wconf 79' lang='lat' dir='ltr'><strong>xvii,</strong></span> <span class='ocrx_word' id='word_1_520' title='bbox 2775 1050 2891 1120; x_wconf 70' lang='lat'><strong>28).</strong></span> <span class='ocrx_word' id='word_1_521' title='bbox 2923 1053 3034 1118; x_wconf 85' lang='lat' dir='ltr'><strong>lloc</strong></span> <span class='ocrx_word' id='word_1_522' title='bbox 3072 1054 3229 1126; x_wconf 80' lang='lat' dir='ltr'><strong>igitur</strong></span> <span class='ocrx_word' id='word_1_523' title='bbox 3254 1056 3398 1127; x_wconf 87' lang='lat' dir='ltr'><strong>quod</strong></span> 
     </span>
    </p>
   </div>
   <div class='ocr_carea' id='block_1_70' title="bbox 1807 1137 3395 1209">
    <p class='ocr_par' dir='ltr' id='par_1_70' title="bbox 1807 1137 3395 1209">
     <span class='ocr_line' id='line_1_72' title="bbox 1807 1137 3395 1209; baseline 0.006 -16"><span class='ocrx_word' id='word_1_524' title='bbox 1807 1137 1859 1194; x_wconf 89' lang='lat' dir='ltr'><strong>in</strong></span> <span class='ocrx_word' id='word_1_525' title='bbox 1892 1137 2001 1200; x_wconf 90' lang='lat' dir='ltr'><strong>Deo</strong></span> <span class='ocrx_word' id='word_1_526' title='bbox 2032 1138 2277 1204; x_wconf 92' lang='lat' dir='ltr'><strong>vivimus,</strong></span> <span class='ocrx_word' id='word_1_527' title='bbox 2309 1154 2605 1209; x_wconf 87' lang='lat' dir='ltr'><strong>movemur,</strong></span> <span class='ocrx_word' id='word_1_528' title='bbox 2637 1150 2691 1202; x_wconf 87' lang='lat' dir='ltr'><strong>ct</strong></span> <span class='ocrx_word' id='word_1_529' title='bbox 2728 1159 2932 1208; x_wconf 87' lang='lat' dir='ltr'><strong>sumus,</strong></span> <span class='ocrx_word' id='word_1_530' title='bbox 2969 1160 3034 1200; x_wconf 84' lang='lat' dir='ltr'><strong>ex</strong></span> <span class='ocrx_word' id='word_1_531' title='bbox 3063 1146 3149 1208; x_wconf 89' lang='lat' dir='ltr'><strong>illa</strong></span> <span class='ocrx_word' id='word_1_532' title='bbox 3171 1148 3395 1209; x_wconf 84' lang='lat' dir='ltr'><strong>veritate</strong></span> 
     </span>
    </p>
   </div>
   <div class='ocr_carea' id='block_1_71' title="bbox 1806 1230 3392 1310">
    <p class='ocr_par' dir='ltr' id='par_1_71' title="bbox 1806 1230 3392 1310">
     <span class='ocr_line' id='line_1_73' title="bbox 1806 1230 3392 1310; baseline 0.007 -27"><span class='ocrx_word' id='word_1_533' title='bbox 1806 1237 2069 1299; x_wconf 89' lang='lat' dir='ltr'><strong>estquam</strong></span> <span class='ocrx_word' id='word_1_534' title='bbox 2096 1239 2151 1300; x_wconf 85' lang='lat' dir='ltr'><strong>et</strong></span> <span class='ocrx_word' id='word_1_535' title='bbox 2191 1230 2265 1304; x_wconf 87' lang='lat' dir='ltr'><strong>illi</strong></span> <span class='ocrx_word' id='word_1_536' title='bbox 2292 1230 2439 1310; x_wconf 83' lang='lat' dir='ltr'><strong>impii</strong></span> <span class='ocrx_word' id='word_1_537' title='bbox 2469 1233 2876 1310; x_wconf 86' lang='lat' dir='ltr'><strong>simulacrorum</strong></span> <span class='ocrx_word' id='word_1_538' title='bbox 2905 1237 3138 1292; x_wconf 90' lang='lat' dir='ltr'><strong>cultores</strong></span> <span class='ocrx_word' id='word_1_539' title='bbox 3186 1239 3238 1294; x_wconf 93' lang='lat' dir='ltr'><strong>in</strong></span> <span class='ocrx_word' id='word_1_540' title='bbox 3284 1241 3392 1294; x_wconf 75' lang='lat' dir='ltr'><strong>iui-</strong></span> 
     </span>
    </p>
   </div>
   <div class='ocr_carea' id='block_1_72' title="bbox 1805 1321 3397 1396">
    <p class='ocr_par' dir='ltr' id='par_1_72' title="bbox 1805 1321 3397 1396">
     <span class='ocr_line' id='line_1_74' title="bbox 1805 1321 3397 1396; baseline 0.009 -23"><span class='ocrx_word' id='word_1_541' title='bbox 1805 1321 2007 1391; x_wconf 89' lang='lat' dir='ltr'><strong>quitate</strong></span> <span class='ocrx_word' id='word_1_542' title='bbox 2038 1321 2319 1389; x_wconf 87' lang='lat' dir='ltr'><strong>detinent,</strong></span> <span class='ocrx_word' id='word_1_543' title='bbox 2361 1324 2449 1395; x_wconf 90' lang='lat' dir='ltr'><strong>qui</strong></span> <span class='ocrx_word' id='word_1_544' title='bbox 2479 1334 2863 1395; x_wconf 83' lang='lat' dir='ltr'><strong>cognoscentes</strong></span> <span class='ocrx_word' id='word_1_545' title='bbox 2889 1326 3078 1396; x_wconf 91' lang='lat' dir='ltr'><strong>Deum,</strong></span> <span class='ocrx_word' id='word_1_546' title='bbox 3127 1345 3229 1385; x_wconf 90' lang='lat' dir='ltr'><strong>non</strong></span> <span class='ocrx_word' id='word_1_547' title='bbox 3259 1332 3397 1388; x_wconf 84' lang='lat' dir='ltr'><strong>sicut</strong></span> 
     </span>
    </p>
   </div>
   <div class='ocr_carea' id='block_1_73' title="bbox 1806 1415 3397 1496">
    <p class='ocr_par' dir='ltr' id='par_1_73' title="bbox 1806 1415 3397 1496">
     <span class='ocr_line' id='line_1_75' title="bbox 1806 1415 3397 1496; baseline 0.006 -25"><span class='ocrx_word' id='word_1_548' title='bbox 1806 1415 1972 1471; x_wconf 89' lang='lat' dir='ltr'><strong>Deum</strong></span> <span class='ocrx_word' id='word_1_549' title='bbox 2019 1416 2470 1487; x_wconf 73' lang='lat' dir='ltr'><strong>glorificaverunt.</strong></span> <span class='ocrx_word' id='word_1_550' title='bbox 2517 1418 2665 1496; x_wconf 83' lang='lat' dir='ltr'><strong>Hanc</strong></span> <span class='ocrx_word' id='word_1_551' title='bbox 2692 1427 2869 1489; x_wconf 71' lang='lat' dir='ltr'><strong>tamen</strong></span> <span class='ocrx_word' id='word_1_552' title='bbox 2913 1422 3214 1489; x_wconf 87' lang='lat' dir='ltr'><strong>veritatem,</strong></span> <span class='ocrx_word' id='word_1_553' title='bbox 3260 1427 3397 1490; x_wconf 85' lang='lat' dir='ltr'><strong>sicut</strong></span> 
     </span>
    </p>
   </div>
   <div class='ocr_carea' id='block_1_74' title="bbox 1804 1507 3395 1586">
    <p class='ocr_par' dir='ltr' id='par_1_74' title="bbox 1804 1507 3395 1586">
     <span class='ocr_line' id='line_1_76' title="bbox 1804 1507 3395 1586; baseline 0.008 -27"><span class='ocrx_word' id='word_1_554' title='bbox 1804 1507 2080 1576; x_wconf 82' lang='lat' dir='ltr'><strong>videmus,</strong></span> <span class='ocrx_word' id='word_1_555' title='bbox 2113 1508 2253 1579; x_wconf 89' lang='lat' dir='ltr'><strong>apud</strong></span> <span class='ocrx_word' id='word_1_556' title='bbox 2294 1509 2486 1578; x_wconf 87' lang='lat' dir='ltr'><strong>impios</strong></span> <span class='ocrx_word' id='word_1_557' title='bbox 2514 1551 2529 1578; x_wconf 93' lang='lat'><strong>,</strong></span> <span class='ocrx_word' id='word_1_558' title='bbox 2558 1519 2612 1566; x_wconf 92' lang='lat' dir='ltr'><strong>et</strong></span> <span class='ocrx_word' id='word_1_559' title='bbox 2643 1512 2932 1586; x_wconf 81' lang='lat' dir='ltr'><strong>sacrilegos</strong></span> <span class='ocrx_word' id='word_1_560' title='bbox 2974 1513 3241 1581; x_wconf 86' lang='lat' dir='ltr'><strong>inventam</strong></span> <span class='ocrx_word' id='word_1_561' title='bbox 3286 1533 3395 1582; x_wconf 80' lang='lat' dir='ltr'><strong>non</strong></span> 
     </span>
    </p>
   </div>
   <div class='ocr_carea' id='block_1_75' title="bbox 1801 1593 3393 1677">
    <p class='ocr_par' dir='ltr' id='par_1_75' title="bbox 1801 1593 3393 1677">
     <span class='ocr_line' id='line_1_77' title="bbox 1801 1593 3393 1677; baseline 0.006 -23"><span class='ocrx_word' id='word_1_562' title='bbox 1801 1598 2049 1668; x_wconf 88' lang='lat' dir='ltr'><strong>destruit,</strong></span> <span class='ocrx_word' id='word_1_563' title='bbox 2079 1599 2174 1656; x_wconf 88' lang='lat' dir='ltr'><strong>sed</strong></span> <span class='ocrx_word' id='word_1_564' title='bbox 2217 1601 2498 1674; x_wconf 78' lang='lat' dir='ltr'><strong>conﬁrmat</strong></span> <span class='ocrx_word' id='word_1_565' title='bbox 2540 1603 2846 1674; x_wconf 86' lang='lat' dir='ltr'><strong>Apostolus,</strong></span> <span class='ocrx_word' id='word_1_566' title='bbox 2877 1605 3097 1677; x_wconf 89' lang='lat' dir='ltr'><strong>ejusque</strong></span> <span class='ocrx_word' id='word_1_567' title='bbox 3126 1593 3289 1674; x_wconf 83' lang='lat' dir='ltr'><strong>utitur</strong></span> <span class='ocrx_word' id='word_1_568' title='bbox 3312 1618 3393 1666; x_wconf 89' lang='lat' dir='ltr'><strong>tc-</strong></span> 
     </span>
    </p>
   </div>
   <div class='ocr_carea' id='block_1_76' title="bbox 1803 1692 3394 1772">
    <p class='ocr_par' dir='ltr' id='par_1_76' title="bbox 1803 1692 3394 1772">
     <span class='ocr_line' id='line_1_78' title="bbox 1803 1692 3394 1772; baseline 0.007 -26"><span class='ocrx_word' id='word_1_569' title='bbox 1803 1693 2057 1765; x_wconf 85' lang='lat' dir='ltr'><strong>stimonio</strong></span> <span class='ocrx_word' id='word_1_570' title='bbox 2082 1692 2152 1749; x_wconf 92' lang='lat' dir='ltr'><strong>ad</strong></span> <span class='ocrx_word' id='word_1_571' title='bbox 2191 1693 2464 1750; x_wconf 90' lang='lat' dir='ltr'><strong>docendos</strong></span> <span class='ocrx_word' id='word_1_572' title='bbox 2490 1710 2584 1762; x_wconf 85' lang='lat' dir='ltr'><strong>eos</strong></span> <span class='ocrx_word' id='word_1_573' title='bbox 2622 1697 2711 1767; x_wconf 90' lang='lat' dir='ltr'><strong>qui</strong></span> <span class='ocrx_word' id='word_1_574' title='bbox 2738 1697 2834 1756; x_wconf 90' lang='lat' dir='ltr'><strong>ista</strong></span> <span class='ocrx_word' id='word_1_575' title='bbox 2867 1699 3196 1765; x_wconf 83' lang='lat' dir='ltr'><strong>nesciebant.</strong></span> <span class='ocrx_word' id='word_1_576' title='bbox 3228 1700 3394 1772; x_wconf 76' lang='lat' dir='ltr'><strong>Hujus</strong></span> 
     </span>
    </p>
   </div>
   <div class='ocr_carea' id='block_1_77' title="bbox 1801 1787 3393 1862">
    <p class='ocr_par' dir='ltr' id='par_1_77' title="bbox 1801 1787 3393 1862">
     <span class='ocr_line' id='line_1_79' title="bbox 1801 1787 3393 1862; baseline 0.005 -20"><span class='ocrx_word' id='word_1_577' title='bbox 1801 1787 2000 1858; x_wconf 79' lang='lat' dir='ltr'><strong>regula:</strong></span> <span class='ocrx_word' id='word_1_578' title='bbox 2025 1788 2334 1858; x_wconf 83' lang='lat' dir='ltr'><strong>apostolicae</strong></span> <span class='ocrx_word' id='word_1_579' title='bbox 2364 1797 2598 1859; x_wconf 87' lang='lat' dir='ltr'><strong>sectator</strong></span> <span class='ocrx_word' id='word_1_580' title='bbox 2639 1790 2924 1861; x_wconf 84' lang='lat' dir='ltr'><strong>episcopus</strong></span> <span class='ocrx_word' id='word_1_581' title='bbox 2950 1790 3283 1862; x_wconf 87' lang='lat' dir='ltr'><strong>Cyprianus,</strong></span> <span class='ocrx_word' id='word_1_582' title='bbox 3324 1795 3393 1850; x_wconf 89' lang='lat' dir='ltr'><strong>de</strong></span> 
     </span>
    </p>
   </div>
   <div class='ocr_carea' id='block_1_78' title="bbox 1800 1880 3394 1954">
    <p class='ocr_par' dir='ltr' id='par_1_78' title="bbox 1800 1880 3394 1954">
     <span class='ocr_line' id='line_1_80' title="bbox 1800 1880 3394 1954; baseline 0.007 -20"><span class='ocrx_word' id='word_1_583' title='bbox 1800 1894 1911 1947; x_wconf 90' lang='lat' dir='ltr'><strong>uno</strong></span> <span class='ocrx_word' id='word_1_584' title='bbox 1939 1894 2066 1936; x_wconf 89' lang='lat' dir='ltr'><strong>vero</strong></span> <span class='ocrx_word' id='word_1_585' title='bbox 2095 1880 2206 1938; x_wconf 89' lang='lat' dir='ltr'><strong>Deo</strong></span> <span class='ocrx_word' id='word_1_586' title='bbox 2244 1881 2498 1947; x_wconf 84' lang='lat' dir='ltr'><strong>adversus</strong></span> <span class='ocrx_word' id='word_1_587' title='bbox 2528 1882 2816 1954; x_wconf 83' lang='lat' dir='ltr'><strong>multorum</strong></span> <span class='ocrx_word' id='word_1_588' title='bbox 2859 1883 3079 1940; x_wconf 91' lang='lat' dir='ltr'><strong>deorum</strong></span> <span class='ocrx_word' id='word_1_589' title='bbox 3109 1883 3394 1948; x_wconf 72' lang='lat' dir='ltr'><strong>falsorum-</strong></span> 
     </span>
    </p>
   </div>
   <div class='ocr_carea' id='block_1_79' title="bbox 1801 1973 3392 2047">
    <p class='ocr_par' dir='ltr' id='par_1_79' title="bbox 1801 1973 3392 2047">
     <span class='ocr_line' id='line_1_81' title="bbox 1801 1973 3392 2047; baseline 0.006 -19"><span class='ocrx_word' id='word_1_590' title='bbox 1801 1989 1905 2045; x_wconf 90' lang='lat' dir='ltr'><strong>quc</strong></span> <span class='ocrx_word' id='word_1_591' title='bbox 1944 1973 2178 2040; x_wconf 86' lang='lat' dir='ltr'><strong>cultores</strong></span> <span class='ocrx_word' id='word_1_592' title='bbox 2216 1974 2516 2047; x_wconf 87' lang='lat' dir='ltr'><strong>disputans,</strong></span> <span class='ocrx_word' id='word_1_593' title='bbox 2562 1975 2728 2032; x_wconf 90' lang='lat' dir='ltr'><strong>multa</strong></span> <span class='ocrx_word' id='word_1_594' title='bbox 2754 1976 2958 2047; x_wconf 87' lang='lat' dir='ltr'><strong>profert</strong></span> <span class='ocrx_word' id='word_1_595' title='bbox 2984 1980 3285 2036; x_wconf 89' lang='lat' dir='ltr'><strong>testimonia</strong></span> <span class='ocrx_word' id='word_1_596' title='bbox 3323 1982 3392 2039; x_wconf 87' lang='lat' dir='ltr'><strong>de</strong></span> 
     </span>
    </p>
   </div>
   <div class='ocr_carea' id='block_1_80' title="bbox 1799 2065 3387 2147">
    <p class='ocr_par' dir='ltr' id='par_1_80' title="bbox 1799 2065 3387 2147">
     <span class='ocr_line' id='line_1_82' title="bbox 1799 2065 3387 2147; baseline 0.005 -26"><span class='ocrx_word' id='word_1_597' title='bbox 1799 2065 1950 2124; x_wconf 88' lang='lat' dir='ltr'><strong>libris</strong></span> <span class='ocrx_word' id='word_1_598' title='bbox 1979 2081 2165 2124; x_wconf 89' lang='lat' dir='ltr'><strong>eorum</strong></span> <span class='ocrx_word' id='word_1_599' title='bbox 2185 2108 2201 2133; x_wconf 94' lang='lat'><strong>,</strong></span> <span class='ocrx_word' id='word_1_600' title='bbox 2245 2082 2379 2138; x_wconf 89' lang='lat' dir='ltr'><strong>quos</strong></span> <span class='ocrx_word' id='word_1_601' title='bbox 2403 2067 2691 2139; x_wconf 60' lang='lat' dir='ltr'><strong>praeclaros</strong></span> <span class='ocrx_word' id='word_1_602' title='bbox 2719 2078 2964 2126; x_wconf 88' lang='lat' dir='ltr'><strong>auctores</strong></span> <span class='ocrx_word' id='word_1_603' title='bbox 2999 2070 3195 2128; x_wconf 89' lang='lat' dir='ltr'><strong>habent</strong></span> <span class='ocrx_word' id='word_1_604' title='bbox 3242 2072 3387 2147; x_wconf 86' lang='lat' dir='ltr'><strong>(Lib.</strong></span> 
     </span>
    </p>
   </div>
   <div class='ocr_carea' id='block_1_81' title="bbox 1800 2158 3390 2235">
    <p class='ocr_par' dir='ltr' id='par_1_81' title="bbox 1800 2158 3390 2235">
     <span class='ocr_line' id='line_1_83' title="bbox 1800 2158 3390 2235; baseline 0.004 -21"><span class='ocrx_word' id='word_1_605' title='bbox 1800 2158 1863 2218; x_wconf 87' lang='lat' dir='ltr'><strong>de</strong></span> <span class='ocrx_word' id='word_1_606' title='bbox 1910 2158 2144 2220; x_wconf 79' lang='lat' dir='ltr'><strong>Yanitate</strong></span> <span class='ocrx_word' id='word_1_607' title='bbox 2169 2158 2468 2233; x_wconf 83' lang='lat' dir='ltr'><strong>idolorum),</strong></span> <span class='ocrx_word' id='word_1_608' title='bbox 2501 2159 2604 2216; x_wconf 87' lang='lat' dir='ltr'><strong>hoc</strong></span> <span class='ocrx_word' id='word_1_609' title='bbox 2628 2167 2732 2227; x_wconf 90' lang='lat' dir='ltr'><strong>est,</strong></span> <span class='ocrx_word' id='word_1_610' title='bbox 2765 2176 2831 2216; x_wconf 87' lang='lat' dir='ltr'><strong>ex</strong></span> <span class='ocrx_word' id='word_1_611' title='bbox 2860 2161 2947 2222; x_wconf 90' lang='lat' dir='ltr'><strong>illa</strong></span> <span class='ocrx_word' id='word_1_612' title='bbox 2977 2163 3201 2220; x_wconf 87' lang='lat' dir='ltr'><strong>veritate</strong></span> <span class='ocrx_word' id='word_1_613' title='bbox 3228 2180 3390 2235; x_wconf 85' lang='lat' dir='ltr'><strong>quam</strong></span> 
     </span>
    </p>
   </div>
   <div class='ocr_carea' id='block_1_82' title="bbox 1799 2252 3392 2329">
    <p class='ocr_par' dir='ltr' id='par_1_82' title="bbox 1799 2252 3392 2329">
     <span class='ocr_line' id='line_1_84' title="bbox 1799 2252 3392 2329; baseline 0.001 -19"><span class='ocrx_word' id='word_1_614' title='bbox 1799 2253 1853 2322; x_wconf 87' lang='lat' dir='ltr'><strong>in</strong></span> <span class='ocrx_word' id='word_1_615' title='bbox 1879 2253 2154 2326; x_wconf 89' lang='lat' dir='ltr'><strong>iniquitate</strong></span> <span class='ocrx_word' id='word_1_616' title='bbox 2176 2253 2438 2310; x_wconf 87' lang='lat' dir='ltr'><strong>detinent.</strong></span> <span class='ocrx_word' id='word_1_617' title='bbox 2457 2252 2620 2310; x_wconf 89' lang='lat' dir='ltr'><strong>Multo</strong></span> <span class='ocrx_word' id='word_1_618' title='bbox 2639 2262 2817 2314; x_wconf 91' lang='lat' dir='ltr'><strong>autem</strong></span> <span class='ocrx_word' id='word_1_619' title='bbox 2837 2255 3131 2312; x_wconf 89' lang='lat' dir='ltr'><strong>mirabilius</strong></span> <span class='ocrx_word' id='word_1_620' title='bbox 3146 2265 3227 2313; x_wconf 92' lang='lat' dir='ltr'><strong>est</strong></span> <span class='ocrx_word' id='word_1_621' title='bbox 3247 2258 3392 2329; x_wconf 91' lang='lat' dir='ltr'><strong>quod</strong></span> 
     </span>
    </p>
   </div>
   <div class='ocr_carea' id='block_1_83' title="bbox 1799 2345 3389 2418">
    <p class='ocr_par' dir='ltr' id='par_1_83' title="bbox 1799 2345 3389 2418">
     <span class='ocr_line' id='line_1_85' title="bbox 1799 2345 3389 2418; baseline -0.001 -12"><span class='ocrx_word' id='word_1_622' title='bbox 1799 2346 1924 2406; x_wconf 80' lang='lat' dir='ltr'><strong>fecit</strong></span> <span class='ocrx_word' id='word_1_623' title='bbox 1969 2347 2294 2418; x_wconf 81' lang='lat' dir='ltr'><strong>Apostolus,</strong></span> <span class='ocrx_word' id='word_1_624' title='bbox 2340 2355 2400 2403; x_wconf 91' lang='lat' dir='ltr'><strong>ut</strong></span> <span class='ocrx_word' id='word_1_625' title='bbox 2445 2362 2629 2415; x_wconf 77' lang='lat' dir='ltr'><strong>eorum</strong></span> <span class='ocrx_word' id='word_1_626' title='bbox 2674 2345 2795 2404; x_wconf 85' lang='lat' dir='ltr'><strong>fana</strong></span> <span class='ocrx_word' id='word_1_627' title='bbox 2843 2348 3198 2414; x_wconf 89' lang='lat' dir='ltr'><strong>circumiens,</strong></span> <span class='ocrx_word' id='word_1_628' title='bbox 3239 2365 3389 2404; x_wconf 84' lang='lat' dir='ltr'><strong>aram</strong></span> 
     </span>
    </p>
   </div>
   <div class='ocr_carea' id='block_1_84' title="bbox 1798 2439 3392 2512">
    <p class='ocr_par' dir='ltr' id='par_1_84' title="bbox 1798 2439 3392 2512">
     <span class='ocr_line' id='line_1_86' title="bbox 1798 2439 3392 2512; baseline 0 -16"><span class='ocrx_word' id='word_1_629' title='bbox 1798 2439 2083 2512; x_wconf 88' lang='lat' dir='ltr'><strong>quamdam</strong></span> <span class='ocrx_word' id='word_1_630' title='bbox 2111 2441 2247 2496; x_wconf 91' lang='lat' dir='ltr'><strong>inter</strong></span> <span class='ocrx_word' id='word_1_631' title='bbox 2270 2455 2392 2496; x_wconf 87' lang='lat' dir='ltr'><strong>aras</strong></span> <span class='ocrx_word' id='word_1_632' title='bbox 2414 2439 2717 2498; x_wconf 61' lang='lat' dir='ltr'><strong>darmonum</strong></span> <span class='ocrx_word' id='word_1_633' title='bbox 2741 2441 3028 2504; x_wconf 88' lang='lat' dir='ltr'><strong>inventam,</strong></span> <span class='ocrx_word' id='word_1_634' title='bbox 3055 2441 3106 2495; x_wconf 94' lang='lat' dir='ltr'><strong>in</strong></span> <span class='ocrx_word' id='word_1_635' title='bbox 3128 2456 3229 2512; x_wconf 86' lang='lat' dir='ltr'><strong>qua</strong></span> <span class='ocrx_word' id='word_1_636' title='bbox 3259 2441 3392 2496; x_wconf 88' lang='lat' dir='ltr'><strong>scri-</strong></span> 
     </span>
    </p>
   </div>
   <div class='ocr_carea' id='block_1_85' title="bbox 1800 2532 3393 2612">
    <p class='ocr_par' dir='ltr' id='par_1_85' title="bbox 1800 2532 3393 2612">
     <span class='ocr_line' id='line_1_87' title="bbox 1800 2532 3393 2612; baseline 0 -24"><span class='ocrx_word' id='word_1_637' title='bbox 1800 2542 1949 2604; x_wconf 88' lang='lat' dir='ltr'><strong>ptum</strong></span> <span class='ocrx_word' id='word_1_638' title='bbox 1975 2545 2134 2600; x_wconf 85' lang='lat' dir='ltr'><strong>esset,</strong></span> <span class='ocrx_word' id='word_1_639' title='bbox 2170 2533 2355 2612; x_wconf 81' lang='lat' dir='ltr'><strong>Ignoto</strong></span> <span class='ocrx_word' id='word_1_640' title='bbox 2383 2533 2490 2588; x_wconf 88' lang='lat' dir='ltr'><strong>Deo</strong></span> <span class='ocrx_word' id='word_1_641' title='bbox 2510 2551 2530 2598; x_wconf 89' lang='lat'><strong>;</strong></span> <span class='ocrx_word' id='word_1_642' title='bbox 2551 2549 2726 2604; x_wconf 89' lang='lat' dir='ltr'><strong>neque</strong></span> <span class='ocrx_word' id='word_1_643' title='bbox 2757 2534 2858 2589; x_wconf 92' lang='lat' dir='ltr'><strong>hoc</strong></span> <span class='ocrx_word' id='word_1_644' title='bbox 2882 2533 3125 2605; x_wconf 89' lang='lat' dir='ltr'><strong>negando</strong></span> <span class='ocrx_word' id='word_1_645' title='bbox 3157 2542 3210 2592; x_wconf 88' lang='lat' dir='ltr'><strong>et</strong></span> <span class='ocrx_word' id='word_1_646' title='bbox 3232 2532 3393 2591; x_wconf 80' lang='lat' dir='ltr'><strong>refel-</strong></span> 
     </span>
    </p>
   </div>
   <div class='ocr_carea' id='block_1_86' title="bbox 1800 2624 3392 2697">
    <p class='ocr_par' dir='ltr' id='par_1_86' title="bbox 1800 2624 3392 2697">
     <span class='ocr_line' id='line_1_88' title="bbox 1800 2624 3392 2697; baseline 0.002 -18"><span class='ocrx_word' id='word_1_647' title='bbox 1800 2624 1960 2679; x_wconf 88' lang='lat' dir='ltr'><strong>lendo</strong></span> <span class='ocrx_word' id='word_1_648' title='bbox 1988 2626 2330 2693; x_wconf 88' lang='lat' dir='ltr'><strong>destruxerit,</strong></span> <span class='ocrx_word' id='word_1_649' title='bbox 2373 2625 2466 2682; x_wconf 90' lang='lat' dir='ltr'><strong>sed</strong></span> <span class='ocrx_word' id='word_1_650' title='bbox 2495 2626 2669 2697; x_wconf 90' lang='lat' dir='ltr'><strong>potius</strong></span> <span class='ocrx_word' id='word_1_651' title='bbox 2696 2626 3062 2684; x_wconf 81' lang='lat' dir='ltr'><strong>conﬁrmando</strong></span> <span class='ocrx_word' id='word_1_652' title='bbox 3085 2627 3208 2682; x_wconf 89' lang='lat' dir='ltr'><strong>hinc</strong></span> <span class='ocrx_word' id='word_1_653' title='bbox 3231 2627 3392 2696; x_wconf 86' lang='lat' dir='ltr'><strong>etiam</strong></span> 
     </span>
    </p>
   </div>
   <div class='ocr_carea' id='block_1_87' title="bbox 1799 2699 3392 2788">
    <p class='ocr_par' dir='ltr' id='par_1_87' title="bbox 1799 2699 3392 2788">
     <span class='ocr_line' id='line_1_89' title="bbox 1799 2699 3392 2788; baseline 0 -16"><span class='ocrx_word' id='word_1_654' title='bbox 1799 2717 2062 2788; x_wconf 88' lang='lat' dir='ltr'><strong>repererit</strong></span> <span class='ocrx_word' id='word_1_655' title='bbox 2102 2717 2608 2788; x_wconf 90' lang='lat' dir='ltr'><strong>opportunissimum</strong></span> <span class='ocrx_word' id='word_1_656' title='bbox 2651 2732 2760 2780; x_wconf 69' lang='lat' dir='ltr'><strong>sum</strong></span> <span class='ocrx_word' id='word_1_657' title='bbox 2808 2716 3185 2788; x_wconf 88' lang='lat' dir='ltr'><strong>disputationis</strong></span> <span class='ocrx_word' id='word_1_658' title='bbox 3233 2699 3392 2774; x_wconf 83' lang='lat' dir='ltr'><strong>exor-</strong></span> 
     </span>
    </p>
   </div>
   <div class='ocr_carea' id='block_1_88' title="bbox 1799 2808 3408 2883">
    <p class='ocr_par' dir='ltr' id='par_1_88' title="bbox 1799 2808 3408 2883">
     <span class='ocr_line' id='line_1_90' title="bbox 1799 2808 3408 2883; baseline 0.001 -19"><span class='ocrx_word' id='word_1_659' title='bbox 1799 2809 1943 2864; x_wconf 88' lang='lat' dir='ltr'><strong>dium</strong></span> <span class='ocrx_word' id='word_1_660' title='bbox 1965 2809 2168 2877; x_wconf 87' lang='lat' dir='ltr'><strong>dicens,</strong></span> <span class='ocrx_word' id='word_1_661' title='bbox 2193 2808 2353 2875; x_wconf 83' lang='lat' dir='ltr'><strong>Quem</strong></span> <span class='ocrx_word' id='word_1_662' title='bbox 2380 2826 2466 2865; x_wconf 90' lang='lat' dir='ltr'><strong>vos</strong></span> <span class='ocrx_word' id='word_1_663' title='bbox 2490 2810 2779 2882; x_wconf 82' lang='lat' dir='ltr'><strong>ignorantes</strong></span> <span class='ocrx_word' id='word_1_664' title='bbox 2799 2809 2983 2876; x_wconf 85' lang='lat' dir='ltr'><strong>colitis,</strong></span> <span class='ocrx_word' id='word_1_665' title='bbox 3011 2809 3144 2864; x_wconf 85' lang='lat' dir='ltr'><strong>hunc</strong></span> <span class='ocrx_word' id='word_1_666' title='bbox 3172 2826 3267 2883; x_wconf 88' lang='lat' dir='ltr'><strong>ego</strong></span> <span class='ocrx_word' id='word_1_667' title='bbox 3295 2813 3408 2865; x_wconf 77' lang='lat' dir='ltr'><strong>an~&#39;</strong></span> 
     </span>
    </p>
   </div>
   <div class='ocr_carea' id='block_1_89' title="bbox 1799 2899 2623 2972">
    <p class='ocr_par' dir='ltr' id='par_1_89' title="bbox 1799 2899 2623 2972">
     <span class='ocr_line' id='line_1_91' title="bbox 1799 2899 2623 2972; baseline -0.001 -17"><span class='ocrx_word' id='word_1_668' title='bbox 1799 2900 1978 2956; x_wconf 88' lang='lat' dir='ltr'><strong>nuntio</strong></span> <span class='ocrx_word' id='word_1_669' title='bbox 2003 2899 2140 2956; x_wconf 86' lang='lat' dir='ltr'><strong>vobis</strong></span> <span class='ocrx_word' id='word_1_670' title='bbox 2178 2899 2309 2972; x_wconf 85' lang='lat' dir='ltr'><strong>(Act.</strong></span> <span class='ocrx_word' id='word_1_671' title='bbox 2343 2916 2478 2965; x_wconf 82' lang='lat' dir='ltr'><strong>xvu,</strong></span> <span class='ocrx_word' id='word_1_672' title='bbox 2504 2899 2623 2972; x_wconf 63' lang='grc' dir='ltr'><strong>εδ).</strong></span> 
     </span>
    </p>
   </div>
   <div class='ocr_carea' id='block_1_90' title="bbox 1870 3014 3386 3088">
    <p class='ocr_par' dir='ltr' id='par_1_90' title="bbox 1870 3014 3386 3088">
     <span class='ocr_line' id='line_1_92' title="bbox 1870 3014 3386 3088; baseline 0.001 -16"><span class='ocrx_word' id='word_1_673' title='bbox 1870 3014 2096 3072; x_wconf 86' lang='lat' dir='ltr'><strong>CAPUT</strong></span> <span class='ocrx_word' id='word_1_674' title='bbox 2144 3014 2208 3071; x_wconf 78' lang='grc' dir='ltr'><strong>ν.</strong></span> <span class='ocrx_word' id='word_1_675' title='bbox 2237 3045 2310 3056; x_wconf 91' lang='grc'><strong>--</strong></span> <span class='ocrx_word' id='word_1_676' title='bbox 2336 3016 2387 3070; x_wconf 91' lang='grc'><strong>7.</strong></span> <span class='ocrx_word' id='word_1_677' title='bbox 2433 3015 2580 3070; x_wconf 83' lang='lat' dir='ltr'><strong>Hanc</strong></span> <span class='ocrx_word' id='word_1_678' title='bbox 2604 3015 2782 3086; x_wconf 86' lang='lat' dir='ltr'><strong>itaque</strong></span> <span class='ocrx_word' id='word_1_679' title='bbox 2823 3022 2878 3070; x_wconf 91' lang='lat' dir='ltr'><strong>et</strong></span> <span class='ocrx_word' id='word_1_680' title='bbox 2900 3029 3001 3071; x_wconf 89' lang='lat' dir='ltr'><strong>nos</strong></span> <span class='ocrx_word' id='word_1_681' title='bbox 3030 3030 3125 3086; x_wconf 87' lang='lat' dir='ltr'><strong>per</strong></span> <span class='ocrx_word' id='word_1_682' title='bbox 3151 3016 3386 3088; x_wconf 86' lang='lat' dir='ltr'><strong>majores</strong></span> 
     </span>
    </p>
   </div>
   <div class='ocr_carea' id='block_1_91' title="bbox 1805 3098 3392 3181">
    <p class='ocr_par' dir='ltr' id='par_1_91' title="bbox 1805 3098 3392 3181">
     <span class='ocr_line' id='line_1_93' title="bbox 1805 3098 3392 3181; baseline 0 -16"><span class='ocrx_word' id='word_1_683' title='bbox 1805 3116 2020 3165; x_wconf 89' lang='lat' dir='ltr'><strong>nostros</strong></span> <span class='ocrx_word' id='word_1_684' title='bbox 2050 3108 2297 3164; x_wconf 88' lang='lat' dir='ltr'><strong>traditam</strong></span> <span class='ocrx_word' id='word_1_685' title='bbox 2325 3107 2480 3163; x_wconf 87' lang='lat' dir='ltr'><strong>nobis</strong></span> <span class='ocrx_word' id='word_1_686' title='bbox 2527 3098 2813 3180; x_wconf 80' lang='lat' dir='ltr'><strong>sequentes</strong></span> <span class='ocrx_word' id='word_1_687' title='bbox 2842 3108 3188 3179; x_wconf 89' lang='lat' dir='ltr'><strong>apostolicam</strong></span> <span class='ocrx_word' id='word_1_688' title='bbox 3231 3123 3392 3181; x_wconf 83' lang='lat' dir='ltr'><strong>regu-</strong></span> 
     </span>
    </p>
   </div>
   <div class='ocr_carea' id='block_1_92' title="bbox 1800 3199 3391 3272">
    <p class='ocr_par' dir='ltr' id='par_1_92' title="bbox 1800 3199 3391 3272">
     <span class='ocr_line' id='line_1_94' title="bbox 1800 3199 3391 3272; baseline 0.001 -16"><span class='ocrx_word' id='word_1_689' title='bbox 1800 3200 1928 3268; x_wconf 88' lang='lat' dir='ltr'><strong>lam,</strong></span> <span class='ocrx_word' id='word_1_690' title='bbox 1975 3200 2172 3272; x_wconf 86' lang='lat' dir='ltr'><strong>siquid</strong></span> <span class='ocrx_word' id='word_1_691' title='bbox 2208 3200 2339 3255; x_wconf 91' lang='lat' dir='ltr'><strong>recti</strong></span> <span class='ocrx_word' id='word_1_692' title='bbox 2368 3201 2533 3256; x_wconf 89' lang='lat' dir='ltr'><strong>etiam</strong></span> <span class='ocrx_word' id='word_1_693' title='bbox 2561 3201 2625 3255; x_wconf 71' lang='lat' dir='ltr'><strong>in</strong></span> <span class='ocrx_word' id='word_1_694' title='bbox 2674 3199 2940 3271; x_wconf 90' lang='lat' dir='ltr'><strong>perversis</strong></span> <span class='ocrx_word' id='word_1_695' title='bbox 2983 3200 3345 3257; x_wconf 84' lang='lat' dir='ltr'><strong>invenerimits</strong></span> <span class='ocrx_word' id='word_1_696' title='bbox 3370 3242 3391 3270; x_wconf 88' lang='lat'><strong>,</strong></span> 
     </span>
    </p>
   </div>
   <div class='ocr_carea' id='block_1_93' title="bbox 1800 3285 3396 3363">
    <p class='ocr_par' dir='ltr' id='par_1_93' title="bbox 1800 3285 3396 3363">
     <span class='ocr_line' id='line_1_95' title="bbox 1800 3285 3396 3363; baseline 0.001 -15"><span class='ocrx_word' id='word_1_697' title='bbox 1800 3307 1982 3348; x_wconf 89' lang='lat' dir='ltr'><strong>eorum</strong></span> <span class='ocrx_word' id='word_1_698' title='bbox 2015 3293 2362 3363; x_wconf 85' lang='lat' dir='ltr'><strong>perversitate</strong></span> <span class='ocrx_word' id='word_1_699' title='bbox 2405 3285 2825 3357; x_wconf 73' lang='lat' dir='ltr'><strong>correcta,‘illud</strong></span> <span class='ocrx_word' id='word_1_700' title='bbox 2873 3291 3017 3362; x_wconf 92' lang='lat' dir='ltr'><strong>quod</strong></span> <span class='ocrx_word' id='word_1_701' title='bbox 3062 3300 3268 3348; x_wconf 89' lang='lat' dir='ltr'><strong>rectum</strong></span> <span class='ocrx_word' id='word_1_702' title='bbox 3301 3285 3396 3350; x_wconf 65' lang='lat' dir='ltr'><strong>‘est</strong></span> 
     </span>
    </p>
   </div>
   <div class='ocr_carea' id='block_1_94' title="bbox 1800 3377 3393 3456">
    <p class='ocr_par' dir='ltr' id='par_1_94' title="bbox 1800 3377 3393 3456">
     <span class='ocr_line' id='line_1_96' title="bbox 1800 3377 3393 3456; baseline 0.001 -15"><span class='ocrx_word' id='word_1_703' title='bbox 1800 3386 2019 3441; x_wconf 91' lang='lat' dir='ltr'><strong>minime</strong></span> <span class='ocrx_word' id='word_1_704' title='bbox 2046 3386 2306 3441; x_wconf 89' lang='lat' dir='ltr'><strong>violamus</strong></span> <span class='ocrx_word' id='word_1_705' title='bbox 2338 3404 2352 3440; x_wconf 90' lang='lat'><strong>:</strong></span> <span class='ocrx_word' id='word_1_706' title='bbox 2380 3392 2438 3440; x_wconf 91' lang='lat' dir='ltr'><strong>ut</strong></span> <span class='ocrx_word' id='word_1_707' title='bbox 2465 3385 2652 3440; x_wconf 82' lang='lat' dir='ltr'><strong>inuno</strong></span> <span class='ocrx_word' id='word_1_708' title='bbox 2681 3384 2915 3452; x_wconf 90' lang='lat' dir='ltr'><strong>homine,</strong></span> <span class='ocrx_word' id='word_1_709' title='bbox 2944 3400 3011 3441; x_wconf 81' lang='lat' dir='ltr'><strong>ex</strong></span> <span class='ocrx_word' id='word_1_710' title='bbox 3039 3385 3105 3440; x_wconf 87' lang='lat' dir='ltr'><strong>iis</strong></span> <span class='ocrx_word' id='word_1_711' title='bbox 3122 3377 3241 3456; x_wconf 58' lang='lat' dir='ltr'><strong>qna:</strong></span> <span class='ocrx_word' id='word_1_712' title='bbox 3259 3396 3393 3442; x_wconf 82' lang='lat' dir='ltr'><strong>vera</strong></span> 
     </span>
    </p>
   </div>
   <div class='ocr_carea' id='block_1_95' title="bbox 1804 3465 3390 3545">
    <p class='ocr_par' dir='ltr' id='par_1_95' title="bbox 1804 3465 3390 3545">
     <span class='ocr_line' id='line_1_97' title="bbox 1804 3465 3390 3545; baseline 0.001 -10"><span class='ocrx_word' id='word_1_713' title='bbox 1804 3488 1948 3535; x_wconf 88' lang='lat' dir='ltr'><strong>tenet</strong></span> <span class='ocrx_word' id='word_1_714' title='bbox 1975 3481 2134 3536; x_wconf 91' lang='lat' dir='ltr'><strong>etiam</strong></span> <span class='ocrx_word' id='word_1_715' title='bbox 2162 3477 2290 3536; x_wconf 79' lang='lat' dir='ltr'><strong>falsa</strong></span> <span class='ocrx_word' id='word_1_716' title='bbox 2320 3465 2688 3545; x_wconf 71' lang='lat' dir='ltr'><strong>emendentur,</strong></span> <span class='ocrx_word' id='word_1_717' title='bbox 2722 3466 2830 3534; x_wconf 83' lang='lat' dir='ltr'><strong>non</strong></span> <span class='ocrx_word' id='word_1_718' title='bbox 2859 3493 2925 3534; x_wconf 83' lang='lat' dir='ltr'><strong>ex</strong></span> <span class='ocrx_word' id='word_1_719' title='bbox 2954 3478 3102 3535; x_wconf 83' lang='lat' dir='ltr'><strong>falsis</strong></span> <span class='ocrx_word' id='word_1_720' title='bbox 3128 3479 3390 3536; x_wconf 84' lang='lat' dir='ltr'><strong>convictis</strong></span> 
     </span>
    </p>
   </div>
   <div class='ocr_carea' id='block_1_96' title="bbox 1801 3559 3389 3643">
    <p class='ocr_par' dir='ltr' id='par_1_96' title="bbox 1801 3559 3389 3643">
     <span class='ocr_line' id='line_1_98' title="bbox 1801 3559 3389 3643; baseline 0.001 -16"><span class='ocrx_word' id='word_1_721' title='bbox 1801 3571 1960 3627; x_wconf 92' lang='lat' dir='ltr'><strong>etiam</strong></span> <span class='ocrx_word' id='word_1_722' title='bbox 2009 3587 2137 3627; x_wconf 89' lang='lat' dir='ltr'><strong>vera</strong></span> <span class='ocrx_word' id='word_1_723' title='bbox 2186 3570 2547 3627; x_wconf 85' lang='lat' dir='ltr'><strong>destruantur.</strong></span> <span class='ocrx_word' id='word_1_724' title='bbox 2607 3571 2960 3642; x_wconf 87' lang='lat' dir='ltr'><strong>Temporibus</strong></span> <span class='ocrx_word' id='word_1_725' title='bbox 3005 3559 3389 3643; x_wconf 82' lang='lat' dir='ltr'><strong>ApostolOrum</strong></span> 
     </span>
    </p>
   </div>
   <div class='ocr_carea' id='block_1_97' title="bbox 1801 3649 3387 3736">
    <p class='ocr_par' dir='ltr' id='par_1_97' title="bbox 1801 3649 3387 3736">
     <span class='ocr_line' id='line_1_99' title="bbox 1801 3649 3387 3736; baseline 0.001 -18"><span class='ocrx_word' id='word_1_726' title='bbox 1801 3665 1889 3734; x_wconf 89' lang='lat' dir='ltr'><strong>qui</strong></span> <span class='ocrx_word' id='word_1_727' title='bbox 1907 3653 2173 3730; x_wconf 81' lang='lat' dir='ltr'><strong>dicebant,</strong></span> <span class='ocrx_word' id='word_1_728' title='bbox 2195 3663 2303 3735; x_wconf 87' lang='lat' dir='ltr'><strong>Ego</strong></span> <span class='ocrx_word' id='word_1_729' title='bbox 2326 3662 2525 3735; x_wconf 88' lang='lat' dir='ltr'><strong>quidem</strong></span> <span class='ocrx_word' id='word_1_730' title='bbox 2546 3679 2657 3717; x_wconf 89' lang='lat' dir='ltr'><strong>sum</strong></span> <span class='ocrx_word' id='word_1_731' title='bbox 2680 3649 2853 3730; x_wconf 71' lang='lat' dir='ltr'><strong>Pauli,</strong></span> <span class='ocrx_word' id='word_1_732' title='bbox 2874 3679 2965 3735; x_wconf 86' lang='lat' dir='ltr'><strong>ego</strong></span> <span class='ocrx_word' id='word_1_733' title='bbox 2991 3671 3159 3718; x_wconf 89' lang='lat' dir='ltr'><strong>autem</strong></span> <span class='ocrx_word' id='word_1_734' title='bbox 3179 3653 3387 3736; x_wconf 79' lang='lat' dir='ltr'><strong>Apollo,</strong></span> 
     </span>
    </p>
   </div>
   <div class='ocr_carea' id='block_1_98' title="bbox 1802 3742 3388 3828">
    <p class='ocr_par' dir='ltr' id='par_1_98' title="bbox 1802 3742 3388 3828">
     <span class='ocr_line' id='line_1_100' title="bbox 1802 3742 3388 3828; baseline 0.001 -16"><span class='ocrx_word' id='word_1_735' title='bbox 1802 3765 1891 3828; x_wconf 83' lang='lat' dir='ltr'><strong>ego</strong></span> <span class='ocrx_word' id='word_1_736' title='bbox 1931 3755 2310 3826; x_wconf 78' lang='lat' dir='ltr'><strong>autem&#39;Cepha:</strong></span> <span class='ocrx_word' id='word_1_737' title='bbox 2337 3772 2356 3811; x_wconf 92' lang='lat'><strong><em>:</em></strong></span> <span class='ocrx_word' id='word_1_738' title='bbox 2380 3744 2628 3826; x_wconf 81' lang='lat' dir='ltr'><strong>quamvis</strong></span> <span class='ocrx_word' id='word_1_739' title='bbox 2671 3742 2775 3810; x_wconf 77' lang='lat' dir='ltr'><strong>nan</strong></span> <span class='ocrx_word' id='word_1_740' title='bbox 2823 3764 2923 3827; x_wconf 85' lang='lat' dir='ltr'><strong>per</strong></span> <span class='ocrx_word' id='word_1_741' title='bbox 2950 3755 3257 3826; x_wconf 84' lang='lat' dir='ltr'><strong>impiorum,</strong></span> <span class='ocrx_word' id='word_1_742' title='bbox 3291 3745 3388 3813; x_wconf 81' lang='lat' dir='ltr'><strong>s&#39;ed</strong></span> 
     </span>
    </p>
   </div>
   <div class='ocr_carea' id='block_1_99' title="bbox 1802 3837 3389 3918">
    <p class='ocr_par' dir='ltr' id='par_1_99' title="bbox 1802 3837 3389 3918">
     <span class='ocr_line' id='line_1_101' title="bbox 1802 3837 3389 3918; baseline 0 -14"><span class='ocrx_word' id='word_1_743' title='bbox 1802 3837 2104 3904; x_wconf 83' lang='lat' dir='ltr'><strong>sanctorum</strong></span> <span class='ocrx_word' id='word_1_744' title='bbox 2132 3846 2368 3914; x_wconf 87' lang='lat' dir='ltr'><strong>nomina,</strong></span> <span class='ocrx_word' id='word_1_745' title='bbox 2394 3837 2495 3918; x_wconf 83' lang='lat' dir='ltr'><strong>ipsi</strong></span> <span class='ocrx_word' id='word_1_746' title='bbox 2523 3855 2699 3903; x_wconf 88' lang='lat' dir='ltr'><strong>tamen</strong></span> <span class='ocrx_word' id='word_1_747' title='bbox 2727 3847 2888 3918; x_wconf 88' lang='lat' dir='ltr'><strong>impia</strong></span> <span class='ocrx_word' id='word_1_748' title='bbox 2918 3845 3206 3903; x_wconf 84' lang='lat' dir='ltr'><strong>schismata</strong></span> <span class='ocrx_word' id='word_1_749' title='bbox 3229 3841 3389 3904; x_wconf 81' lang='lat' dir='ltr'><strong>facie-</strong></span> 
     </span>
    </p>
   </div>
   <div class='ocr_carea' id='block_1_100' title="bbox 1800 3929 3410 4017">
    <p class='ocr_par' dir='ltr' id='par_1_100' title="bbox 1800 3929 3410 4017">
     <span class='ocr_line' id='line_1_102' title="bbox 1800 3929 3410 4017; baseline -0.001 -18"><span class='ocrx_word' id='word_1_750' title='bbox 1800 3935 1931 3999; x_wconf 89' lang='lat' dir='ltr'><strong>bant</strong></span> <span class='ocrx_word' id='word_1_751' title='bbox 1953 3959 1968 4010; x_wconf 93' lang='lat'><strong>;</strong></span> <span class='ocrx_word' id='word_1_752' title='bbox 1994 3943 2099 3998; x_wconf 91' lang='lat' dir='ltr'><strong>hoc</strong></span> <span class='ocrx_word' id='word_1_753' title='bbox 2129 3931 2364 4014; x_wconf 83' lang='lat' dir='ltr'><strong>ipsoruni</strong></span> <span class='ocrx_word' id='word_1_754' title='bbox 2394 3949 2511 3997; x_wconf 90' lang='lat' dir='ltr'><strong>erat</strong></span> <span class='ocrx_word' id='word_1_755' title='bbox 2538 3942 2808 4013; x_wconf 66' lang='lat' dir='ltr'><strong>pr’oiirium</strong></span> <span class='ocrx_word' id='word_1_756' title='bbox 2839 3929 3156 3997; x_wconf 83' lang='lat' dir='ltr'><strong>detestabile</strong></span> <span class='ocrx_word' id='word_1_757' title='bbox 3181 3931 3410 4017; x_wconf 24' lang='lat' dir='ltr'><strong>vitiumﬁ</strong></span> 
     </span>
    </p>
   </div>
   <div class='ocr_carea' id='block_1_101' title="bbox 1800 4021 3409 4103">
    <p class='ocr_par' dir='ltr' id='par_1_101' title="bbox 1800 4021 3409 4103">
     <span class='ocr_line' id='line_1_103' title="bbox 1800 4021 3409 4103; baseline -0.001 -16"><span class='ocrx_word' id='word_1_758' title='bbox 1800 4034 1953 4101; x_wconf 89' lang='lat' dir='ltr'><strong>Quod</strong></span> <span class='ocrx_word' id='word_1_759' title='bbox 1978 4021 2104 4089; x_wconf 79' lang='lat' dir='ltr'><strong>vero</strong></span> <span class='ocrx_word' id='word_1_760' title='bbox 2135 4033 2374 4089; x_wconf 87' lang='lat' dir='ltr'><strong>sciebant</strong></span> <span class='ocrx_word' id='word_1_761' title='bbox 2402 4031 2680 4088; x_wconf 77' lang='lat' dir='ltr'><strong>Christum</strong></span> <span class='ocrx_word' id='word_1_762' title='bbox 2697 4047 2796 4103; x_wconf 89' lang='lat' dir='ltr'><strong>pro</strong></span> <span class='ocrx_word' id='word_1_763' title='bbox 2823 4046 2881 4087; x_wconf 92' lang='lat' dir='ltr'><strong>se</strong></span> <span class='ocrx_word' id='word_1_764' title='bbox 2909 4047 3029 4086; x_wconf 90' lang='lat' dir='ltr'><strong>esse</strong></span> <span class='ocrx_word' id='word_1_765' title='bbox 3053 4023 3409 4099; x_wconf 71' lang='lat' dir='ltr'><strong>erhcilixum,‘</strong></span> 
     </span>
    </p>
   </div>
   <div class='ocr_carea' id='block_1_102' title="bbox 1801 4110 3410 4195">
    <p class='ocr_par' dir='ltr' id='par_1_102' title="bbox 1801 4110 3410 4195">
     <span class='ocr_line' id='line_1_104' title="bbox 1801 4110 3410 4195; baseline -0.003 -14"><span class='ocrx_word' id='word_1_766' title='bbox 1801 4135 1854 4181; x_wconf 91' lang='lat' dir='ltr'><strong>et</strong></span> <span class='ocrx_word' id='word_1_767' title='bbox 1881 4141 1939 4181; x_wconf 93' lang='lat' dir='ltr'><strong>se</strong></span> <span class='ocrx_word' id='word_1_768' title='bbox 1965 4126 2018 4180; x_wconf 91' lang='lat' dir='ltr'><strong>in</strong></span> <span class='ocrx_word' id='word_1_769' title='bbox 2044 4125 2161 4195; x_wconf 86' lang='lat' dir='ltr'><strong>ejus</strong></span> <span class='ocrx_word' id='word_1_770' title='bbox 2186 4125 2399 4179; x_wconf 91' lang='lat' dir='ltr'><strong>nomine</strong></span> <span class='ocrx_word' id='word_1_771' title='bbox 2427 4110 2743 4192; x_wconf 79' lang='lat' dir='ltr'><strong>baptizatos,</strong></span> <span class='ocrx_word' id='word_1_772' title='bbox 2777 4136 2883 4175; x_wconf 91' lang='lat' dir='ltr'><strong>non</strong></span> <span class='ocrx_word' id='word_1_773' title='bbox 2924 4122 3122 4176; x_wconf 90' lang='lat' dir='ltr'><strong>erroris</strong></span> <span class='ocrx_word' id='word_1_774' title='bbox 3149 4119 3338 4176; x_wconf 74' lang='lat' dir='ltr'><strong>earum</strong></span> <span class='ocrx_word' id='word_1_775' title='bbox 3365 4137 3410 4190; x_wconf 64' lang='grc' dir='ltr'><strong>,λ</strong></span> 
     </span>
    </p>
   </div>
   <div class='ocr_carea' id='block_1_103' title="bbox 1799 4209 3391 4284">
    <p class='ocr_par' dir='ltr' id='par_1_103' title="bbox 1799 4209 3391 4284">
     <span class='ocr_line' id='line_1_105' title="bbox 1799 4209 3391 4284; baseline -0.004 -13"><span class='ocrx_word' id='word_1_776' title='bbox 1799 4217 1892 4271; x_wconf 86' lang='lat' dir='ltr'><strong>sed</strong></span> <span class='ocrx_word' id='word_1_777' title='bbox 1923 4215 2084 4270; x_wconf 88' lang='lat' dir='ltr'><strong>divini</strong></span> <span class='ocrx_word' id='word_1_778' title='bbox 2116 4214 2254 4284; x_wconf 85' lang='lat' dir='ltr'><strong>apud</strong></span> <span class='ocrx_word' id='word_1_779' title='bbox 2283 4229 2376 4268; x_wconf 91' lang='lat' dir='ltr'><strong>eos</strong></span> <span class='ocrx_word' id='word_1_780' title='bbox 2417 4214 2652 4268; x_wconf 85' lang='lat' dir='ltr'><strong>muneris</strong></span> <span class='ocrx_word' id='word_1_781' title='bbox 2680 4217 2830 4267; x_wconf 80' lang='lat' dir='ltr'><strong>erat.</strong></span> <span class='ocrx_word' id='word_1_782' title='bbox 2865 4209 3013 4266; x_wconf 84' lang='lat' dir='ltr'><strong>Hanc</strong></span> <span class='ocrx_word' id='word_1_783' title='bbox 3057 4211 3155 4266; x_wconf 91' lang='lat' dir='ltr'><strong>Dei</strong></span> <span class='ocrx_word' id='word_1_784' title='bbox 3183 4209 3391 4267; x_wconf 86' lang='lat' dir='ltr'><strong>verita-</strong></span> 
     </span>
    </p>
   </div>
   <div class='ocr_carea' id='block_1_104' title="bbox 1802 4297 3384 4376">
    <p class='ocr_par' dir='ltr' id='par_1_104' title="bbox 1802 4297 3384 4376">
     <span class='ocr_line' id='line_1_106' title="bbox 1802 4297 3384 4376; baseline -0.004 -14"><span class='ocrx_word' id='word_1_785' title='bbox 1802 4313 1905 4364; x_wconf 88' lang='lat' dir='ltr'><strong>tem</strong></span> <span class='ocrx_word' id='word_1_786' title='bbox 1957 4307 2009 4361; x_wconf 92' lang='lat' dir='ltr'><strong>in</strong></span> <span class='ocrx_word' id='word_1_787' title='bbox 2063 4297 2342 4376; x_wconf 78' lang='lat' dir='ltr'><strong>iniquitate</strong></span> <span class='ocrx_word' id='word_1_788' title='bbox 2390 4302 3008 4360; x_wconf 81' lang='lat' dir='ltr'><strong>suorum&#39;schismatum</strong></span> <span class='ocrx_word' id='word_1_789' title='bbox 3053 4301 3384 4356; x_wconf 87' lang='lat' dir='ltr'><strong>detinebant.</strong></span> 
     </span>
    </p>
   </div>
   <div class='ocr_carea' id='block_1_105' title="bbox 1800 4387 3390 4472">
    <p class='ocr_par' dir='ltr' id='par_1_105' title="bbox 1800 4387 3390 4472">
     <span class='ocr_line' id='line_1_107' title="bbox 1800 4387 3390 4472; baseline -0.008 -14"><span class='ocrx_word' id='word_1_790' title='bbox 1800 4387 1948 4458; x_wconf 80' lang='lat' dir='ltr'><strong>lianc</strong></span> <span class='ocrx_word' id='word_1_791' title='bbox 1973 4399 2380 4472; x_wconf 90' lang='lat' dir='ltr'><strong>apprehendens</strong></span> <span class='ocrx_word' id='word_1_792' title='bbox 2413 4397 2757 4453; x_wconf 87' lang='lat' dir='ltr'><strong>beatissimus</strong></span> <span class='ocrx_word' id='word_1_793' title='bbox 2795 4396 3012 4463; x_wconf 86' lang='lat' dir='ltr'><strong>Paulus,</strong></span> <span class='ocrx_word' id='word_1_794' title='bbox 3045 4409 3150 4449; x_wconf 90' lang='lat' dir='ltr'><strong>non</strong></span> <span class='ocrx_word' id='word_1_795' title='bbox 3182 4409 3278 4463; x_wconf 90' lang='lat' dir='ltr'><strong>per</strong></span> <span class='ocrx_word' id='word_1_796' title='bbox 3303 4393 3390 4447; x_wconf 88' lang='lat' dir='ltr'><strong>illa</strong></span> 
     </span>
    </p>
   </div>
   <div class='ocr_carea' id='block_1_106' title="bbox 1797 4486 3393 4558">
    <p class='ocr_par' dir='ltr' id='par_1_106' title="bbox 1797 4486 3393 4558">
     <span class='ocr_line' id='line_1_108' title="bbox 1797 4486 3393 4558; baseline -0.008 -4"><span class='ocrx_word' id='word_1_797' title='bbox 1797 4499 1923 4554; x_wconf 84' lang='lat' dir='ltr'><strong>vitia</strong></span> <span class='ocrx_word' id='word_1_798' title='bbox 1952 4496 2222 4553; x_wconf 78' lang='lat' dir='ltr'><strong>destructa</strong></span> <span class='ocrx_word' id='word_1_799' title='bbox 2269 4493 2430 4550; x_wconf 89' lang='lat' dir='ltr'><strong>etiam</strong></span> <span class='ocrx_word' id='word_1_800' title='bbox 2480 4492 2633 4546; x_wconf 90' lang='lat' dir='ltr'><strong>istam</strong></span> <span class='ocrx_word' id='word_1_801' title='bbox 2680 4490 2924 4557; x_wconf 88' lang='lat' dir='ltr'><strong>destruit,</strong></span> <span class='ocrx_word' id='word_1_802' title='bbox 2972 4487 3067 4543; x_wconf 86' lang='lat' dir='ltr'><strong>sed</strong></span> <span class='ocrx_word' id='word_1_803' title='bbox 3115 4503 3209 4558; x_wconf 85' lang='lat' dir='ltr'><strong>per</strong></span> <span class='ocrx_word' id='word_1_804' title='bbox 3254 4486 3393 4542; x_wconf 90' lang='lat' dir='ltr'><strong>hanc</strong></span> 
     </span>
    </p>
   </div>
   <div class='ocr_carea' id='block_1_107' title="bbox 1797 4577 3391 4648">
    <p class='ocr_par' dir='ltr' id='par_1_107' title="bbox 1797 4577 3391 4648">
     <span class='ocr_line' id='line_1_109' title="bbox 1797 4577 3391 4648; baseline -0.009 -2"><span class='ocrx_word' id='word_1_805' title='bbox 1797 4589 2169 4646; x_wconf 86' lang='lat' dir='ltr'><strong>conﬁrmatam</strong></span> <span class='ocrx_word' id='word_1_806' title='bbox 2232 4585 2325 4642; x_wconf 91' lang='lat' dir='ltr'><strong>illa</strong></span> <span class='ocrx_word' id='word_1_807' title='bbox 2385 4583 2716 4640; x_wconf 88' lang='lat' dir='ltr'><strong>emendanda</strong></span> <span class='ocrx_word' id='word_1_808' title='bbox 2779 4581 3068 4636; x_wconf 92' lang='lat' dir='ltr'><strong>convincit.</strong></span> <span class='ocrx_word' id='word_1_809' title='bbox 3122 4577 3391 4648; x_wconf 80' lang='lat' dir='ltr'><strong>Numquid</strong></span> 
     </span>
    </p>
   </div>
   <div class='ocr_carea' id='block_1_108' title="bbox 1798 4664 3392 4753">
    <p class='ocr_par' dir='ltr' id='par_1_108' title="bbox 1798 4664 3392 4753">
     <span class='ocr_line' id='line_1_110' title="bbox 1798 4664 3392 4753; baseline -0.009 -15"><span class='ocrx_word' id='word_1_810' title='bbox 1798 4682 1998 4738; x_wconf 88' lang='lat' dir='ltr'><strong>Paulus</strong></span> <span class='ocrx_word' id='word_1_811' title='bbox 2025 4697 2116 4753; x_wconf 87' lang='lat' dir='ltr'><strong>pro</strong></span> <span class='ocrx_word' id='word_1_812' title='bbox 2133 4667 2299 4745; x_wconf 82' lang='lat' dir='ltr'><strong>vobis,</strong></span> <span class='ocrx_word' id='word_1_813' title='bbox 2329 4665 2520 4749; x_wconf 75' lang='lat' dir='ltr'><strong>inquit,</strong></span> <span class='ocrx_word' id='word_1_814' title='bbox 2552 4664 2825 4745; x_wconf 66' lang='lat' dir='ltr'><strong>eruiti/ixus</strong></span> <span class='ocrx_word' id='word_1_815' title='bbox 2855 4665 2984 4728; x_wconf 58' lang='lat' dir='ltr'><strong>est?</strong></span> <span class='ocrx_word' id='word_1_816' title='bbox 2999 4682 3086 4726; x_wconf 89' lang='lat' dir='ltr'><strong>aut</strong></span> <span class='ocrx_word' id='word_1_817' title='bbox 3108 4667 3160 4726; x_wconf 78' lang='lat' dir='ltr'><strong>in</strong></span> <span class='ocrx_word' id='word_1_818' title='bbox 3189 4673 3392 4726; x_wconf 85' lang='lat' dir='ltr'><strong>nomine</strong></span> 
     </span>
    </p>
   </div>
   <div class='ocr_carea' id='block_1_109' title="bbox 1799 4764 3391 4848">
    <p class='ocr_par' dir='ltr' id='par_1_109' title="bbox 1799 4764 3391 4848">
     <span class='ocr_line' id='line_1_111' title="bbox 1799 4764 3391 4848; baseline -0.009 -16"><span class='ocrx_word' id='word_1_819' title='bbox 1799 4775 1955 4833; x_wconf 88' lang='lat' dir='ltr'><strong>Pauli</strong></span> <span class='ocrx_word' id='word_1_820' title='bbox 1980 4771 2223 4848; x_wconf 82' lang='lat' dir='ltr'><strong>baptizati</strong></span> <span class='ocrx_word' id='word_1_821' title='bbox 2242 4773 2359 4827; x_wconf 83' lang='lat' dir='ltr'><strong>estis</strong></span> <span class='ocrx_word' id='word_1_822' title='bbox 2384 4770 2440 4843; x_wconf 91' lang='lat' dir='ltr'><strong>(l</strong></span> <span class='ocrx_word' id='word_1_823' title='bbox 2464 4770 2582 4826; x_wconf 89' lang='lat' dir='ltr'><strong>Cor.</strong></span> <span class='ocrx_word' id='word_1_824' title='bbox 2615 4785 2653 4836; x_wconf 80' lang='grc' dir='ltr'><strong>ι,</strong></span> <span class='ocrx_word' id='word_1_825' title='bbox 2688 4765 2774 4833; x_wconf 66' lang='grc'><strong>12,</strong></span> <span class='ocrx_word' id='word_1_826' title='bbox 2817 4765 2906 4838; x_wconf 75' lang='grc'><strong>1⁸5)</strong></span> <span class='ocrx_word' id='word_1_827' title='bbox 2931 4765 2956 4820; x_wconf 78' lang='lat' dir='ltr'><strong>‘i</strong></span> <span class='ocrx_word' id='word_1_828' title='bbox 2984 4764 3054 4820; x_wconf 90' lang='lat' dir='ltr'><strong>Ut</strong></span> <span class='ocrx_word' id='word_1_829' title='bbox 3081 4780 3174 4836; x_wconf 91' lang='lat' dir='ltr'><strong>per</strong></span> <span class='ocrx_word' id='word_1_830' title='bbox 3201 4779 3391 4819; x_wconf 91' lang='lat' dir='ltr'><strong>verum</strong></span> 
     </span>
    </p>
   </div>
   <div class='ocr_carea' id='block_1_110' title="bbox 1798 4849 3410 4939">
    <p class='ocr_par' dir='ltr' id='par_1_110' title="bbox 1798 4849 3410 4939">
     <span class='ocr_line' id='line_1_112' title="bbox 1798 4849 3410 4939; baseline -0.01 -14"><span class='ocrx_word' id='word_1_831' title='bbox 1798 4869 1894 4925; x_wconf 90' lang='lat' dir='ltr'><strong>Dei</strong></span> <span class='ocrx_word' id='word_1_832' title='bbox 1935 4867 2076 4939; x_wconf 90' lang='lat' dir='ltr'><strong>quod</strong></span> <span class='ocrx_word' id='word_1_833' title='bbox 2119 4864 2392 4931; x_wconf 90' lang='lat' dir='ltr'><strong>tenebant,</strong></span> <span class='ocrx_word' id='word_1_834' title='bbox 2426 4849 2507 4918; x_wconf 87' lang='lat' dir='ltr'><strong>de</strong></span> <span class='ocrx_word' id='word_1_835' title='bbox 2535 4864 2647 4917; x_wconf 90' lang='lat' dir='ltr'><strong>suo‘</strong></span> <span class='ocrx_word' id='word_1_836' title='bbox 2671 4857 2807 4914; x_wconf 86' lang='lat' dir='ltr'><strong>falso</strong></span> <span class='ocrx_word' id='word_1_837' title='bbox 2836 4856 3219 4913; x_wconf 89' lang='lat' dir='ltr'><strong>erubescerent</strong></span> <span class='ocrx_word' id='word_1_838' title='bbox 3246 4855 3410 4935; x_wconf 28' lang='lat' dir='ltr'><strong>quod.</strong></span> 
     </span>
    </p>
   </div>
   <div class='ocr_carea' id='block_1_111' title="bbox 1797 4941 3410 5036">
    <p class='ocr_par' dir='ltr' id='par_1_111' title="bbox 1797 4941 3410 5036">
     <span class='ocr_line' id='line_1_113' title="bbox 1797 4941 3410 5036; baseline -0.009 -20"><span class='ocrx_word' id='word_1_839' title='bbox 1797 4960 2044 5032; x_wconf 87' lang='lat' dir='ltr'><strong>agebant.</strong></span> <span class='ocrx_word' id='word_1_840' title='bbox 2073 4957 2222 5013; x_wconf 91' lang='lat' dir='ltr'><strong>Sicut</strong></span> <span class='ocrx_word' id='word_1_841' title='bbox 2245 4969 2374 5027; x_wconf 85' lang='lat' dir='ltr'><strong>ergo</strong></span> <span class='ocrx_word' id='word_1_842' title='bbox 2396 4953 2590 5009; x_wconf 90' lang='lat' dir='ltr'><strong>dicitur</strong></span> <span class='ocrx_word' id='word_1_843' title='bbox 2607 4949 2815 5036; x_wconf 72' lang='lat' dir='ltr'><strong>Iudaeo,</strong></span> <span class='ocrx_word' id='word_1_844' title='bbox 2842 4947 2988 5003; x_wconf 90' lang='lat' dir='ltr'><strong>Tene</strong></span> <span class='ocrx_word' id='word_1_845' title='bbox 3015 4947 3174 5003; x_wconf 85' lang='lat' dir='ltr'><strong>ﬁdem</strong></span> <span class='ocrx_word' id='word_1_846' title='bbox 3205 4941 3410 5003; x_wconf 79' lang='lat' dir='ltr'><strong>resur-‘</strong></span> 
     </span>
    </p>
   </div>
   <div class='ocr_carea' id='block_1_112' title="bbox 1798 5039 3388 5113">
    <p class='ocr_par' dir='ltr' id='par_1_112' title="bbox 1798 5039 3388 5113">
     <span class='ocr_line' id='line_1_114' title="bbox 1798 5039 3388 5113; baseline -0.011 -3"><span class='ocrx_word' id='word_1_847' title='bbox 1798 5053 2049 5111; x_wconf 91' lang='lat' dir='ltr'><strong>rcctionis</strong></span> <span class='ocrx_word' id='word_1_848' title='bbox 2093 5058 2446 5113; x_wconf 89' lang='lat' dir='ltr'><strong>mortuorum,</strong></span> <span class='ocrx_word' id='word_1_849' title='bbox 2493 5046 2630 5100; x_wconf 89' lang='lat' dir='ltr'><strong>sicut</strong></span> <span class='ocrx_word' id='word_1_850' title='bbox 2657 5041 2919 5109; x_wconf 88' lang='lat' dir='ltr'><strong>tenebas;</strong></span> <span class='ocrx_word' id='word_1_851' title='bbox 2947 5040 3041 5096; x_wconf 91' lang='lat' dir='ltr'><strong>sed</strong></span> <span class='ocrx_word' id='word_1_852' title='bbox 3071 5040 3232 5096; x_wconf 90' lang='lat' dir='ltr'><strong>crede</strong></span> <span class='ocrx_word' id='word_1_853' title='bbox 3276 5039 3388 5110; x_wconf 91' lang='lat' dir='ltr'><strong>jam</strong></span> 
     </span>
    </p>
   </div>
   <div class='ocr_carea' id='block_1_113' title="bbox 1799 5131 3388 5205">
    <p class='ocr_par' dir='ltr' id='par_1_113' title="bbox 1799 5131 3388 5205">
     <span class='ocr_line' id='line_1_115' title="bbox 1799 5131 3388 5205; baseline -0.011 -2"><span class='ocrx_word' id='word_1_854' title='bbox 1799 5148 2065 5204; x_wconf 87' lang='lat' dir='ltr'><strong>Christum</strong></span> <span class='ocrx_word' id='word_1_855' title='bbox 2089 5140 2442 5200; x_wconf 82' lang='lat' dir='ltr'><strong>resurrexisse</strong></span> <span class='ocrx_word' id='word_1_856' title='bbox 2463 5153 2494 5193; x_wconf 91' lang='lat' dir='ltr'><strong>a</strong></span> <span class='ocrx_word' id='word_1_857' title='bbox 2521 5135 2768 5202; x_wconf 90' lang='lat' dir='ltr'><strong>mortuis,</strong></span> <span class='ocrx_word' id='word_1_858' title='bbox 2791 5133 2932 5205; x_wconf 90' lang='lat' dir='ltr'><strong>quod</strong></span> <span class='ocrx_word' id='word_1_859' title='bbox 2961 5147 3068 5188; x_wconf 91' lang='lat' dir='ltr'><strong>non</strong></span> <span class='ocrx_word' id='word_1_860' title='bbox 3094 5131 3388 5189; x_wconf 88' lang='lat' dir='ltr'><strong>credebas:</strong></span> 
     </span>
    </p>
   </div>
   <div class='ocr_carea' id='block_1_114' title="bbox 1799 5222 3388 5307">
    <p class='ocr_par' dir='ltr' id='par_1_114' title="bbox 1799 5222 3388 5307">
     <span class='ocr_line' id='line_1_116' title="bbox 1799 5222 3388 5307; baseline -0.011 -13"><span class='ocrx_word' id='word_1_861' title='bbox 1799 5240 2074 5294; x_wconf 85' lang='lat' dir='ltr'><strong>veritatem</strong></span> <span class='ocrx_word' id='word_1_862' title='bbox 2101 5234 2296 5307; x_wconf 89' lang='lat' dir='ltr'><strong>quippe</strong></span> <span class='ocrx_word' id='word_1_863' title='bbox 2319 5231 2412 5285; x_wconf 92' lang='lat' dir='ltr'><strong>Dei</strong></span> <span class='ocrx_word' id='word_1_864' title='bbox 2445 5229 2513 5284; x_wconf 93' lang='lat' dir='ltr'><strong>de</strong></span> <span class='ocrx_word' id='word_1_865' title='bbox 2551 5225 2773 5282; x_wconf 91' lang='lat' dir='ltr'><strong>mortuis</strong></span> <span class='ocrx_word' id='word_1_866' title='bbox 2801 5223 3186 5283; x_wconf 90' lang='lat' dir='ltr'><strong>resurrecturis</strong></span> <span class='ocrx_word' id='word_1_867' title='bbox 3219 5222 3271 5277; x_wconf 93' lang='lat' dir='ltr'><strong>in</strong></span> <span class='ocrx_word' id='word_1_868' title='bbox 3301 5231 3388 5276; x_wconf 92' lang='lat' dir='ltr'><strong>tua</strong></span> 
     </span>
    </p>
   </div>
   <div class='ocr_carea' id='block_1_115' title="bbox 1798 5316 3385 5401">
    <p class='ocr_par' dir='ltr' id='par_1_115' title="bbox 1798 5316 3385 5401">
     <span class='ocr_line' id='line_1_117' title="bbox 1798 5316 3385 5401; baseline -0.011 -16"><span class='ocrx_word' id='word_1_869' title='bbox 1798 5330 2073 5401; x_wconf 88' lang='lat' dir='ltr'><strong>iniquitate</strong></span> <span class='ocrx_word' id='word_1_870' title='bbox 2116 5325 2343 5388; x_wconf 85' lang='lat' dir='ltr'><strong>detines,</strong></span> <span class='ocrx_word' id='word_1_871' title='bbox 2385 5321 2509 5394; x_wconf 87' lang='lat' dir='ltr'><strong>quia</strong></span> <span class='ocrx_word' id='word_1_872' title='bbox 2557 5319 2824 5375; x_wconf 90' lang='lat' dir='ltr'><strong>Christum</strong></span> <span class='ocrx_word' id='word_1_873' title='bbox 2869 5316 3232 5372; x_wconf 83' lang='lat' dir='ltr'><strong>resurrexisse</strong></span> <span class='ocrx_word' id='word_1_874' title='bbox 3276 5327 3385 5368; x_wconf 91' lang='lat' dir='ltr'><strong>non</strong></span> 
     </span>
    </p>
   </div>
   <div class='ocr_carea' id='block_1_116' title="bbox 1797 5403 3387 5479">
    <p class='ocr_par' dir='ltr' id='par_1_116' title="bbox 1797 5403 3387 5479">
     <span class='ocr_line' id='line_1_118' title="bbox 1797 5403 3387 5479; baseline -0.011 0"><span class='ocrx_word' id='word_1_875' title='bbox 1797 5423 1991 5479; x_wconf 87' lang='lat' dir='ltr'><strong>credis.</strong></span> <span class='ocrx_word' id='word_1_876' title='bbox 2040 5403 2187 5476; x_wconf 89' lang='lat' dir='ltr'><strong>Sicut</strong></span> <span class='ocrx_word' id='word_1_877' title='bbox 2213 5417 2478 5474; x_wconf 91' lang='lat' dir='ltr'><strong>idolorum</strong></span> <span class='ocrx_word' id='word_1_878' title='bbox 2517 5412 2707 5470; x_wconf 91' lang='lat' dir='ltr'><strong>cultori</strong></span> <span class='ocrx_word' id='word_1_879' title='bbox 2752 5410 2962 5479; x_wconf 91' lang='lat' dir='ltr'><strong>dicitur,</strong></span> <span class='ocrx_word' id='word_1_880' title='bbox 3014 5410 3160 5466; x_wconf 89' lang='lat' dir='ltr'><strong>Tene</strong></span> <span class='ocrx_word' id='word_1_881' title='bbox 3185 5408 3253 5464; x_wconf 89' lang='lat' dir='ltr'><strong>ab</strong></span> <span class='ocrx_word' id='word_1_882' title='bbox 3275 5422 3387 5463; x_wconf 91' lang='lat' dir='ltr'><strong>uno</strong></span> 
     </span>
    </p>
   </div>
   <div class='ocr_carea' id='block_1_117' title="bbox 1801 5499 3384 5574">
    <p class='ocr_par' dir='ltr' id='par_1_117' title="bbox 1801 5499 3384 5574">
     <span class='ocr_line' id='line_1_119' title="bbox 1801 5499 3384 5574; baseline -0.011 -3"><span class='ocrx_word' id='word_1_883' title='bbox 1801 5533 1927 5574; x_wconf 80' lang='lat' dir='ltr'><strong>vero</strong></span> <span class='ocrx_word' id='word_1_884' title='bbox 1966 5515 2078 5572; x_wconf 91' lang='lat' dir='ltr'><strong>Deo</strong></span> <span class='ocrx_word' id='word_1_885' title='bbox 2128 5510 2382 5568; x_wconf 90' lang='lat' dir='ltr'><strong>mundum</strong></span> <span class='ocrx_word' id='word_1_886' title='bbox 2427 5506 2699 5565; x_wconf 88' lang='lat' dir='ltr'><strong>conditum</strong></span> <span class='ocrx_word' id='word_1_887' title='bbox 2744 5518 2884 5572; x_wconf 88' lang='lat' dir='ltr'><strong>esse,</strong></span> <span class='ocrx_word' id='word_1_888' title='bbox 2934 5501 3073 5574; x_wconf 90' lang='lat' dir='ltr'><strong>quod</strong></span> <span class='ocrx_word' id='word_1_889' title='bbox 3125 5499 3384 5566; x_wconf 89' lang='lat' dir='ltr'><strong>tenebas;</strong></span> 
     </span>
    </p>
   </div>
   <div class='ocr_carea' id='block_1_118' title="bbox 1797 5592 3380 5678">
    <p class='ocr_par' dir='ltr' id='par_1_118' title="bbox 1797 5592 3380 5678">
     <span class='ocr_line' id='line_1_120' title="bbox 1797 5592 3380 5678; baseline -0.011 -11"><span class='ocrx_word' id='word_1_890' title='bbox 1797 5611 1890 5668; x_wconf 90' lang='lat' dir='ltr'><strong>sed</strong></span> <span class='ocrx_word' id='word_1_891' title='bbox 1920 5610 2025 5666; x_wconf 92' lang='lat' dir='ltr'><strong>noli</strong></span> <span class='ocrx_word' id='word_1_892' title='bbox 2053 5607 2274 5678; x_wconf 84' lang='lat' dir='ltr'><strong>credere</strong></span> <span class='ocrx_word' id='word_1_893' title='bbox 2298 5605 2428 5662; x_wconf 92' lang='lat' dir='ltr'><strong>deos</strong></span> <span class='ocrx_word' id='word_1_894' title='bbox 2451 5616 2572 5659; x_wconf 89' lang='lat' dir='ltr'><strong>esse</strong></span> <span class='ocrx_word' id='word_1_895' title='bbox 2601 5601 2736 5673; x_wconf 82' lang='lat' dir='ltr'><strong>ligna</strong></span> <span class='ocrx_word' id='word_1_896' title='bbox 2765 5608 2819 5655; x_wconf 90' lang='lat' dir='ltr'><strong>et</strong></span> <span class='ocrx_word' id='word_1_897' title='bbox 2856 5595 3081 5667; x_wconf 87' lang='lat' dir='ltr'><strong>lapides,</strong></span> <span class='ocrx_word' id='word_1_898' title='bbox 3120 5601 3174 5650; x_wconf 92' lang='lat' dir='ltr'><strong>et</strong></span> <span class='ocrx_word' id='word_1_899' title='bbox 3209 5592 3380 5664; x_wconf 88' lang='lat' dir='ltr'><strong>ipsius</strong></span> 
     </span>
    </p>
   </div>
   <div class='ocr_carea' id='block_1_119' title="bbox 1798 5687 3378 5773">
    <p class='ocr_par' dir='ltr' id='par_1_119' title="bbox 1798 5687 3378 5773">
     <span class='ocr_line' id='line_1_121' title="bbox 1798 5687 3378 5773; baseline -0.013 -10"><span class='ocrx_word' id='word_1_900' title='bbox 1798 5700 1985 5763; x_wconf 89' lang='lat' dir='ltr'><strong>mundi</strong></span> <span class='ocrx_word' id='word_1_901' title='bbox 2012 5699 2277 5773; x_wconf 87' lang='lat' dir='ltr'><strong>quaslibet</strong></span> <span class='ocrx_word' id='word_1_902' title='bbox 2316 5696 2602 5770; x_wconf 88' lang='lat' dir='ltr'><strong>particulas</strong></span> <span class='ocrx_word' id='word_1_903' title='bbox 2630 5708 2763 5766; x_wconf 85' lang='lat' dir='ltr'><strong>quas</strong></span> <span class='ocrx_word' id='word_1_904' title='bbox 2809 5690 3023 5748; x_wconf 91' lang='lat' dir='ltr'><strong>colebas</strong></span> <span class='ocrx_word' id='word_1_905' title='bbox 3057 5707 3070 5744; x_wconf 90' lang='lat'><strong>:</strong></span> <span class='ocrx_word' id='word_1_906' title='bbox 3107 5687 3199 5744; x_wconf 90' lang='lat' dir='ltr'><strong>Dei</strong></span> <span class='ocrx_word' id='word_1_907' title='bbox 3234 5687 3378 5744; x_wconf 85' lang='lat' dir='ltr'><strong>enim</strong></span> 
     </span>
    </p>
   </div>
   <div class='ocr_carea' id='block_1_120' title="bbox 1797 5781 3385 5867">
    <p class='ocr_par' dir='ltr' id='par_1_120' title="bbox 1797 5781 3385 5867">
     <span class='ocr_line' id='line_1_122' title="bbox 1797 5781 3385 5867; baseline -0.013 -13"><span class='ocrx_word' id='word_1_908' title='bbox 1797 5798 2097 5862; x_wconf 82' lang='lat' dir='ltr'><strong>veritatem,</strong></span> <span class='ocrx_word' id='word_1_909' title='bbox 2128 5809 2231 5867; x_wconf 89' lang='lat' dir='ltr'><strong>qua</strong></span> <span class='ocrx_word' id='word_1_910' title='bbox 2255 5792 2430 5850; x_wconf 89' lang='lat' dir='ltr'><strong>credis</strong></span> <span class='ocrx_word' id='word_1_911' title='bbox 2458 5791 2525 5845; x_wconf 90' lang='lat' dir='ltr'><strong>ab</strong></span> <span class='ocrx_word' id='word_1_912' title='bbox 2549 5790 2664 5858; x_wconf 86' lang='lat' dir='ltr'><strong>ipso</strong></span> <span class='ocrx_word' id='word_1_913' title='bbox 2702 5785 2957 5842; x_wconf 90' lang='lat' dir='ltr'><strong>mundum</strong></span> <span class='ocrx_word' id='word_1_914' title='bbox 3003 5781 3298 5849; x_wconf 84' lang='lat' dir='ltr'><strong>conditum,</strong></span> <span class='ocrx_word' id='word_1_915' title='bbox 3330 5781 3385 5834; x_wconf 89' lang='lat' dir='ltr'><strong>in</strong></span> 
     </span>
    </p>
   </div>
  </div>
