3784 6140
430 299 539 358 599

432 425 522 470 tua
551 415 776 470 detines.
802 413 1150 484 iniquitatatc,
1180 428 1284 485 qua
1309 413 1531 469 deorum
1559 412 1734 468 cultor
1768 411 1850 466 vis
1894 424 2017 466 esse

430 507 713 562 falsorum.
744 506 832 562 Sic
859 506 1018 560 etiam
1045 505 1301 561 haeretico
1325 505 1541 571 dicitur,
1561 505 1648 576 qui
1667 504 2016 560 Sacramenta

433 599 722 655 christiana
751 597 889 652 sicut
913 598 964 652 in
989 597 1227 652 Ecclesia
1256 598 1519 654 catholica
1546 597 1845 662 traduntur,
1874 595 2019 651 nulla

432 715 528 755 sua
556 698 783 753 falsitate
827 696 1072 763 mutavit,
1117 696 1264 751 Tene
1310 697 1659 751 christianum
1690 695 2018 765 Baptismum

430 795 486 849 in
515 793 730 848 nomine
758 791 932 847 Patris
956 800 1010 846 et
1040 790 1160 844 Filii
1191 799 1247 846 et
1285 791 1518 859 Spiritus
1543 789 1734 854 sancti,
1775 789 1912 844 sicut
1936 799 2020 843 te-

431 889 636 952 nebas;
687 885 782 942 sed
831 899 1060 956 agnosce
1103 884 1300 938 Christi
1348 883 1639 938 Ecclesiam
1693 890 1824 945 toto,
1884 881 2021 935 sicut

429 979 806 1051 prophetatum
862 985 982 1042 est,
1037 975 1166 1030 orbe
1218 986 1584 1040 crescentem,
1635 974 1719 1030 cui
1762 973 2018 1042 sacrilega

430 1087 563 1128 voce
607 1069 962 1125 maledicebas
1007 1085 1020 1122 :
1070 1066 1165 1121 Dei
1212 1066 1354 1120 enim
1397 1066 1673 1121 veritatem
1716 1065 1784 1121 de
1822 1065 2023 1119 unitate

431 1161 772 1234 Baptismatis
802 1162 854 1215 in
885 1159 1161 1228 iniquitate
1187 1157 1396 1213 detines
1425 1165 1528 1211 tuae
1554 1155 1854 1211 divisionis.
1889 1153 2021 1210 Cor-

431 1257 547 1328 rige
592 1256 923 1325 iniquitatem
950 1252 1183 1308 haeretici
1215 1251 1468 1321 figmenti,
1502 1266 1569 1306 ne
1613 1249 1803 1320 perdat
1848 1258 1932 1314 te;
1967 1258 2022 1304 et

433 1351 548 1406 noli
576 1348 851 1418 superbire
879 1345 948 1401 de
971 1345 1196 1400 veritate
1215 1343 1494 1400 christiani
1520 1341 1872 1406 Sacramenti,
1900 1355 2019 1409 qua:

436 1443 512 1499 ibi
537 1450 698 1497 estut
735 1439 938 1512 iudicet
961 1447 1032 1494 te.
1079 1438 1193 1508 Ego
1219 1447 1397 1492 autem
1428 1437 1567 1492 absit
1592 1444 1648 1490 ut
1679 1436 1754 1489 sic
1785 1433 2022 1488 detester

435 1535 770 1606 iniquitatem
825 1542 991 1597 tuam,
1041 1540 1101 1587 ut
1149 1530 1348 1586 Christi
1398 1530 1655 1600 abnegem
1703 1529 2017 1594 veritatem,

436 1642 596 1698 quam
639 1627 691 1680 in
723 1633 776 1680 te
804 1624 1016 1680 invenio
1040 1623 1108 1678 ad
1145 1622 1539 1678 damnationem
1581 1631 1724 1676 tuam
1755 1637 1768 1673 :
1800 1620 1938 1675 absit
1965 1628 2024 1673 ut

434 1722 516 1776 sic
545 1728 596 1774 te
625 1718 908 1788 corrigam,
939 1724 997 1771 ut
1035 1715 1164 1770 illud
1206 1714 1346 1769 unde
1373 1724 1425 1768 te
1449 1713 1658 1784 corrigo
1701 1712 1975 1767 destruam
2005 1727 2020 1777 ;

436 1810 541 1865 nisi
585 1808 722 1864 forte
765 1808 1042 1864 destruere
1084 1805 1256 1862 debeo
1301 1820 1490 1861 verum
1537 1803 1677 1875 quod
1723 1803 1940 1858 invenio
1968 1803 2022 1857 in

436 1901 613 1956 anima
640 1900 1037 1965 hzereticorum,
1085 1913 1205 1953 cum
1236 1897 1523 1967 Apostolus
1567 1911 1673 1951 non
1700 1895 2026 1951 destruxerit

436 2010 623 2051 verum
662 1993 804 2065 quod
837 1991 1038 2047 invenit
1063 1991 1117 2046 in
1144 1989 1321 2061 lapide
1346 1989 1701 2060 Paganorum.

509 2089 564 2145 8.
613 2088 738 2143 Plus
785 2095 869 2142 est
913 2101 1052 2141 unus
1089 2085 1250 2148 Deus,
1292 2098 1451 2154 quam
1501 2097 1638 2138 unus
1683 2081 2023 2152 Baptismus;

439 2197 613 2254 neque
641 2182 782 2237 enim
815 2181 1117 2250 Baptismus
1163 2177 1304 2232 Deus
1331 2186 1434 2242 est,
1481 2175 1575 2229 sed
1618 2173 1738 2230 ideo
1772 2189 2024 2245 magnum

438 2275 637 2347 aliquid
664 2283 766 2342 est,
797 2274 918 2344 quia
949 2272 1350 2327 Sacramentum
1375 2279 1458 2325 est
1486 2269 1580 2324 Dei
1601 2285 1614 2323 :
1633 2277 1690 2324 et
1716 2277 1889 2323 tamen
1912 2267 2027 2337 ipsc

440 2385 581 2426 unus
628 2369 768 2424 Deus
811 2367 970 2422 etiam
1015 2374 1164 2420 extra
1211 2362 1502 2420 Ecclesiam
1551 2362 1619 2417 ab
1663 2361 2027 2432 ignorantibus

440 2462 731 2519 colebatur.
763 2459 852 2516 Sic
880 2473 1008 2530 ergo
1039 2468 1094 2512 et
1137 2471 1274 2512 unus
1323 2454 1626 2525 Baptismus
1664 2454 1825 2509 etiam
1875 2463 2026 2508 extra

439 2553 734 2610 Ecclesiam
761 2552 829 2607 ab
870 2549 1238 2621 ignorantibus
1264 2547 1441 2602 datur.
1473 2546 1574 2614 Qui
1603 2546 1732 2601 dicit
1761 2544 1874 2600 fieri
1918 2560 2025 2599 non

439 2646 680 2718 potuisse
710 2652 764 2699 ut
789 2657 923 2698 unus
950 2642 1090 2696 Deus
1118 2650 1171 2694 et
1201 2653 1359 2694 verus
1388 2638 1456 2692 ab
1482 2637 1847 2707 ignorantibus
1874 2645 2026 2691 extra

440 2738 734 2795 Ecclesium
760 2735 1046 2800 coleretur,
1077 2731 1255 2786 videat
1297 2744 1404 2784 non
1431 2729 1556 2800 quid
1595 2729 1747 2794 mihi,
1779 2728 1872 2782 sed
1901 2727 2027 2798 quid

439 2831 542 2901 ipsi
585 2828 842 2899 Apostolo
882 2825 1058 2879 valeat
1099 2821 1422 2891 respondere
1469 2819 1690 2886 dicenti,
1741 2819 1900 2886 Quem
1943 2835 2028 2872 vos

437 2925 728 2993 ignorantes
754 2918 938 2980 colitis,
966 2917 1098 2970 hunc
1120 2930 1211 2985 ego
1236 2913 1484 2966 annuntio
1513 2911 1668 2965 vobis.

511 3010 738 3067 CAPUT
768 3009 856 3062 Vl.
883 3037 952 3048 â€”-
975 3005 1333 3073 Quamobrem
1362 3004 1499 3058 sicut
1519 3003 1650 3057 nihil
1673 3003 1752 3057 eis
1781 3001 2028 3072 proderat

442 3104 511 3160 ad
536 3101 786 3164 salutem,
815 3098 903 3168 qui
931 3111 1112 3152 verum
1145 3096 1312 3150 Deum
1345 3095 1670 3165 ignorantes,
1700 3110 1821 3150 eum
1852 3102 2029 3149 tamen

440 3194 720 3259 colebant;
754 3195 862 3248 imo
905 3199 960 3246 et
1005 3190 1191 3246 oberat
1235 3188 1302 3243 ad
1342 3187 1652 3258 perniciem,
1699 3187 1837 3257 quod
1869 3187 2030 3242 falsos

442 3289 574 3344 deos
603 3287 758 3342 simul
788 3283 1026 3339 colentes
1053 3280 1228 3337 eidem
1251 3294 1379 3335 vero
1427 3279 1534 3333 Deo
1560 3279 1870 3350 sacrilegam
1898 3280 2033 3347 inju-

441 3384 576 3436 riam
607 3377 871 3434 faciebant
900 3394 912 3429 :
945 3375 1023 3430 sic
1065 3371 1196 3428 nihil
1225 3371 1442 3442 prodest
1480 3369 1744 3425 haereticis
1773 3369 1840 3424 ad
1884 3369 2032 3425 salu-

443 3483 576 3537 tem,
622 3471 762 3542 quod
805 3479 952 3526 extra
1004 3465 1302 3523 Ecclesium
1347 3477 1532 3520 verum
1562 3462 1889 3533 Baptismum
1934 3478 2035 3534 per

444 3564 799 3637 ignorantiam
830 3570 884 3617 ct
910 3559 1124 3616 tradunt
1169 3565 1224 3612 ct
1267 3563 1488 3621 tenent;
1537 3555 1644 3609 imo
1672 3563 1727 3610 et
1767 3553 1923 3610 obest
1964 3553 2032 3609 ad

444 3658 862 3718 damnationem,
919 3651 1060 3723 quod
1105 3651 1158 3705 in
1206 3649 1466 3718 sacrilega
1511 3647 1786 3718 iniquitate
1834 3647 2034 3703 erroris

445 3750 687 3814 humani,
705 3748 863 3804 etiam
891 3743 1055 3799 divini
1074 3739 1425 3805 Sacramenti,
1444 3753 1550 3792 non
1578 3754 1674 3808 per
1697 3753 1855 3809 quam
1882 3755 2037 3794 mun-

446 3842 660 3907 dentur,
702 3838 796 3894 sed
839 3851 936 3907 per
964 3849 1121 3905 quam
1150 3832 1388 3888 severius
1427 3830 1751 3900 judicentur,
1794 3831 2035 3888 detinent

452 3932 749 3989 veritatem.
777 3930 845 3983 Et
869 3929 1004 3982 sicut
1029 3924 1334 3995 Apostolus,
1362 3922 1576 3993 quando
1605 3923 1726 3978 illos
1750 3923 2036 3994 sacrilegos

447 4021 770 4093 corrigebat,
809 4019 973 4074 Deum
1007 4026 1183 4072 tamen
1212 4030 1416 4081 verum,
1443 4013 1534 4084 qui
1561 4022 1711 4070 extra
1742 4015 2032 4070 Ecclesium

447 4116 519 4172 ab
537 4115 615 4170 eis
637 4110 1001 4184 ignorantibus
1015 4106 1308 4173 colebatur,
1333 4105 1656 4176 agnoscebat
1681 4107 1858 4176 potius
1877 4121 2034 4176 quam

393 4198 406 4262 Îž
447 4206 718 4279 negabat:
749 4205 826 4259 sic
851 4202 1011 4258 etiam
1041 4214 1139 4255 nos
1187 4198 1400 4270 quando
1449 4198 1820 4254 hzereticorum
1865 4199 2035 4253 sacri-

398 4350 406 4362 ,
445 4303 582 4372 legae
625 4294 978 4368 separationis
1017 4306 1230 4348 errores
1279 4291 1664 4361 corrigimusâ€˜,
1705 4289 2035 4361 Baptismum

393 4431 400 4453 Î¹
446 4405 626 4450 tamen
669 4403 879 4456 verum,
921 4401 1080 4457 quem
1118 4400 1216 4454 per
1257 4383 1608 4455 ignorantiam
1651 4391 1801 4438 extra
1849 4382 2038 4439 Eccle-

391 4515 398 4524 Î¿
447 4487 584 4542 siam
615 4481 850 4547 tradunt,
899 4479 1082 4549 utique
1129 4491 1439 4548 agnoscere,
1488 4490 1594 4531 non
1629 4489 1823 4547 negare
1869 4475 2036 4533 debe-

449 4593 588 4634 mus.

523 4667 751 4727 CAPUT
794 4665 904 4723 Vll.
934 4693 1005 4705 â€”
1031 4663 1086 4719 9.
1116 4662 1224 4719 Sed
1253 4661 1471 4728 Paulus,
1510 4662 1775 4732 inquiunt,
1805 4679 1918 4719 cum
1947 4680 2033 4718 ve-

450 4765 605 4818 nisset
631 4760 913 4832 Ephesum,
940 4754 1185 4826 quosdam
1207 4755 1295 4825 qui
1311 4771 1362 4810 se
1382 4754 1611 4810 dicebant
1631 4754 1847 4811 Joannis
1872 4757 2036 4827 bapti-

451 4863 613 4909 smate
639 4851 934 4921 baptizatos,
966 4846 1211 4918 baptizari
1228 4846 1383 4918 jussit
1408 4847 1461 4900 in
1490 4845 1688 4901 Christo
1731 4848 1873 4917 (Act.
1905 4864 1994 4902 xix
2018 4888 2034 4914 ,

450 4945 591 5015 1-5).
620 4941 869 5012 Quisquis
891 4939 991 4995 hoc
1015 4937 1260 5008 exemplo
1283 4937 1652 4994 schismaticos
1673 4947 1727 4992 et
1756 4938 2036 4996 haereticos

451 5032 801 5106 baptizandus
836 5039 1007 5102 putat,
1037 5029 1228 5087 audeat
1273 5028 1474 5095 dicere,
1521 5029 1566 5084 si
1593 5037 1789 5100 potest,
1822 5029 2037 5086 haereti-

452 5144 577 5185 cum
605 5127 689 5183 vel
714 5124 1107 5181 schismaticum
1133 5123 1391 5181 Joannem
1435 5121 1619 5178 fuisse.
1671 5121 1784 5178 Hoc
1811 5123 1857 5178 si
1887 5123 2036 5180 nefas

453 5231 538 5278 est
562 5220 778 5284 dicere;
821 5215 1058 5288 profecto
1084 5216 1189 5270 illis
1219 5211 1522 5269 hominibus
1549 5212 1692 5283 quod
1721 5213 1907 5270 deerat
1935 5215 2034 5270 da-

454 5327 567 5371 tum
596 5321 698 5380 est,
743 5327 850 5366 non
879 5309 1022 5381 quod
1048 5309 1222 5364 inerat
1245 5303 1598 5376 improbatum
1630 5323 1643 5359 :
1675 5305 1788 5362 sive
1827 5309 2036 5365 mentiti

454 5408 654 5464 fuerint
695 5419 754 5460 se
779 5403 974 5459 habere
1001 5400 1320 5471 baptismum
1347 5395 1588 5464 Joannis,
1619 5397 1756 5454 sicut
1793 5401 2035 5456 nonnulli

454 5500 820 5561 arbitrantur;
867 5495 980 5550 sive
1021 5492 1143 5562 quia
1183 5490 1477 5560 baptismus
1503 5489 1721 5546 Joannis
1768 5508 1875 5548 non
1920 5503 2037 5549 erat

519 5659 534 5688 Â¹
564 5657 759 5719 Aliquot
783 5663 908 5712 uss,
940 5648 1200 5719 sacrilegas
1231 5651 1552 5719 separationes
1589 5651 1650 5702 ab
1684 5665 1850 5705 errore
1891 5653 2038 5719 corri-

452 5719 625 5788 gimus.
648 5710 869 5778 Quidam,
895 5710 1153 5776 sacrilegas
1197 5710 1523 5775 separationes
1564 5728 1846 5779 erroresque
1877 5718 2031 5768 corri-

451 5790 608 5842 gimus
617 5814 624 5826 .

1101 297 1192 355 DE
1227 297 1432 356 UNICO
1467 293 1806 353 BAPâ€™Iâ€˜ISMO
1841 286 2110 346 CONTRA
2153 288 2588 367 PETILIANUM,
2628 298 2686 354 S.
2715 295 3080 366 AUGUSTINI

2130 411 2428 483 Baptismus
2453 415 2670 483 Christi,
2703 418 2796 474 sed
2824 427 3000 475 tamen
3032 421 3267 478 militans
3289 422 3528 492 Christo,
3577 427 3718 485 sicut

2127 507 2281 578 Legis
2304 520 2482 564 vetera
2508 521 2837 566 sacramenta
2864 515 3214 582 prtecursorio
3240 516 3473 587 quodam
3499 528 3557 574 et
3583 537 3716 590 pra:-

2125 600 2435 671 liguratorio
2463 602 2814 674 fungebantur
2837 605 3034 663 officio.
3069 608 3132 664 Si
3156 620 3267 680 post
3293 609 3551 668 Joannem
3581 617 3710 668 auri-

2126 709 2241 746 cum
2260 695 2432 762 sponsi
2457 695 2767 766 baptizatum
2793 708 2884 766 est,
2913 700 3176 771 inquiunt,
3201 714 3388 773 quanto
3409 709 3577 778 magis
3611 722 3714 778 post

2127 789 2418 844 hareticum
2459 790 2820 860 baptizandum
2859 803 2933 848 est
2953 794 2980 848 1â€™
3008 795 3190 851 Potest
3214 797 3350 852 alius
3378 799 3527 854 velut
3572 800 3712 871 iusta

2127 881 2374 938 similiter
2420 883 2781 955 indignatione
2829 897 3130 944 commotus
3190 889 3373 946 dicere
3419 909 3436 947 :
3484 892 3544 949 Si
3600 905 3716 963 post

2126 971 2382 1030 Joannem
2416 974 2736 1046 baptizatum
2767 986 2870 1044 est,
2898 979 2987 1049 qui
3032 979 3214 1036 vinum
3245 983 3460 1052 penitus
3489 999 3602 1038 non
3635 985 3713 1040 bi-

2128 1063 2307 1128 bebat,
2357 1073 2558 1135 quanto
2602 1075 2724 1136 post
2769 1069 3038 1124 ebriosum
3091 1070 3286 1140 justius
3331 1071 3714 1144 baptizandum

2127 1158 2251 1212 est?
2279 1158 2390 1213 Hoc
2415 1174 2541 1230 ergo
2567 1159 2653 1215 isti
2681 1160 2893 1228 faciant,
2925 1164 2968 1216 si
2997 1173 3218 1232 possunt
3247 1183 3261 1218 :
3290 1164 3564 1236 baptizent
3599 1179 3710 1235 post

2127 1249 2368 1304 ebriosos
2396 1266 2542 1318 suos,
2572 1251 2616 1305 si
2645 1261 2764 1321 post
2785 1252 3043 1309 Joannem
3083 1255 3318 1311 sobrium
3346 1259 3598 1327 Apost-ili
3629 1259 3713 1314 ba-

2131 1342 2476 1412 ptizaverunt.
2508 1343 2643 1412 Quid
2673 1344 2758 1400 hic
2801 1347 3159 1417 reSpondeant
3189 1351 3229 1416 â€™,
3274 1349 3376 1404 nisi
3425 1362 3712 1421 propterea

2128 1448 2187 1490 se
2211 1445 2328 1506 post
2352 1436 2480 1490 istos
2505 1450 2609 1490 non
2637 1436 2924 1506 baptizare,
2957 1440 3079 1510 quia
3106 1454 3200 1510 per
3217 1454 3312 1496 eos
3338 1440 3432 1511 qui
3457 1440 3709 1512 baptizali

2129 1537 2272 1592 sunt,
2297 1543 2400 1581 non
2417 1542 2624 1594 eorum,
2647 1529 2741 1584 sed
2761 1528 2957 1586 Christi
2979 1531 3305 1600 Baptismum
3325 1537 3716 1604 perceperuan

2128 1618 2360 1674 Credant
2387 1623 2429 1685 Â³,
2461 1635 2580 1675 esse
2605 1637 2734 1692 ergo
2762 1632 3042 1693 propterea
3069 1633 3190 1694 post
3229 1623 3491 1681 Joannem
3537 1627 3714 1696 bapti-

2131 1721 2323 1778 zatum,
2358 1713 2479 1783 quia
2504 1714 2591 1769 vel
2619 1715 2819 1769 nullum
2851 1715 2928 1770 illi
2971 1717 3290 1786 baptismum
3317 1717 3614 1787 habebant,
3640 1721 3715 1776 vel

2129 1804 2325 1862 Christi
2355 1807 2682 1877 Baptismum
2707 1807 2945 1865 nondum
2972 1808 3258 1866 habebant.

2201 1898 2289 1954 10.
2328 1897 2442 1954 Hoc
2463 1898 2678 1970 quidem
2703 1900 2862 1955 etiam
2889 1901 3004 1972 ipse
3028 1902 3151 1969 sibi,
3181 1903 3267 1958 cui
3297 1906 3710 1976 respondemus,

2129 1991 2400 2062 opposuit,
2431 1993 2839 2064 oppositumque
2879 2008 2984 2049 non
3029 1995 3206 2052 solvit.
3235 1997 3327 2052 Ait
3361 1999 3512 2054 enim
3543 2017 3557 2053 :
3590 1999 3718 2056 Dicit

2131 2086 2343 2156 forsitan
2367 2083 2570 2155 aliquis,
2599 2083 2704 2138 Sed
2724 2085 2780 2138 hi
2813 2101 2940 2156 quos
2966 2083 3167 2142 Paulus
3189 2087 3373 2143 iterum
3402 2089 3682 2161 baptizavit
3701 2134 3715 2157 ,

2133 2179 2378 2249 baptismo
2421 2176 2640 2232 Joannis
2685 2178 2844 2233 abluti
2888 2183 3110 2250 fuerant,
3151 2196 3255 2234 non
3300 2179 3571 2253 Baptismo
3598 2182 3715 2239 Jm

2131 2268 2339 2334 Christi,
2384 2269 2520 2323 unde
2544 2269 2847 2340 rebaptizari
2886 2270 3002 2324 dico
3031 2287 3134 2325 non
3161 2280 3414 2342 oportere,
3444 2289 3576 2340 quos
3603 2291 3716 2329 con-

2131 2368 2232 2414 stat
2255 2377 2358 2415 esse
2377 2377 2409 2414 a
2432 2360 2756 2415 traditoribus
2781 2369 2948 2416 tamen
2976 2363 3030 2417 in
3059 2361 3244 2418 Christi
3267 2365 3470 2420 nomine
3493 2367 3716 2437 baptiza-

2133 2461 2230 2506 tos.
2257 2453 2369 2508 Hoc
2393 2453 2493 2508 sibi
2527 2468 2648 2508 cum
2679 2454 2792 2524 ipse
2817 2458 3192 2526 proposuisset
3223 2459 3439 2514 attende
3463 2462 3716 2532 quemad-

2134 2545 2350 2599 modum
2381 2544 2574 2599 frustra
2605 2546 2935 2615 respondere
2961 2556 3184 2603 conatus
3209 2549 3299 2604 sit.
3332 2548 3494 2615 Huic,
3531 2552 3712 2624 inquit,

2132 2638 2207 2692 rei
2228 2636 2477 2693 Dontinus
2495 2636 2647 2692 Jesus
2681 2638 2909 2694 Christus
2927 2641 3185 2711 respondit
3213 2641 3292 2697 his
3335 2643 3526 2712 verbis,
3557 2663 3579 2697 Î¹
3625 2645 3715 2713 Qui

2133 2746 2330 2784 mecum
2354 2745 2454 2784 non
2479 2729 2691 2800 colligit,
2716 2731 2961 2803 dispergit
2991 2751 3011 2784 Î¹
3043 2732 3253 2804 (Matth.
3283 2749 3378 2801 Î¹Î¹Î¹,
3406 2735 3544 2806 30);
3577 2739 3716 2792 etite-

2135 2839 2268 2888 rum,
2303 2841 2322 2874 Î¹
2341 2821 2458 2877 ÎÎ¿Î¹Î¹
2484 2823 2648 2878 omnis
2669 2825 2754 2892 qui
2781 2825 2902 2878 dicit
2927 2825 3070 2887 mihi,
3096 2825 3336 2894 Domine,
3367 2825 3614 2895 Domine,
3644 2831 3715 2883 in-

2136 2916 2285 2969 trabit
2320 2917 2374 2970 in
2401 2933 2610 2986 regnum
2637 2916 2894 2970 caelorum.
2932 2915 3088 2970 Multi
3113 2919 3246 2972 enim
3291 2919 3458 2974 dicent
3499 2921 3634 2974 mihi
3670 2921 3712 2974 is

2135 3006 2228 3060 illa
2255 3007 2355 3074 die,
2387 3003 2619 3074 Domine,
2667 3006 2901 3074 Domine,
2946 3025 3113 3062 nonne
3139 3010 3193 3063 in
3238 3011 3441 3065 nomine
3481 3020 3578 3066 tuo
3607 3028 3713 3083 pro-

2136 3099 2468 3170 phetavimus,
2496 3108 2544 3153 et
2576 3101 2629 3153 in
2658 3100 2858 3154 nomine
2895 3107 2981 3153 tuo
3005 3101 3255 3155 dwmonia
3281 3101 3547 3171 ejecimus,
3588 3111 3638 3157 et
3668 3103 3713 3156 in

2135 3191 2336 3244 nomine
2378 3200 2464 3243 tuo
2501 3191 2705 3244 virtutes
2754 3192 2938 3245 multas
2979 3192 3187 3263 fecimus
3208 3192 3236 3246 1â€™
3278 3191 3345 3247 Et
3386 3201 3508 3246 tunc
3558 3194 3714 3247 dicant

2135 3282 2258 3348 illis,
2285 3281 2405 3336 Non
2430 3284 2544 3336 novi
2560 3298 2644 3336 uos
2666 3298 2686 3346 ,'
2714 3283 2927 3337 recedite
2951 3299 2984 3336 a
3006 3299 3104 3349 me,
3128 3284 3347 3355 operarii
3381 3285 3666 3355 iniquitatis
3691 3305 3708 3338 Î¹

2141 3375 2252 3447 (Id.
2283 3391 2372 3442 vn,
2393 3375 2601 3446 21-23).
2630 3375 2922 3431 Perdidisse
2945 3377 3099 3447 igitur
3123 3378 3310 3448 falsum
3335 3392 3462 3448 opus
3488 3395 3599 3433 non
3623 3379 3713 3432 du-

2139 3467 2274 3521 biitm
2298 3477 2391 3533 est,
2432 3469 2518 3539 qui
2543 3470 2736 3522 tametsi
2764 3470 2818 3523 in
2858 3469 3058 3522 nomine
3079 3467 3206 3523 Jesu
3233 3466 3443 3537 Christi,
3485 3469 3716 3540 sacrilegi

2140 3567 2303 3612 tamen
2328 3559 2441 3612 ausi
2470 3569 2587 3613 sunt
2612 3560 2831 3629 operari.
2871 3557 3039 3614 Velint
3062 3559 3244 3627 nolint,
3276 3560 3487 3632 proinde
3507 3562 3715 3615 tradito-

2138 3668 2219 3705 res
2259 3651 2516 3722 sacrilegis
2564 3650 2910 3705 Sacramentis
2948 3649 3204 3706 Christum
3233 3654 3393 3723 magis
3434 3651 3711 3720 ofendunt.

2143 3743 2245 3812 Qui
2263 3743 2306 3796 si
2322 3753 2368 3796 et
2380 3743 2544 3797 dicere
2566 3745 2805 3811 audeant,
2827 3761 2845 3794 Î¹
2857 3741 2922 3798 In
2935 3744 3136 3798 nomine
3149 3753 3234 3799 tuo
3245 3746 3654 3815 prophetaeimus
3670 3761 3709 3800 Ï„Î¹

2140 3838 2268 3892 dicet
2289 3836 2394 3892 illis
2418 3847 2474 3890 ut
2494 3836 3027 3901 steteris,tReceditea
3048 3853 3146 3900 me,
3163 3837 3383 3907 operarii
3409 3837 3714 3908 iniquitatis;

2140 3949 2241 3987 non
2267 3932 2381 3986 noui
2407 3946 2513 3984 vos.
2529 3948 2547 3982 Î¹
2589 3929 2742 3984 Recte
2765 3929 2868 3984 illis
2893 3929 2988 3984 hoc
3016 3929 3166 3995 dicet,
3197 3930 3433 4000 quoniam
3447 3930 3652 4000 quidem
3668 3930 3714 3982 in

2139 4023 2359 4094 indignis
2383 4038 2484 4076 non
2513 4021 2780 4075 dissimiles
2806 4035 2976 4074 eam
2997 4029 3135 4087 sunt,
3165 4020 3439 4091 baptizare,
3467 4019 3714 4074 damnis

2141 4114 2346 4185 pellere,
2372 4123 2671 4183 craterasque
2694 4111 2946 4166 mirabiles
2969 4111 3147 4183 fecisse
3164 4111 3388 4165 virtutes.
3407 4108 3544 4165 Vide
3565 4125 3710 4181 quam

2142 4206 2306 4261 multa
2331 4205 2482 4271 dixit,
2509 4213 2563 4260 et
2601 4203 2742 4274 quod
2787 4203 2889 4259 sibi
2917 4218 2982 4259 ex
3013 4203 3238 4258 adverso
3283 4203 3582 4274 proposuit,
3616 4203 3710 4258 sol-

2140 4315 2267 4356 vere
2291 4301 2507 4354 omnino
2543 4312 2650 4354 non
2681 4295 2851 4367 potuit
2879 4314 2892 4351 :
2919 4310 3018 4352 nec
3043 4297 3214 4351 solum
3246 4294 3348 4352 hoc
3370 4295 3413 4360 Â³,
3439 4293 3535 4350 sed
3563 4296 3708 4350 etiam

2141 4408 2242 4450 nos
2270 4393 2414 4464 ipsos
2456 4407 2573 4462 quae
2599 4391 2855 4446 adversus
2898 4404 2993 4446 eos
3035 4389 3215 4445 dicere
3262 4389 3604 4457 deberemus,
3631 4388 3713 4443 ad-

2143 4486 2370 4542 monuit.
2397 4484 2579 4556 Neque
2602 4484 2746 4540 enim
2773 4491 2976 4538 tantum
3023 4481 3155 4537 nihil
3184 4496 3305 4536 eum
3333 4481 3588 4552 adjuvant
3609 4481 3708 4535 haec

2143 4579 2445 4649 evangelica
2471 4577 2792 4644 testimonia,
2820 4575 2916 4632 sed
2943 4577 3102 4632 etiam
3133 4589 3310 4632 causae
3331 4583 3525 4632 nostra:
3559 4576 3703 4646 pluri-

2143 4688 2288 4728 mum
2319 4671 2690 4742 suffragantur.

2213 4766 2302 4820 ll.
2333 4765 2408 4819 De
2427 4764 2688 4832 baptismo
2706 4761 2928 4818 Joannis
2947 4761 3222 4834 agebatur,
3253 4776 3284 4818 a
3307 4777 3414 4833 quo
3431 4762 3702 4832 baptizatos

2143 4857 2398 4928 quosdam
2429 4856 2474 4910 si
2512 4855 2794 4925 baptizavit
2818 4854 3128 4925 Apostolus,
3157 4869 3266 4909 non
3294 4854 3476 4925 utique
3499 4853 3700 4910 Joannis

2145 4949 2459 5019 baptismum
2509 4948 2825 5003 habentibus
2888 4947 3078 5001 iterum
3126 4945 3347 5000 Joannis
3400 4947 3699 5016 baptismum

2144 5039 2309 5108 dedit,
2341 5040 2433 5094 sed
2462 5037 2655 5093 Christi
2685 5039 3013 5107 Baptismum
3041 5051 3147 5092 non
3179 5036 3434 5092 habentes
3461 5035 3696 5106 baptizari

2139 5133 2298 5203 jussit
2322 5133 2372 5185 in
2399 5130 2611 5185 Christo
2639 5146 2654 5184 :
2682 5144 2744 5184 ac
2773 5144 2866 5198 per
2909 5129 3009 5183 hoc
3038 5137 3285 5184 neutrum
3314 5127 3587 5190 destruxit,
3617 5124 3697 5180 sed

2145 5235 2425 5294 utrumque
2453 5222 2709 5278 distinxit.
2741 5221 2851 5277 Hoc
2879 5221 3039 5277 etiam
3071 5220 3172 5275 iste
3199 5229 3386 5275 contra
3421 5233 3572 5290 quem
3597 5216 3693 5271 dis-

2143 5318 2390 5382 serimus,
2414 5314 2565 5382 vidit,
2591 5314 2680 5381 qui
2709 5327 2828 5368 cum
2859 5311 2961 5367 sibi
2988 5313 3130 5367 velut
3158 5326 3223 5367 ex
3247 5311 3533 5367 adversarii
3554 5308 3696 5379 parti-

2144 5408 2243 5464 bus
2290 5406 2572 5478 objecisset
2598 5423 2611 5459 :
2639 5404 2758 5476 quia
2798 5413 2844 5459 et
2890 5403 2943 5458 hi
2992 5416 3128 5474 quos
3175 5402 3444 5458 traditores
3487 5408 3690 5461 vocant.

2208 5593 2224 5623 Î¹
2247 5598 2346 5639 Am.
2396 5596 2447 5639 et
2487 5594 2617 5648 Mss,
2642 5584 2763 5648 Quid
2795 5584 2906 5636 hinc
2949 5583 3300 5650 respondeant;
3323 5583 3422 5646 vel,
3447 5581 3560 5645 Quid
3595 5579 3687 5630 hinc

2142 5652 2442 5716 respondent.

2207 5710 2232 5746 á½·
2253 5715 2387 5772 aditi,
2411 5711 2640 5762 credunt.
2668 5711 2835 5772 Melius
2848 5716 2976 5766 Mss,
2996 5710 3222 5772 Credam.

2212 5779 2232 5808 Â³
2253 5769 2446 5835 Quidam
2471 5781 2559 5823 Mss
2581 5810 2596 5834 ,
2621 5787 2707 5824 nec
2730 5771 2880 5824 solum
2897 5784 2989 5823 non
3005 5771 3137 5824 solvit
3159 5769 3264 5820 hoc.
