3784 6184
11 335 180 398 801

11 454 370 527 Baptism
411 456 619 524 Christi,
649 473 753 512 non
777 457 1014 522 Joannis,
1046 455 1306 526 baptisant
1352 461 1398 510 et
1427 453 1686 524 baptizan-

11 555 152 600 ειη·
185 567 219 615 ;
250 560 299 605 et
323 551 437 604 ideo
459 558 568 620 post
587 565 672 604 eos
690 547 1006 620 Baptismum
1027 564 1118 604 nec
1140 547 1380 610 rescindi,
1407 562 1498 600 nec
1519 544 1696 600 iterari

12 653 334 710 oportere
360 659 381 697 :
411 643 535 698 huic
557 643 838 714 qutestioni
864 642 992 698 dicit
1028 641 1372 712 respondisse
1393 639 1688 706 Christum,

12 746 216 790 cum
251 736 349 802 ait,
380 734 484 801 Qui
505 751 698 789 mecum
722 750 822 789 non
849 734 1060 804 colligit,
1089 734 1284 805 spargit
1314 751 1330 787 :
1355 732 1508 804 quasi
1534 731 1692 788 dixe-

12 826 130 881 ris
170 827 460 894 Christus,
489 827 547 907 In
571 828 650 883 eis
677 827 768 898 qui
811 842 1024 883 mecum
1071 842 1178 882 non
1206 826 1482 898 colligunt,
1527 826 1690 881 etiam

12 922 238 990 quod
271 939 456 979 verum
482 932 537 979 et
558 923 700 994 quod
726 938 904 979 meum
934 923 1206 978 inventum
1231 919 1411 985 fuerit,
1440 929 1689 992 negetur,

17 1014 435 1083 exsumetur,
466 1015 789 1071 destruatur.
822 1015 908 1071 Ait
949 1015 1109 1070 etiam
1152 1013 1471 1084 quibusdam
1500 1013 1690 1068 dicen-

21 1105 259 1174 tibus,
292 1106 528 1171 Domine.
559 1107 796 1174 Domine,
828 1109 882 1163 in
913 1108 1117 1163 nomine
1143 1117 1229 1163 tuo
1255 1108 1687 1179 prophetavimus,

24 1205 96 1249 et
131 1197 216 1253 in
246 1199 452 1254 nomine
475 1208 560 1252 tuo
597 1199 849 1254 da'ntonia
886 1199 1140 1272 ejecintus,
1173 1208 1220 1255 et
1261 1200 1317 1254 in
1359 1199 1562 1256 nomine
1604 1208 1691 1254 tuo

23 1287 304 1344 virtutes
327 1291 512 1346 multas
542 1291 792 1363 fecimus;
831 1305 952 1348 eum
990 1305 1394 1362 responsurum,
1419 1289 1550 1346 Non
1574 1291 1690 1345 novi

27 1393 158 1434 vos
194 1398 219 1445 ;
244 1381 465 1436 recedite
488 1398 521 1435 a
547 1399 645 1450 me,
689 1384 776 1453 qui
819 1383 1099 1454 operamini
1139 1384 1475 1453 iniquitatem.
1523 1383 1690 1438 Num-

26 1472 218 1542 quid
260 1475 423 1530 etiam
467 1474 558 1532 hic
597 1475 752 1542 dixit,
801 1474 1029 1546 Propter
1073 1476 1407 1548 iniquitatem
1450 1485 1686 1532 vestram

29 1566 304 1635 negabo
344 1568 503 1623 etiam
548 1568 828 1624 veritatem
878 1583 1052 1624 meam
1099 1569 1151 1623 in
1180 1578 1359 1624 vestra
1408 1568 1688 1640 iniquitate

31 1656 406 1714 detentam?
432 1658 618 1730 Neque
659 1661 802 1716 enim
845 1659 901 1715 in
927 1675 1148 1731 regnum
1180 1675 1335 1716 suum
1376 1669 1688 1730 recepturus

33 1757 156 1804 est.
191 1764 413 1814 omnes,
459 1750 512 1806 in
539 1751 733 1822 quibus
777 1751 1044 1808 invenerit
1087 1751 1318 1824 aliquam
1361 1753 1684 1819 veritatem;

37 1839 173 1895 sed
201 1841 264 1895 in
285 1842 480 1912 quibus
504 1843 769 1899 invenerit
793 1844 1004 1899 veritati
1030 1859 1323 1916 congruam
1345 1845 1682 1902 charitatem:

37 1947 203 2003 qua:
236 1932 286 1987 si
317 1932 564 2000 defuerit,
595 1934 845 2005 iniquitas
885 1936 1006 1992 erit.
1035 1936 1091 1992 In
1117 1951 1219 2007 qua
1251 1947 1430 1993 tamen
1468 1937 1686 1994 detenta

39 2025 288 2080 veritas
317 2024 560 2095 neganda
589 2040 698 2081 non
723 2035 826 2095 est,
858 2027 954 2083 sed
984 2028 1097 2099 ipsa
1139 2028 1394 2100 iniquitas
1439 2044 1546 2086 non
1590 2031 1687 2088 de-

40 2123 293 2170 structa
339 2117 563 2172 veritate
602 2116 905 2174 damnanda
944 2128 1049 2176 est.
1099 2119 1252 2177 Unde
1299 2133 1356 2178 et
1397 2123 1686 2192 Apostolus

44 2205 215 2260 dicit
251 2225 265 2261 :
305 2204 373 2259 Et
397 2208 441 2260 si
467 2207 624 2262 sciero
650 2209 824 2264 omnia
848 2208 1183 2265 Sacramenta
1207 2220 1256 2266 et
1279 2229 1479 2267 omnem
1521 2215 1688 2270 scien-

46 2301 233 2369 tiam,
257 2310 307 2354 et
336 2302 380 2356 si
407 2301 626 2357 habuero
655 2319 853 2359 omnem
873 2305 1194 2376 prophetiam
1213 2314 1263 2362 et
1282 2323 1482 2362 omnem
1507 2308 1681 2377 fidem,

50 2400 145 2453 ita
175 2408 241 2454 ut
267 2411 460 2455 montes
485 2401 804 2472 transferant,
829 2403 1122 2457 cbaritatem
1139 2411 1309 2459 autem
1327 2419 1431 2459 non
1450 2404 1684 2472 habeam,

51 2494 221 2547 nihil
244 2511 359 2548 sum
387 2496 427 2565 (I
455 2495 575 2549 Cor.
603 2512 717 2563 XIII,
743 2495 824 2567 2).
865 2495 940 2553 Se
964 2496 1098 2553 dixit
1125 2496 1258 2553 nihil
1303 2512 1442 2565 esse,
1475 2499 1520 2555 si
1551 2499 1684 2555 cha-

57 2589 306 2642 ritatem
351 2603 455 2642 non
484 2587 694 2654 habeat,
736 2602 843 2644 non
873 2598 1206 2646 sacramenta
1235 2598 1287 2646 et
1313 2591 1592 2647 scientiam
1631 2601 1688 2648 et

63 2681 431 2751 prophetiam
461 2691 515 2737 et
543 2681 720 2738 ﬁdem.
752 2683 846 2738 Illa
872 2683 1017 2739 enim
1062 2698 1256 2754 magna
1283 2692 1428 2751 sunt,
1477 2685 1687 2740 etiamsi

65 2773 177 2829 ille
209 2774 345 2828 nihil
373 2775 461 2842 sit,
493 2776 583 2847 qui
607 2791 670 2831 ea
697 2776 813 2832 sine
841 2775 1101 2832 charitate
1123 2775 1390 2843 habuerit,
1419 2785 1476 2833 et
1499 2791 1687 2833 eorum

64 2867 375 2922 veritatem
403 2871 454 2923 in
483 2883 577 2923 sua
607 2870 885 2940 iniquitate
913 2869 1219 2926 detinuerit.
1241 2869 1355 2925 Hoc
1379 2877 1434 2926 et
1453 2885 1553 2925 nos
1573 2871 1688 2925 istis

71 2960 366 3015 ltznreticis
389 2961 615 3016 dicimus
647 2979 661 3016 :
691 2961 808 3017 Non
839 2962 1160 3018 destruimus
1189 2962 1472 3018 veritatem
1501 2962 1686 3033 Bapti-

70 3054 304 3120 smatis,
336 3069 493 3124 quam
525 3056 577 3110 in
605 3063 781 3111 vestra
811 3056 1090 3126 iniquitate
1116 3055 1406 3122 detinetis;
1439 3056 1535 3112 sed
1563 3071 1687 3113 cum

74 3159 185 3199 vos
214 3144 552 3215 corrigimus,
584 3145 730 3201 illam
759 3146 1086 3202 destruimus
1126 3155 1183 3203 et
1205 3145 1515 3214 evertimus,
1546 3146 1689 3204 hanc

71 3244 274 3294 autem
314 3238 650 3308 agnoscimus
692 3245 747 3294 et
794 3245 1057 3295 tenemus.
1102 3237 1248 3294 Nihil
1289 3237 1471 3310 itaque
1523 3239 1686 3296 istum

79 3329 353 3400 adjuvant
383 3329 527 3397 plura
558 3329 863 3401 evangelica
891 3329 1220 3386 testimonia.

158 3418 256 3474 η.
290 3419 747 3489 Quemadmodum
788 3429 966 3475 autem
1009 3421 1165 3476 nobis
1193 3421 1354 3476 etiam
1396 3421 1687 3492 plurimum

76 3510 483 3581 sull'ragentur,
512 3511 749 3567 adverte.
783 3511 921 3567 Ecce
950 3513 1063 3582 ipsa
1098 3512 1262 3568 verba
1303 3513 1419 3584 ejus
1447 3514 1683 3570 attende.

79 3602 427 3671 Perdidisse,
473 3604 678 3674 inquit,
709 3605 898 3676 falsum
935 3621 1064 3675 Opus
1092 3621 1195 3660 non
1223 3605 1434 3660 dubium
1461 3615 1569 3672 est,
1599 3607 1689 3678 qui

79 3695 294 3749 tametsi
332 3697 386 3748 in
431 3696 632 3750 nomine
666 3695 792 3750 Jesu
831 3695 1048 3765 Christi,
1086 3698 1318 3770 sacrilegi
1363 3707 1528 3754 tamen
1574 3700 1688 3754 ausi

75 3797 211 3841 sunt
241 3788 461 3858 operari.
495 3787 608 3843 Hoc
647 3788 868 3844 omnino
896 3804 1083 3845 verum
1129 3797 1248 3859 est,
1295 3791 1546 3862 quoniam
1594 3792 1686 3863 qui

79 3878 338 3948 sacrilegi
372 3879 424 3932 in
464 3879 678 3934 nomine
714 3879 844 3936 Jesu
879 3878 1079 3936 Christi
1118 3881 1235 3937 ausi
1274 3891 1398 3937 sunt
1434 3883 1684 3953 cperari,

80 3973 284 4027 falsum
311 3987 446 4043 opus
474 3974 745 4044 proprium
769 3973 1136 4046 perdiderunt.
1163 3974 1432 4046 Numquid
1454 3976 1575 4032 ideo
1602 3987 1686 4032 ta-

83 4081 217 4121 men
245 4081 438 4120 nomen
469 4067 641 4137 ipsum
666 4066 792 4123 Jesu
820 4065 1015 4122 Christi
1038 4068 1355 4141 sacrilegum
1381 4078 1465 4125 est
1483 4113 1498 4138 ,
1525 4071 1685 4126 etiam

81 4172 215 4212 cum
249 4172 343 4225 per
379 4157 530 4212 illum
557 4158 801 4229 sacrilegi
827 4159 1026 4230 aliquid
1066 4161 1397 4230 operantur?
1427 4161 1558 4230 Quis
1587 4162 1688 4218 hoc

84 4250 289 4306 audeat
313 4249 399 4305 vel
425 4250 857 4307 dementissimus
898 4251 1116 4308 dicere?
1144 4255 1263 4324 quis
1282 4254 1394 4325 jam
1425 4256 1526 4309 isto
1555 4264 1688 4310 tem-

86 4357 226 4415 pore
253 4343 333 4397 vel
363 4357 599 4414 paganus
635 4343 828 4400 audeat
853 4343 1163 4401 affirmare?
1188 4345 1342 4402 Unde
1370 4355 1424 4402 et
1454 4346 1568 4417 ipse
1597 4346 1689 4403 Je-

86 4449 187 4490 sus
221 4434 466 4489 Christus
501 4449 624 4490 cum
651 4435 929 4492 verissime
964 4436 1199 4506 dixerit,
1229 4436 1329 4504 Qui
1355 4455 1550 4493 mecum
1581 4456 1684 4496 non

85 4529 320 4600 colligit,
357 4529 596 4602 spargit:
622 4538 804 4586 tamen
846 4545 966 4586 cum
1011 4531 1061 4587 ei
1104 4530 1349 4603 discipuli
1377 4531 1684 4604 dixissent,

87 4622 375 4695 quemdam
400 4637 462 4678 se
498 4623 769 4680 invenisse
785 4665 800 4690 ,
841 4624 932 4696 qui
962 4624 1015 4680 in
1041 4625 1256 4681 nomine
1282 4625 1400 4696 ejus
1422 4624 1685 4683 daemonia

87 4714 310 4785 ejiceret
329 4757 344 4782 ,
371 4723 425 4770 et
453 4713 787 4785 prohibuisse
806 4757 820 4780 ,
853 4717 976 4788 quia
1001 4730 1122 4772 cum
1154 4715 1234 4773 eis
1265 4716 1548 4772 Dominum
1576 4733 1683 4774 non

91 4806 435 4879 sequebatur;
458 4807 523 4862 ad
549 4807 651 4862 hoc
677 4808 972 4878 respondit,
1006 4808 1184 4864 Nolite
1205 4811 1468 4882 prohibere
1495 4827 1513 4866 :
1535 4827 1682 4866 nemo

95 4901 227 4955 enim
256 4902 460 4954 virtutes
489 4902 612 4972 facit
637 4901 690 4954 in
722 4902 924 4955 nomine
950 4917 1088 4966 meo,
1124 4911 1170 4956 et
1195 4912 1358 4972 potest
1391 4904 1524 4958 male
1547 4905 1684 4974 loqui

95 4993 159 5047 de
193 5008 272 5045 me
299 4991 487 5063 (Marc.
518 5008 607 5060 IX,
639 4993 729 5055 37,
762 4993 876 5064 38).
910 4993 966 5048 In
992 4993 1094 5048 hoc
1121 4994 1304 5066 utique
1335 4997 1547 5068 propria
1578 4997 1683 5052 ini-

95 5087 270 5158 quitas
289 5095 435 5153 erat,
467 5088 590 5156 quia
616 5101 722 5142 non
751 5101 872 5142 cum
901 5087 1128 5142 Domino
1152 5088 1469 5159 colligebat,
1503 5106 1602 5147 nec
1630 5093 1680 5148 in

96 5184 212 5252 ejus
241 5181 416 5252 gregis
444 5181 648 5236 unitate
675 5192 943 5252 pastorem
971 5197 1092 5238 cum
1115 5182 1393 5254 discipulis
1418 5185 1682 5255 sequeba-

96 5283 215 5329 tur:
247 5273 298 5327 in
324 5287 428 5343 qua
473 5272 750 5342 iniquitate
789 5287 883 5328 sua
912 5273 1191 5329 veritatem
1231 5274 1502 5331 detinebat
1543 5277 1679 5334 alic-

98 5379 236 5430 nam,
263 5363 404 5434 quod
428 5365 481 5418 in
513 5364 728 5420 nomine
752 5363 880 5421 Jesu
899 5363 1097 5420 Christi
1117 5365 1367 5436 ejiciebat
1390 5366 1676 5437 daemonia,

98 5467 150 5513 et
170 5461 236 5514 de
258 5457 349 5513 illo
378 5457 516 5512 male
537 5473 642 5512 non
670 5457 1002 5528 loquebatur.
1031 5458 1200 5528 IIujus
1226 5459 1402 5531 itaque
1425 5461 1678 5532 iniquita-

99 5559 202 5607 tem
228 5550 329 5606 illis
353 5549 536 5605 verbis
556 5549 814 5604 Dominus
839 5549 1078 5618 damnat,
1113 5550 1200 5605 ubi
1231 5551 1322 5617 ait,
1359 5551 1459 5619 Qui
1485 5570 1677 5607 ntecttnt

100 5661 194 5700 non
226 5643 450 5715 colligit,
496 5643 689 5715 spargit
724 5659 742 5696 :
768 5643 1047 5698 veritatem
1078 5657 1228 5698 suam
1275 5654 1449 5699 tamen
1495 5646 1546 5700 in
1587 5646 1676 5701 illo

101 5752 196 5815 non
218 5746 391 5808 negat,
419 5751 518 5792 nec
547 5735 832 5808 improbat,
856 5750 976 5790 cum
997 5734 1147 5802 dicit,
1175 5734 1352 5793 Nolite
1375 5740 1638 5810 prohibere
1655 5756 1674 5795 :

101 5848 234 5889 mmo
261 5833 390 5886 enim
419 5831 620 5885 virtutes
649 5831 774 5903 facit
793 5831 844 5885 in
871 5831 1074 5886 nomine
1101 5847 1238 5900 meo,
1269 5841 1317 5886 et
1353 5842 1512 5904 potest
1539 5837 1670 5890 male

1659 5919 1766 6018 Ὰ

1513 336 1714 394 LIBER
1755 337 1960 400 UNUS.

3281 354 3391 416 602

1797 455 1934 527 loqui
1962 458 2026 513 de
2064 475 2161 516 me.
2215 460 2329 518 Hoc
2381 460 2710 519 dominicum
2756 465 3058 539 exemplum
3105 475 3391 540 sequentes

1798 548 1956 604 etiam
1989 565 2087 607 nos
2117 567 2212 622 pro
2233 553 2436 610 viribus
2461 556 2681 618 nostris.
2711 555 2968 626 Baptismi
2989 558 3269 615 veritatem
3290 600 3307 627 ,
3332 568 3391 616 et

1796 639 2052 712 quidquid
2089 643 2234 699 aliud
2265 660 2455 701 verum
2497 646 2733 702 heretici
2771 656 2990 715 tenent,
3034 664 3233 720 negare
3275 665 3386 708 non

1796 747 2118 803 possumus,
2165 736 2466 806 improbare
2503 753 2568 794 ac
2611 739 2890 796 destruere
2917 757 3022 797 non
3075 742 3334 799 audemus
3365 763 3382 802 :

1795 827 2031 898 ipsorum
2058 839 2237 886 autem
2286 831 2656 902 iniquitatem,
2702 850 2804 904 qua
2850 850 2972 891 cum
3019 834 3234 892 Christo
3276 853 3384 894 non

1796 921 2068 991 colligunt,
2097 923 2190 978 sed
2217 934 2491 994 spargunt,
2520 925 2713 981 merito
2734 924 3097 994 detestamur,
3132 937 3186 984 et
3211 928 3410 984 invio-'

1796 1013 1902 1070 lata
1925 1031 2044 1086 qua:
2070 1017 2122 1072 in
2160 1017 2238 1072 eis
2275 1026 2357 1073 est
2385 1019 2606 1076 veritate
2643 1019 2988 1088 damnamus,
3017 1020 3103 1076 vel
3129 1031 3382 1093 quantum

1794 1107 2020 1164 sinimur
2046 1110 2414 1166 emendamus.

1864 1199 2093 1257 CAPUT
2123 1201 2257 1258 VIII.
2284 1233 2357 1245 —
2379 1205 2466 1261 i3.
2492 1205 2761 1275 Respiciat
2787 1221 2916 1278 ergo
2943 1206 3045 1263 iste
3070 1222 3176 1279 quo
3199 1223 3385 1265 errore

1793 1290 2009 1360 dixerit,
2038 1293 2178 1365 quod
2208 1304 2422 1351 secutus
2446 1295 2688 1366 adjunxit
2716 1315 2729 1350 :
2768 1296 2935 1352 Velint
2961 1298 3144 1365 nolint,
3172 1300 3385 1369 proinde

1795 1385 2061 1439 traditores
2102 1387 2360 1458 sacrilegis
2409 1387 2756 1444 Sacramentis
2800 1386 3059 1444 Christum
3101 1391 3261 1461 magis
3305 1392 3388 1460 of-

1792 1477 2026 1548 fendunt.
2055 1477 2174 1533 Alia
2211 1487 2294 1533 est
2314 1481 2512 1549 quippe
2539 1480 2812 1535 temeritas
2849 1489 2906 1537 et
2932 1489 3216 1552 utcumque
3247 1483 3383 1537 tole-

1791 1567 2006 1638 rabilis,
2034 1569 2174 1640 quod
2197 1570 2481 1627 traditores
2508 1571 2638 1628 dicit
2659 1572 2905 1629 homines
2927 1614 2942 1640 ,
2969 1588 3106 1645 quos
3124 1588 3245 1630 esse
3275 1589 3381 1631 non

1793 1659 1983 1731 probat
2014 1678 2028 1716 :
2058 1661 2185 1717 illud
2215 1670 2392 1718 autem
2423 1663 2545 1735 quis
2581 1664 2755 1732 ferat,
2789 1665 2932 1736 quod
2969 1665 3224 1737 sacrilega
3256 1666 3386 1723 dicit

1790 1752 2130 1810 Sacramenta
2157 1754 2376 1824 Christi,
2401 1757 2609 1812 etiamsi
2635 1772 2766 1814 vere
2783 1799 2800 1824 ,
2827 1761 2965 1813 sicut
2995 1759 3347 1815 calumniatur
3364 1801 3382 1827 ,

1789 1857 1822 1899 a
1851 1844 2195 1902 traditoribus
2224 1846 2581 1917 haberentur,
2621 1864 2741 1921 qua:
2781 1838 2839 1904 in
2866 1849 3082 1908 nomine
3122 1851 3296 1907 Patris
3327 1861 3384 1907 et

1791 1936 1912 1994 Filii
1947 1949 2003 1994 et
2036 1938 2266 2010 Spiritus
2306 1941 2476 1997 sancti
2518 1942 2626 1998 ritu
2668 1943 2974 2014 evangelica
3002 1943 3383 2000 celebrantur?

1791 2029 1891 2086 Hic
1915 2030 2140 2087 fortasse
2167 2032 2346 2100 dicat,
2383 2033 2494 2103 jam
2537 2049 2642 2090 non
2672 2049 2792 2092 esse
2819 2033 3019 2091 Christi
3065 2035 3383 2094 Sacramen-

1791 2129 1905 2176 tum
1941 2121 2084 2192 quod
2112 2136 2144 2177 a
2183 2123 2457 2195 sacrilegis
2499 2123 2674 2180 datur.
2701 2125 2809 2180 Cur
2832 2141 2938 2182 non
2966 2139 3096 2197 ergo
3121 2126 3250 2182 dicit
3274 2142 3382 2186 non

1791 2227 1912 2270 esse
1935 2214 2096 2270 etiam
2123 2229 2318 2271 nomen
2340 2212 2569 2284 Christi,
2603 2215 2750 2288 quod
2776 2232 2808 2273 a
2851 2217 3122 2289 sacrilegis
3145 2218 3381 2275 dicitur?

1791 2305 1942 2375 Quod
1981 2308 2202 2363 omnino
2228 2322 2337 2364 non
2375 2323 2537 2364 ausus
2563 2319 2646 2364 est
2674 2309 2874 2366 dicere.
2905 2310 2994 2366 Ait
3020 2312 3162 2367 enim
3194 2329 3209 2366 :
3245 2311 3385 2368 Per-

1791 2401 1980 2456 ditlisse
2016 2401 2172 2472 igitur
2197 2402 2382 2474 falsum
2411 2417 2540 2474 opus
2580 2419 2682 2458 non
2711 2402 2916 2457 dubiant
2943 2414 3017 2458 est
3035 2446 3050 2472 ,
3078 2405 3164 2476 qui
3190 2407 3386 2462 tametsi

1791 2492 1845 2546 in
1883 2495 2087 2550 nomine
2112 2493 2238 2550 Jesu
2258 2492 2483 2563 Christi,
2511 2495 2746 2567 sacrilegi
2776 2507 2943 2551 tamen
2971 2498 3084 2552 ausi
3121 2507 3240 2552 sunt
3263 2515 3384 2571 ope-

1791 2585 1919 2639 rari.
1945 2584 2168 2640 Tametsi
2187 2627 2203 2653 ,
2245 2585 2452 2656 inquit,
2484 2587 2539 2640 in
2578 2589 2780 2642 nomine
2804 2586 2930 2642 Jesu
2959 2587 3148 2644 Christi
3175 2605 3194 2644 :
3223 2605 3384 2645 num-

1792 2675 1918 2748 quid
1957 2677 2091 2732 dixit
2119 2691 2225 2732 non
2269 2693 2388 2733 esse
2417 2692 2612 2736 nomen
2653 2678 2780 2734 Jesu
2807 2679 3045 2735 Christi?
3082 2679 3231 2737 Sicut
3256 2697 3386 2755 ergo

1791 2770 1926 2828 nihil
1963 2771 2183 2842 prodest
2225 2771 2534 2843 sacrilegis,
2578 2771 2719 2842 quod
2749 2782 3040 2842 operantur
3068 2773 3120 2828 in
3170 2775 3386 2832 nomine

1791 2863 1918 2919 Jesu
1943 2862 2163 2930 Christi;
2195 2865 2272 2920 sic
2301 2863 2434 2921 nihil
2464 2864 2681 2937 prodest
2710 2864 2979 2921 haereticis
2999 2908 3015 2935 ,
3043 2865 3186 2938 quod
3214 2867 3386 2938 bapti-

1792 2963 1915 3010 zant
1948 2956 2032 3010 vel
2072 2955 2408 3026 baptizantur
2449 2955 2502 3011 in
2541 2955 2814 3027 Baptismo
2841 2955 2967 3012 Jesu
3011 2955 3210 3014 Christi
3240 2976 3253 3013 :
3285 2959 3385 3015 sed

1793 3054 1973 3102 tamen
2001 3047 2139 3102 sicut
2167 3046 2298 3102 illud
2337 3061 2536 3102 nomen
2560 3055 2643 3102 est
2675 3046 2802 3104 Jesu
2825 3045 3058 3117 Christi,
3089 3048 3164 3105 ita
3189 3059 3245 3107 et
3284 3050 3388 3108 iste

1792 3137 2095 3209 Baptismus
2113 3137 2242 3194 Jesu
2265 3138 2485 3195 Christi.
2522 3138 2590 3196 Et
2616 3147 2901 3212 utrumque
2921 3141 3310 3212 agnoscendum
3331 3152 3389 3198 et

1791 3231 2227 3302 approbandum,
2281 3246 2389 3287 non
2418 3231 2722 3303 negandum
2760 3241 2816 3288 et
2852 3233 3231 3289 destruendum
3263 3243 3383 3301 est;

1793 3339 1862 3379 ne
1900 3325 2060 3380 tantis
2104 3324 2260 3379 donis
2300 3324 2394 3378 Dei
2440 3323 2531 3378 fiat
2571 3323 2798 3394 injuria,
2840 3339 2962 3380 cum
3004 3325 3386 3395 sacrilegorum

1791 3415 1996 3472 eisdem
2023 3415 2177 3470 donis
2210 3415 2350 3470 male
2373 3415 2632 3470 utentium
2660 3415 2944 3485 corrigitur
2966 3418 3093 3470 vita.

1865 3512 1954 3568 I4.
1995 3510 2087 3565 Ille
2112 3509 2241 3564 dicit
2279 3509 2552 3580 sacrilegis
2583 3507 2848 3564 dicturum
2879 3507 3160 3564 Dominum
3181 3551 3197 3578 ,
3228 3508 3385 3566 Rece-

1792 3605 1896 3659 dite
1916 3621 1948 3658 a
1980 3620 2060 3658 me
2079 3645 2094 3670 ,
2127 3617 2298 3657 omnes
2320 3603 2406 3672 qui
2433 3601 2715 3670 operamini
2737 3602 3048 3672 iniquitatem
3072 3645 3088 3670 ,
3116 3604 3205 3674 qui
3234 3612 3384 3659 extra

1793 3697 2086 3752 Ecclesiam
2119 3694 2420 3766 baptizant,
2449 3694 2532 3750 vel
2559 3695 2821 3750 daamonia
2864 3694 3114 3766 ejiciunt,
3164 3696 3248 3752 vel
3288 3697 3385 3752 ali-

1791 3805 1926 3861 quas
1952 3791 2176 3845 virtutes
2205 3790 2262 3844 in
2291 3789 2506 3844 nomine
2535 3788 2662 3844 Jesu
2693 3788 2892 3844 Christi
2926 3799 3218 3859 cperantnr
3244 3807 3257 3843 :
3287 3805 3386 3846 nos

1791 3892 1967 3940 autem
1996 3883 2222 3938 dicimus
2243 3924 2259 3948 ,
2290 3883 2399 3937 imo
2423 3882 2536 3952 ipsa
2569 3881 2776 3937 Veritas
2801 3881 2964 3948 dicit,
3006 3882 3255 3938 omnibus
3282 3884 3386 3940 hoc

1793 3976 1960 4032 Deum
2001 3989 2122 4030 esse
2160 3974 2458 4040 dicturum,
2503 3974 2594 4044 qui
2643 3974 2780 4028 intra
2824 3973 2937 4043 ipsa
2983 3974 3204 4030 unitatis
3249 3976 3386 4030 retia

1792 4068 1916 4123 mali
1952 4068 2128 4138 pisces
2165 4082 2285 4122 cum
2315 4066 2470 4122 bonis
2501 4080 2667 4136 usque
2694 4065 2761 4120 ad
2809 4065 2957 4120 littus
2996 4075 3200 4121 natant.
3245 4065 3386 4133 Quid

1791 4162 1933 4216 enim
1973 4160 2056 4215 eis
2084 4157 2228 4213 aliud
2256 4157 2492 4224 dicetur,
2523 4171 2644 4212 cum
2688 4157 2741 4210 in
2767 4169 2893 4209 vasa
2921 4155 3160 4211 collectis
3191 4156 3382 4222 bonis,

1791 4253 1868 4308 illi
1907 4253 2028 4306 mali
2061 4250 2292 4322 separati
2337 4249 2685 4320 projicientur
2707 4290 2722 4315 ,
2756 4247 2890 4315 nisi,
2921 4248 3158 4303 Recedite
3195 4265 3228 4302 a
3265 4265 3380 4317 me,

1791 4345 1878 4413 qui
1915 4343 2197 4415 operamini
2233 4341 2595 4412 iniquitatem?
2622 4338 2733 4393 Nec
2775 4348 2950 4393 tamen
2979 4339 3036 4393 in
3077 4339 3154 4394 eis
3183 4336 3383 4394 Christi

1791 4437 2134 4493 Sacramenta
2165 4435 2522 4499 destruimus,
2553 4447 2676 4488 cum
2707 4431 2792 4488 vel
2837 4431 2972 4488 tales
3013 4431 3379 4502 baptizantes,

1789 4531 1874 4586 vel
1911 4530 2046 4585 tales
2075 4529 2373 4600 baptizatos
2403 4529 2540 4583 intra
2580 4527 2766 4582 eadem
2794 4526 3012 4581 unitatis
3052 4526 3188 4583 retia
3216 4541 3382 4597 agno.

1789 4624 2009 4680 scimus.
2053 4622 2202 4693 Ipsos
2239 4634 2450 4692 quoque
2494 4634 2602 4675 non
2643 4617 2877 4675 arbitror
2905 4628 3011 4673 tam
3043 4632 3162 4674 esse
3208 4617 3382 4689 impu-

1790 4719 1978 4775 dentes
1997 4759 2013 4786 ,
2043 4727 2100 4772 ut
2129 4715 2359 4772 audeant
2385 4716 2598 4782 dicere,
2631 4724 2738 4770 tam
2782 4713 2965 4769 multis
2993 4712 3148 4768 malis
3173 4721 3228 4767 et
3265 4727 3382 4767 sce-

1791 4809 2009 4876 leratis,
2037 4810 2126 4881 qui
2170 4810 2222 4864 in
2248 4823 2434 4865 eorum
2475 4817 2624 4878 parte
2653 4814 2778 4862 sunt
2821 4805 3118 4860 manifestis
3169 4804 3381 4876 ﬂagitiis

1789 4914 1844 4961 et
1890 4903 2211 4959 facinoribus
2249 4901 2442 4973 perditi
2485 4909 2539 4956 et
2585 4898 2880 4971 inquinati,
2912 4897 3015 4953 hoc
3039 4906 3157 4964 est,
3204 4899 3382 4953 avaris

1788 5010 1948 5071 atque
2001 4997 2346 5069 raptoribus,
2409 4995 2521 5050 sive
2586 4993 2903 5050 truculentis
2950 4990 3378 5058 feneratoribus,

1788 5092 1902 5147 sive
1944 5091 2180 5145 cruentis
2215 5085 2762 5152 circumcelllonibus,
2807 5083 3092 5139 Dominum
3126 5099 3232 5139 non
3261 5099 3380 5139 esse

1787 5185 2050 5240 dicturum
2075 5225 2090 5249 ,
2144 5182 2382 5237 Recetlite
2430 5197 2463 5234 a
2510 5195 2617 5244 me,
2670 5179 2758 5250 qui
2811 5177 3088 5250 aperantini
3135 5177 3380 5248 iniquita-

1786 5287 1883 5333 tem
1925 5296 1944 5334 :
1987 5288 2040 5333 et
2081 5288 2255 5333 tamen
2306 5275 2515 5342 sciunt,
2545 5271 2758 5338 vident,
2811 5279 3029 5339 tenent,
3075 5271 3274 5325 multos
3309 5280 3380 5325 ta-

1785 5369 1865 5425 les
1903 5369 2204 5439 baptizare,
2237 5367 2431 5422 multos
2461 5381 2491 5419 a
2523 5364 2720 5420 talibus
2761 5363 3052 5434 baptizari;
3088 5379 3186 5418 nec
3217 5363 3267 5417 in
3297 5363 3378 5417 eis

1784 5461 1979 5518 Christi
2009 5462 2204 5514 violant
2229 5459 2652 5524 Sacramentum,
2685 5458 2845 5513 etiam
2877 5457 2950 5512 illi
2980 5457 3170 5526 quibus
3191 5456 3376 5524 displi-

1783 5565 1905 5609 cent
1943 5555 2145 5608 scelera
2186 5567 2391 5607 eorum.
2434 5551 2550 5607 Non
2588 5553 2757 5606 solum
2805 5552 2982 5622 itaque
3024 5550 3155 5604 nihil
3187 5559 3372 5603 contra

1782 5662 1880 5703 nos
1899 5646 2050 5712 dixit,
2079 5660 2200 5700 eum
2223 5645 2336 5701 haec
2357 5645 2660 5714 evangelica
2692 5642 2992 5698 testimonia
3022 5640 3259 5712 protulit;
3283 5655 3372 5695 ve-

1780 5755 1897 5797 rum
1923 5739 2081 5797 etiam
2117 5753 2214 5793 nos
2239 5736 2366 5808 quid
2395 5748 2577 5792 contra
2599 5750 2693 5791 eos
2713 5734 3010 5790 diceremus
3028 5775 3043 5800 ,
3075 5732 3367 5787 admonuit.

1851 5831 2077 5888 CAPUT
2111 5831 2198 5886 IX.
2222 5861 2290 5870 —
2321 5830 2403 5887 15.
2435 5829 2661 5884 Pt‘uitttlc
2680 5825 2819 5896 quod
2849 5825 3086 5894 sequitur
3107 5832 3160 5880 ct
3189 5824 3368 5878 exsul-
