3778 6134
0 245 12 298 ι
851 215 877 245 τ
1371 224 1578 282 LIBER
1617 168 1848 294 mitis.-

0 367 56 416 at
88 373 202 450 par
231 356 400 430 nobis
428 368 593 430 causa
617 360 732 420 est,
759 351 882 428 quia
909 361 1010 420 nec
1037 346 1116 418 illi
1141 344 1284 420 quod
1310 344 1548 450 faciunt,

0 436 334 520 haereticos,
363 450 448 512 vel
475 463 611 522 quos
638 445 918 514 haereticos
944 449 1150 514 putant,
1178 439 1356 504 denuo
1378 436 1552 508 bapti-

0 559 57 612 ιι,
93 561 213 603 nec
243 559 352 601 nos
381 541 526 616 quod
554 540 795 604 facimus,
831 546 886 593 ut
911 538 1072 592 etiam
1099 533 1240 606 apud
1270 531 1552 593 haereticos

1 657 103 695 um
129 637 518 710 suscipiamus,
532 634 859 708 Baptismum
879 629 1103 708 Christi,
1125 628 1234 692 ullo
1251 635 1553 706 temporum

0 734 370 792 istolicorum
393 744 646 802 expresse
667 725 1015 794 confirmatur
1036 722 1304 792 exemplo.
1328 720 1434 780 Sed
1456 734 1555 784 nos

0 829 282 883 Ierientes
321 823 608 895 Apostolos
647 821 699 874 in
731 816 1058 894 quibuslibet
1096 812 1398 870 errantibus
1421 855 1436 880 ,
1467 812 1553 872 vel

0 921 171 975 ilibet
192 917 482 989 impietate
501 912 795 982 sacrilegis,
816 911 860 966 si
882 909 1008 980 quid
1035 908 1141 964 veri
1165 913 1550 978 cognoverunt,

0 1011 302 1067 iﬁrmasse
344 1006 520 1080 potius
557 1019 714 1078 quam
760 1016 1017 1074 negasse;
1056 999 1336 1070 hominum
1374 1005 1554 1068 autem

0 1118 176 1159 orem
218 1108 285 1159 et
321 1099 646 1172 impietatem
668 1138 682 1162 ,
715 1094 865 1151 salvo
890 1090 1032 1164 quod
1063 1092 1119 1156 in
1148 1091 1227 1163 eis
1255 1106 1439 1158 verum
1472 1089 1555 1160 in-

0 1207 156 1251 itum
185 1202 303 1260 est,
332 1188 646 1248 emendasse
669 1173 781 1243 Sive
807 1186 1092 1241 damnasse
1116 1203 1131 1240 :
1157 1183 1296 1240 hanc
1318 1183 1554 1254 regulam

0 1305 85 1344 am
113 1289 180 1343 in
201 1285 468 1358 Baptismi
488 1283 714 1338 veritate
735 1286 1021 1344 sectamur,
1045 1284 1105 1332 ut
1124 1276 1264 1362 apud
1283 1289 1417 1348 quos
1437 1289 1554 1340 eam

0 1381 318 1437 renerimus
361 1377 434 1432 ita
473 1381 733 1430 retentam
778 1380 940 1442 atque
983 1378 1283 1444 servatam,
1325 1368 1461 1438 sicut
1501 1368 1554 1444 in

0 1473 182 1530 clesia
214 1468 484 1529 catholica
527 1465 788 1523 retinetur
815 1441 974 1536 atque
1003 1441 1407 1530 servatur,.non
1436 1441 1556 1526 eam

0 1579 242 1637 gemus,
281 1575 456 1634 neque
493 1558 866 1628 destruamus;
900 1553 996 1610 sed
1035 1569 1096 1610 ea
1137 1559 1386 1626 manente
1414 1551 1556 1623 quod

5 1661 195 1716 iosum
218 1701 237 1726 ,
270 1656 414 1729 quod
444 1669 665 1728 pravum
686 1695 701 1720 ,
732 1651 877 1723 quod
913 1650 1104 1720 falsum
1145 1649 1196 1720 in
1238 1661 1557 1724 unoquoque

0 1753 118 1817 :rit,
150 1761 437 1810 curemus,
468 1745 819 1815 corrigamus,
849 1740 1230 1805 emendemus;
1259 1746 1350 1793 aut
1375 1738 1421 1793 si
1449 1752 1556 1802 non

3 1858 260 1908 ssumus,
294 1841 637 1905 detestatum,
667 1837 1084 1906 damnatumque
1112 1834 1361 1888 vitemus.

4 1938 97 1992 19.
133 1933 417 1997 Proinde,
445 1946 566 1985 cum
597 1943 691 1984 eos
718 1927 1073 1998 suscipimus,
1108 1940 1212 1981 non
1239 1923 1557 1996 suscipimus

0 2029 293 2100 lquitatem
324 2038 533 2089 eorum,
564 2037 665 2094 qua
691 2036 751 2076 se
780 2020 848 2074 ab
873 2016 1108 2074 Ecclesia
1137 2017 1332 2073 Christi
1361 2017 1556 2089 direm-

0 2125 126 2178 iene
170 2117 438 2187 sacrilega
468 2116 794 2179 diviserunt;
825 2127 928 2183 qua
959 2111 1146 2183 orbem
1172 2109 1553 2176 christianum,

0 2217 22 2270 εἰ
50 2217 204 2270 Deus
231 2225 334 2282 per
359 2209 576 2280 Legem,
609 2221 702 2276 per
723 2205 1039 2276 Prophetas,
1068 2217 1163 2274 per
1187 2201 1552 2274 Evangelium,

0 2325 36 2363 ετ
80 2305 376 2365 Psalmos,
421 2315 516 2370 per
561 2297 847 2368 Apostolos
887 2304 995 2350 tam
1041 2294 1205 2351 multa
1254 2294 1556 2350 testimonia

0 2400 239 2464 :rhibet,
289 2393 632 2451 calumniosis
676 2401 732 2451 ct
780 2389 1054 2446 maledicis
1098 2388 1558 2460 criminationibus

0 2499 290 2566 sectantur
324 2506 338 2543 :
370 2501 470 2542 nec
498 2500 618 2541 eum
656 2485 892 2556 ipsorum
926 2497 1163 2540 errorem
1205 2481 1554 2554 suscipimus,

0 2606 48 2644 Io
79 2586 426 2659 Baptismum
456 2578 655 2638 Christi
682 2578 841 2650 etiam
882 2576 1017 2648 apud
1059 2569 1558 2652 haereticosregula

0 2678 319 2748 sclesiastica
344 2673 668 2731 custoditum
695 2669 886 2727 nolunt
909 2683 1219 2742 agnoscere,
1246 2667 1442 2724 audent
1468 2667 1559 2723 dc-

0 2787 195 2836 ruere,
229 2785 340 2824 non
370 2767 613 2823 dubitant
646 2765 877 2836 iterare;
918 2762 1042 2838 quin
1079 2760 1277 2834 etiam,
1311 2761 1355 2824 si
1386 2775 1553 2832 quos,

0 2880 53 2920 sn
83 2863 270 2920 solum
301 2860 502 2926 laicos,
537 2857 630 2914 sed
657 2866 711 2913 et
739 2857 962 2912 clericos
984 2899 997 2920 ,
1028 2871 1126 2918 nec
1153 2852 1420 2927 quoslibet
1446 2854 1558 2912 cle-

0 2973 94 3014 eos
113 3001 128 3023 ,
161 2970 352 3011 verum
380 2963 434 3009 et
459 2951 802 3024 presbyteros
829 2959 883 3014 et
909 2949 1188 3020 episc0pos
1206 2990 1220 3015 ,
1251 2949 1349 3004 etsi
1376 2949 1428 3006 in
1457 2949 1558 3006 illis

0 3049 216 3105 cclesiis
245 3046 500 3117 baptizati
531 3050 674 3108 sunt,
704 3057 834 3113 quas
862 3042 1101 3114 Apostoli
1133 3041 1314 3096 labore
1343 3043 1560 3113 preprio

0 3143 338 3206 indaverunt,
361 3137 404 3192 si
428 3137 606 3207 aliquo
631 3135 790 3189 modo
816 3133 1064 3210 seductos
1091 3132 1157 3188 ad
1185 3148 1242 3188 se
1268 3132 1559 3201 transferre

0 3234 254 3299 atuerint,
283 3227 697 3285 catechumenos
722 3225 939 3298 faciunt.
970 3225 1094 3281 Haec
1117 3239 1302 3299 eorum
1329 3225 1559 3296 detesta-

0 3331 78 3384 ilia
123 3326 270 3384 mala
323 3337 660 3395 nequaquam
698 3320 1058 3391 suscipimus:
1089 3319 1555 3394 quandoquidem,

0 3423 56 3477 isi
86 3421 170 3477 eis
203 3417 478 3483 correctis,
510 3415 575 3470 ad
605 3429 703 3469 nos
733 3413 957 3467 transire
987 3428 1089 3467 non
1123 3419 1366 3482 possunt.

26 3512 265 3572 CAPUT
290 3511 406 3567 XII.
428 3541 502 3552 —
520 3509 612 3564 20.
639 3507 748 3563 Nec
771 3506 898 3561 illud
923 3506 1038 3561 sine
1063 3506 1401 3562 distinctione
1426 3520 1563 3577 prm-

0 3609 188 3663 erimus
208 3646 223 3670 ,
255 3612 314 3659 ut
342 3602 681 3658 humiliorem
711 3606 870 3669 agant
907 3599 1272 3669 paenitentiam
1292 3639 1306 3663 ,
1338 3596 1424 3668 qui
1451 3597 1560 3666 jam

0 3700 150 3756 deles
180 3695 477 3753 Ecclesiam
516 3691 831 3747 catholicam
867 3690 1249 3754 deseruerunt,
1283 3703 1438 3760 quam
1473 3687 1563 3760 qui

0 3811 15 3846 ι
41 3794 133 3849 illa
167 3789 407 3847 nondum
436 3787 668 3842 fuerunt.
699 3784 806 3839 Nec
835 3782 899 3836 ad
930 3783 1236 3837 clericatum
1272 3780 1562 3836 admittun-

0 3907 66 3955 ιη’,
99 3889 218 3943 sive
248 3883 316 3939 ab
345 3882 609 3939 haereticis
641 3878 949 3948 rebaptizati
980 3877 1104 3944 sint,
1125 3877 1237 3932 sive
1267 3875 1413 3950 prius
1441 3890 1561 3930 sus-

0 3983 102 4053 epti
145 3978 214 4034 ad
255 3977 374 4032 illos
418 3973 710 4040 redierint,
767 3972 878 4025 sive
917 3969 1055 4041 apud
1097 3969 1213 4023 illos
1246 3968 1421 4024 clerici
1452 3970 1565 4025 sive

0 4076 84 4130 sici
116 4070 337 4128 fuerint.
363 4068 431 4123 Et
451 4066 539 4138 qui
563 4065 678 4120 haec
703 4070 1006 4118 nostrorum
1032 4061 1361 4131 negligenter
1381 4069 1562 4131 agunt,

1 4177 138 4222 teos
160 4163 298 4218 forte
322 4159 548 4215 clericos
572 4158 624 4212 in
645 4154 917 4212 Catholica
945 4153 1162 4219 faciunt,
1189 4153 1274 4206 vel
1301 4165 1419 4213 esse
1445 4169 1568 4225 per-

0 4260 190 4313 uittunt
222 4272 234 4307 :
265 4252 509 4325 quamvis
538 4265 566 4304 a
593 4246 1016 4320 diligentioribus
1045 4244 1280 4299 fraterno
1303 4242 1424 4313 jure
1450 4243 1568 4300 cul-

0 4360 195 4413 rentur;
221 4356 396 4401 tamen
425 4358 524 4399 nec
549 4341 648 4414 ipsi
675 4341 752 4395 eis
771 4338 1077 4408 clericatum
1099 4335 1445 4391 deferendum
1473 4351 1570 4406 pu-

0 4450 84 4496 ant
104 4484 121 4507 ,
152 4437 258 4493 nisi
284 4450 418 4507 quos
447 4433 514 4490 ab
540 4433 648 4489 illis
674 4431 828 4486 malis
853 4430 938 4485 vel
969 4436 1228 4484 noverunt
1257 4426 1570 4482 emendatos

0 4551 129 4601 :sse,
168 4530 252 4586 vel
292 4528 535 4585 credunt.
575 4528 651 4581 Ac
691 4538 788 4596 per
819 4523 922 4578 hoc
951 4521 1147 4577 frustra
1182 4517 1571 4576 calumniantur

0 4624 233 4681 Ecclesia:
252 4620 546 4685 catholicze,
576 4618 897 4689 quicumque
919 4615 985 4669 ab
1009 4614 1123 4684 ejus
1145 4613 1342 4668 unitate
1367 4611 1571 4667 nefario

0 4720 185 4774 icelere
225 4722 558 4785 separantur.
599 4709 671 4767 Ut
713 4711 855 4765 enim
900 4708 1078 4763 verbis
1121 4706 1362 4777 Apostoli
1403 4707 1571 4777 magis

0 4823 99 4867 itar
129 4828 143 4866 :
175 4808 440 4864 Revelatur
465 4809 545 4861 ira
573 4805 670 4861 Dei
698 4806 759 4860 de
787 4805 910 4860 caelo
938 4819 1089 4874 super
1119 4819 1313 4857 omnem
1342 4802 1574 4872 impieta-

0 4915 79 4960 rem
115 4910 164 4958 et
199 4900 500 4973 injustitiam
533 4899 791 4954 hominum
819 4897 904 4966 qui
935 4896 1189 4950 veritatem
1225 4895 1279 4948 in
1315 4893 1576 4962 iniquitate

0 4999 206 5051 tetinent
229 4993 405 5066 (Rom.
434 5005 473 5058 ι,
505 4988 622 5062 I8).
650 4989 776 5044 Ila-c
803 4988 899 5053 ira,
933 4987 977 5041 si
1008 5001 1110 5042 non
1139 5001 1196 5040 se
1223 4984 1572 5048 correxerint,

0 5091 148 5144 etiam
178 5087 309 5141 istos
337 5081 634 5149 inveniet‘,
667 5079 756 5150 qui
790 5079 1064 5135 veritatem
1092 5075 1364 5130 christiani
1392 5074 1576 5144 Bapti-

0 5180 175 5235 smatis
207 5178 260 5232 in
297 5174 576 5246 iniquitate
613 5171 852 5227 detinent
895 5184 1005 5224 suae
1045 5167 1317 5238 sacrilegae
1356 5180 1577 5236 separa-

0 5272 172 5327 lienis.

63 5360 283 5419 CAPUT
310 5357 449 5414 XIII.
478 5388 548 5398 —-
570 5356 661 5410 2i.
691 5353 925 5410 Ecclesia
953 5368 1081 5409 vero
1109 5350 1364 5406 catholica
1383 5393 1397 5418 ,
1427 5364 1576 5421 qure,

0 5458 134 5512 sicut
155 5453 219 5510 de
243 5452 332 5506 illa
357 5448 671 5520 praedictum
698 5455 798 5511 est,
828 5460 922 5515 per
944 5459 1130 5499 omnes
1157 5451 1342 5514 gentes
1365 5441 1580 5512 copiosa

1 5545 310 5604 fecunditate
339 5539 677 5606 diffunditur,
711 5535 904 5592 nullius
938 5538 1014 5592 sic
1054 5534 1302 5592 emendat
1329 5521 1580 5608 iniquita-

13 5687 108 5795 ﬁt"
113 5689 178 5733 Er.
223 5688 274 5734 et
308 5686 419 5732 Lov.
460 5689 572 5729 cum
606 5673 850 5726 nonnullis
884 5677 1014 5732 Mss,
1061 5669 1176 5723 istos
1214 5668 1416 5732 injustas
1455 5669 1584 5722 inve-

1659 355 1799 418 tem,
1839 354 1896 403 ut
1932 347 1986 408 in
2024 361 2090 412 eo
2126 362 2235 406 non
2273 349 2475 422 ipsius,
2648 348 2732 408 sui
2769 348 2982 422 nomini
3018 350 3261 422 (testeum

1660 441 1960 504 veritatem.
1993 440 2129 508 Quid
2165 455 2294 514 ergo
2335 442 2437 499 i5te
2475 441 2628 514 quasi
2667 441 2889 510 licenter
2926 458 2990 500 ac
3031 443 3256 512 fidenter

1661 536 1924 592 exclamat
1954 553 1967 588 :
1997 534 2260 605 Baptizavi
2284 551 2507 602 securus,
2539 550 2685 606 quem
2709 544 2765 590 tu
2790 536 3066 608 sacrilegus
3091 536 3261 609 inqui.

1663 630 1830 696 uasti;
1865 629 2142 699 baptizqvi,
2174 628 2412 700 inquam,
2451 627 2548 698 feci
2579 627 2718 699 quod
2744 628 2858 699 fecit
2889 626 3087 695 Paulus
3125 646 3256 700 αρα-

1662 722 1862 776 status?
1887 720 2056 791 Legat
2082 720 2172 792 ubi
2199 719 2302 775 hoc
2336 719 2524 776 fecerit
2551 718 2825 790 apostolus
2852 719 3068 790 Paulus.
3101 719 3258 789 Quod

1663 815 1710 872 si
1733 813 1800 876 de
1826 813 1932 870 illis
1956 811 2096 884 apud
2117 812 2387 884 Ephesum
2410 810 2524 866 vult
2548 810 2787 881 intelligi,
2815 809 3007 882 audeat
3028 827 3155 883 ergo
3175 813 3258 867 di-

1661 923 1787 965 cere
1811 907 1952 978 quod
1980 921 2074 978 eos
2097 906 2332 972 Joannes
2367 904 2658 976 sacrilegus
2693 904 3068 975 inquinaverit.
3101 906 3254 975 Quod

1664 1002 1709 1068 si
1736 1017 1842 1058 non
1867 1000 2028 1068 audet
2049 1001 2248 1067 dicere,
2273 997 2526 1080 quoniam
2555 997 2949 1068 apertissimum
2975 997 3126 1062 nefas
3151 1008 3254 1067 est,

1662 1094 1874 1161 desinat
1903 1093 2114 1154 tandem
2148 1091 2216 1158 de
2248 1106 2310 1156 re,
2349 1090 2574 1162 multum
2611 1088 2853 1146 dissimili
2887 1088 3042 1156 falsa:
3067 1089 3256 1146 simili-

1664 1183 1862 1252 tudinis
1891 1183 2114 1252 nebulas
2139 1181 2393 1254 excitare.

1733 1275 1824 1330 22.
1852 1275 1984 1332 Nam
2012 1273 2142 1344 illud
2170 1273 2312 1346 quod
2341 1271 2582 1344 adjungit
2609 1271 2678 1332 de
2705 1272 2958 1344 episcopo
2982 1271 3258 1344 Carthagi-

1663 1372 1816 1430 nensi
1842 1368 2156 1441 Agrippino,
2183 1366 2252 1422 de
2275 1366 2474 1438 inclyte
2499 1374 2736 1438 martyre
2760 1365 3050 1436 Cypriane,
3079 1365 3147 1431 de
3173 1379 3261 1432 se-

1662 1461 1936 1536 ptuaginta
1966 1456 2386 1531 praecessoribus
2414 1457 2684 1529 Cypriani,
2713 1456 2836 1528 quia
2867 1455 2969 1512 hoc
2997 1456 3255 1526 fecerunt,

1663 1565 1718 1620 et
1747 1555 1860 1612 fieri
1891 1559 2262 1626 praeceperunt
2287 1549 2364 1622 (a)
2395 1568 2409 1606 :
2437 1565 2470 1606 o
2499 1565 2659 1622 quam
2685 1549 3033 1619 detestandus
3059 1557 3141 1619 est
3166 1564 3257 1606 er-

1663 1664 1756 1714 ror
1803 1647 2107 1714 hominum,
2150 1644 2241 1716 qui
2278 1643 2542 1710 clarorum
2584 1642 2821 1714 virorum
2859 1641 3103 1712 quautam
3148 1657 3255 1714 neu

1663 1750 1810 1800 recte
1848 1740 1982 1796 facta
2023 1736 2356 1812 laudabiliter
2395 1750 2452 1791 se
2491 1733 2683 1800 imitari
2709 1741 2933 1805 putant,
2961 1747 2992 1788 a
3028 1747 3256 1804 quorum

1663 1834 1947 1892 virtutibus
1966 1831 2125 1896 alieni
2145 1830 2298 1886 sunt!
2329 1827 2416 1884 Sic
2439 1826 2583 1892 enim
2603 1836 2659 1881 et
2675 1825 2918 1894 nonnulli
2943 1824 3104 1890 Petro
3127 1839 3258 1896 apo;-

1662 1928 1806 1988 stolo
1837 1923 2136 1996 comparari
2171 1937 2230 1986 se
2264 1920 2484 1987 volunt,
2515 1919 2558 1976 si
2589 1918 2858 1989 Christum
2900 1919 3210 1990 negaverint
3237 1936 3252 1975 :

1662 2025 1710 2082 si
1751 2036 1880 2081 vero
1923 2019 2080 2081 etiam
2121 2016 2321 2080 Gentes
2365 2012 2648 2080 iudaizare
2685 2011 2991 2082 coegerint,
3035 2011 3255 2070 vocitari

1663 2114 1900 2188 germani
1939 2112 2054 2181 ejus
2093 2109 2361 2166 afl‘ectaut.
2392 2106 2518 2164 Ιίωο
2546 2106 2599 2162 in
2627 2105 2718 2166 illo
2743 2113 2890 2162 tanto
2916 2103 3030 2170 vim
3065 2119 3255 2175 repre-

1665 2208 1945 2275 hensibilia
1976 2205 2191 2270 fuerunt
2221 2221 2234 2257 :
2264 2201 2356 2260 sed
2390 2209 2533 2265 tanta
2563 2199 2786 2266 eminuit
2812 2197 3101 2268 apostolica
3130 2213 3254 2268 gra-

1666 2306 1759 2372 tia,
1777 2311 1836 2363 ut
1854 2300 2110 2359 continuo
2129 2297 2465 2362 delerentur;
2485 2309 2586 2352 nec
2604 2294 2675 2360 ei,
2699 2307 2805 2354 non
2820 2292 2940 2348 dico
2959 2291 3200 2362 praeferri
3213 2291 3253 2358 ⁵,

1665 2400 1762 2457 sed
1789 2399 1976 2455 saltem
2009 2393 2176 2466 possit
2198 2391 2416 2459 aequari,
2444 2395 2536 2450 aut
2563 2386 2632 2444 de
2659 2386 2906 2460 proximo
2935 2384 3254 2456 comparari,

1663 2491 1906 2564 quisquis
1935 2496 2237 2552 nostrorum
2269 2493 2565 2553 temporum
2591 2479 2945 2543 christianos,
2976 2484 3070 2542 aut
3097 2477 3258 2543 etiam

1664 2586 1946 2657 episcopus
1971 2596 2070 2636 nec
2095 2577 2366 2638 Christum
2397 2572 2688 2643 negaverit,
2723 2585 2821 2634 nec
2845 2569 3044 2644 Gentes
3072 2568 3256 2634 iudai-

1664 2693 1788 2735 zare
1813 2672 2146 2745 compulerit.
2178 2669 2266 2728 Sic
2289 2676 2346 2729 et
2379 2667 2430 2724 in
2468 2674 2705 2737 martyre
2742 2663 3128 2735 gloriosissimo
3153 2659 3259 2732 Cy-

1665 2773 1854 2844 priano
1892 2788 1906 2825 :
1947 2768 1991 2822 si
2031 2764 2169 2836 apud
2215 2761 2499 2819 haereticos
2539 2756 2625 2814 vel
2667 2753 3037 2818 schismaticos
3075 2751 3256 2810 datum

1663 2842 1862 2923 Christi
1901 2860 2226 2930 Baptismum
2265 2852 2480 2912 nolebat
2516 2862 2840 2920 agnoscere,
2875 2845 3002 2912 dum
3041 2858 3136 2900 eos
3171 2842 3256 2910 ni-

1663 2959 1828 3020 mium
1873 2955 2260 3014 detestaretur,
2291 2959 2425 3016 quos
2463 2958 2494 3002 a
2530 2939 2794 2997 catholica
2831 2937 3067 3005 unitate,
3098 2948 3257 3005 quam

1663 3054 1891 3110 multum
1918 3045 2136 3113 dilexit,
2163 3045 2440 3114 separatos
2463 3033 2714 3098 dolebat;
2744 3039 2887 3093 tanta
2924 3028 3040 3100 ejus
3069 3027 3259 3093 merita

1664 3158 1834 3214 usque
1871 3139 1939 3195 ad
1979 3133 2304 3205 triumphum
2342 3125 2584 3200 martyrii
2615 3130 2905 3180 consecuta
2933 3128 3094 3186 sunt,
3123 3127 3261 3183 utet

1665 3208 1941 3291 charitatis
1966 3243 2067 3299 qua
2096 3222 2392 3292 excellebat
2417 3217 2658 3284 luce,illa
2687 3211 3026 3276 obumbratio
3044 3208 3258 3279 fugare-

1667 3336 1772 3394 tur,
1800 3333 1855 3380 ct
1884 3331 1940 3376 ut
1969 3327 2296 3384 sarmentum
2335 3313 2664 3368 fructuosum
2705 3307 2857 3366 ﬂeret
2896 3300 3256 3370 fructuosius,

1667 3423 1712 3476 si
1733 3417 1857 3490 quid
1878 3413 2107 3471 habebat
2127 3405 2480 3480 purgandum,
2499 3405 2542 3459 si
2567 3401 2713 3458 nulla
2738 3415 2798 3458 re
2821 3398 2945 3490 alia,
2967 3404 3114 3454 certe
3137 3411 3258 3467 pas-

1667 3487 1834 3575 sionis
1863 3507 1993 3562 falce
2021 3502 2203 3558 ultima
2236 3498 2527 3554 tolleretur.
2559 3491 2668 3550 Nec
2705 3505 2805 3551 nos
2838 3488 2962 3560 quia
3001 3487 3258 3557 Baptismi

1665 3603 1945 3660 veritatem
1967 3596 2123 3652 etiam
2147 3593 2201 3648 in
2226 3587 2600 3646 haereticorum
2627 3582 2902 3652 iniquitate
2921 3578 3260 3650 agnoscimus

1669 3695 1848 3768 potius
1867 3705 2027 3763 quam
2048 3699 2323 3757 negamus,
2347 3679 2466 3739 ideo
2486 3677 2737 3734 meliores
2754 3672 3020 3746 Cypriane
3040 3685 3222 3732 sumus
3243 3688 3257 3725 :

1670 3763 1809 3844 sicut
1833 3799 1931 3840 nec
1956 3783 2145 3847 Petro,
2174 3775 2297 3848 quia
2324 3772 2522 3829 Gentes
2558 3768 2836 3831 Judaizare
2863 3781 2972 3822 non
2999 3763 3258 3834 cogimus.

1671 3883 1785 3938 Hoc
1810 3880 1876 3935 de
1901 3875 2191 3946 Agrippino
2218 3868 2442 3939 aliisque
2476 3863 2741 3938 episcopis
2761 3902 2775 3927 ,
2803 3860 2892 3932 qui
2923 3859 3010 3922 illa
3037 3857 3262 3914 concilia

1671 3974 1864 4030 fecisse
1891 3968 2254 4042 perhibentur,
2282 3957 2676 4031 responderim,
2698 3953 2888 4026 quisic
2911 3953 3119 4012 diversa
3140 3966 3264 4010 sen-

1671 4075 1875 4134 serunt,
1902 4072 1959 4119 ut
1977 4077 2098 4118 cum
2121 4060 2220 4126 eis,
2244 4063 2428 4112 contra
2451 4066 2586 4123 quos
2607 4049 2674 4106 de
2701 4049 2800 4104 hac
2824 4047 3117 4117 quaestione
3141 4059 3266 4101 sen-

1673 4164 1897 4222 tiebant,
1926 4158 1979 4212 in
2018 4155 2222 4210 unitate
2251 4147 2620 4220 persisterent,
2649 4141 2738 4196 ubi
2767 4139 3000 4196 charitas
3026 4135 3266 4206 cooperit

1676 4250 2068 4312 multitudinem
2099 4236 2452 4315 peccatoruml
2486 4236 2577 4292 Sic
2611 4246 2842 4301 namque
2871 4228 3264 4288 ambulantibus

1675 4349 1728 4405 in
1770 4341 2021 4401 Ecclesiae
2059 4336 2281 4392 veritate
2302 4334 2346 4397 ²,
2387 4331 2440 4384 in
2479 4341 2639 4398 quam
2678 4329 3063 4394 pervenerant,
3097 4318 3267 4390 potuit

1675 4443 1838 4507 Deus,
1867 4439 2005 4493 sicut
2026 4427 2318 4502 Apostolus
2341 4423 2489 4489 dicit,
2519 4429 2572 4476 et
2597 4419 2702 4474 illis
2731 4414 2972 4472 revelare
2996 4411 3136 4484 quod
3162 4411 3264 4466 ali-

1676 4545 1760 4591 ter
1783 4529 2058 4602 sapiehant
2083 4520 2340 4597 (Philipp.
2370 4532 2450 4584 Ill,
2481 4514 2592 4584 15).
2623 4511 2769 4576 Nova
2797 4509 2939 4566 enim
2967 4515 3093 4562 tunc
3117 4520 3265 4576 quaa-

1680 4630 1784 4686 stio
1814 4599 1933 4691 fuit,
1965 4613 2413 4694 quemadmodum
2442 4605 2764 4679 suscipiendi
2795 4611 2977 4659 essent
3011 4599 3262 4663 haeretici,

1678 4737 1796 4792 qum
1818 4713 2100 4772 nonnullos
2121 4708 2311 4763 fratres
2331 4701 2637 4759 haereticam
2669 4695 2953 4768 perniciem
2978 4693 3269 4747 vehemen-

1681 4781 1762 4870 ter
1785 4809 1976 4866 merito
2001 4804 2346 4866 detestantes,
2365 4796 2479 4867 ipsa
2498 4794 2730 4848 novitate
2744 4785 2992 4851 turbavit,
3013 4793 3069 4838 ut
3092 4781 3268 4838 credi-

1679 4907 1857 4963 derint
1880 4901 1982 4958 hoc
2002 4899 2161 4954 etiam
2185 4895 2238 4950 in
2264 4893 2344 4949 eis
2367 4903 2486 4946 esse
2512 4880 2938 4956 improbandum,
2962 4876 3102 4950 quod
3128 4875 3269 4932 malo

1749 5105 1931 5152 *Locus
1949 5091 2260 5146 Floriacensis
2278 5086 2458 5140 codicis
2492 5094 2612 5152 ope_
2629 5077 3009 5148 redintegratus.
3038 5073 3274 5152 tu,

1684 5137 2382 5218 θηὶιῖἶξὶἴιιίὶὶῖῖῖέξᾶὖθὶύς,
2412 5137 2612 5218 vocitari
2647 5137 3273 5218 gerumriihejnsﬂffe‘cilqnt,

1684 5204 1983 5342 3553517?
1974 5204 2142 5286 qia—tia
2152 5204 2204 5266 ὗε
2227 5204 2446 5265 continuo
2484 5204 2792 5258 declarentur
2816 5214 2834 5252 :
2857 5213 2968 5252 cum
3002 5212 3090 5250 nec
3112 5204 3159 5249 ei
3180 5210 3276 5248 non

1680 5287 1794 5342 "ico
1815 5299 1919 5342 ora:
1940 5280 2058 5335 erri-
2345 5335 2356 5342 ,
2513 5339 2550 5342 __
2804 5340 2829 5342 η
2983 5337 3032 5342 Α,
3057 5321 3254 5342 ψη-.-

1721 5285 2250 5409 '50iﬁ'v‘iriififcciesgw
2268 5335 2472 5409 unitate.
2481 5339 2617 5409 “Mss:
2644 5327 2856 5409 quidam,
2877 5326 2946 5409 in,
2973 5321 3271 5409 sugerente.

1685 5384 1999 5484 Caetei'i'euui
2023 5384 2384 5468 antiquioribus
2399 5384 2692 5447 editionibus
2708 5400 2810 5441 Am.
2842 5384 2896 5440 et
2916 5394 3011 5449 Er.,
3035 5386 3088 5439 in
3111 5384 3276 5437 Eccle-

1686 5479 2085 5604 δίίίέιῒξῗέίέἷὶιὶωτ
2106 5514 2942 5604 de.¢9n9i'§2£t32399!193‘9.“1.t£'1?§
2965 5518 3025 5604 εξ.

1687 5569 2079 5666 “signata;
2092 5569 2658 5666 ὧεάιιῖξεεεεὲψξ

1687 5631 2517 5726 νέᾶῖιῖὺᾝὶέῑῖιῖῶἷξδ
2554 5631 2845 5726 ιὲιιξιέίἱιω.
2868 5636 2987 5689 vide
3007 5631 3155 5696 supra
3191 5631 3276 5682 lib.

1686 5705 2250 5786 §“dé"é;bii§}hd‘¢onm
2270 5705 2550 5769 bonatistns,
2574 5719 2624 5756 n.
2647 5705 2720 5756 t7.
