3784 6156
531 242 638 301 60'!

531 388 629 431 suo
657 374 906 431 tenebant
947 371 1166 428 bonum.
1196 371 1310 443 Ego
1349 383 1523 426 autem
1558 381 1615 426 ut
1655 369 1798 440 quod
1828 368 1894 424 de
1929 370 2027 424 hac
2063 383 2124 424 re

532 469 708 523 sentio
743 464 973 521 breviter
1005 463 1178 518 dicam
1211 481 1224 517 :
1258 462 1591 534 rebaptizare
1636 462 1916 517 hazreticos
1937 504 1951 528 ,
1983 461 2123 532 quod

532 559 608 615 illi
650 557 842 613 fecisse
879 557 1163 624 dicuntur,
1204 567 1331 612 tunc
1369 556 1465 612 fuit
1504 556 1719 612 humani
1759 556 1990 621 erroris;
2033 571 2123 610 rc-

533 648 804 719 baptizare
832 658 1008 704 autem
1038 649 1330 704 catholicos
1350 691 1364 714 ,
1396 648 1538 720 quod
1566 648 1741 704 adhuc
1775 648 1859 703 isti
1889 646 2122 717 iaciunt,

533 755 750 812 semper
775 750 861 797 est
886 742 1163 797 diabolica:
1192 742 1624 813 prassumptionis
1645 743 1684 796 ³.

601 831 831 890 CAPUT
857 832 995 888 XIV.
1017 864 1089 874 —
1105 833 1198 888 2'5.
1225 834 1331 890 Sed
1357 835 1477 889 volo
1502 834 1633 889 mihi
1661 834 1832 890 solvat
1856 835 1956 890 iste
1979 849 2126 906 qua:-

531 925 760 979 stionem
795 925 1266 997 :quandoquidem
1299 941 1420 981 cum
1455 926 1716 982 Romanae
1744 925 1996 982 Ecclesia:
2031 941 2126 996 per

531 1017 776 1072 ordinem
806 1027 1252 1073 commemoraret
1277 1018 1580 1089 episcopos,
1612 1019 1751 1074 inter
1776 1033 1871 1074 eos
1897 1033 2126 1074 comme-

532 1109 760 1164 moravit
804 1119 858 1164 et
903 1109 1230 1180 Stephanum
1273 1124 1407 1181 quos
1453 1110 1818 1181 episc0patum
1862 1109 2123 1165 illibatum

532 1202 766 1272 gessisse
799 1202 1076 1258 confessus
1103 1212 1204 1259 est.
1237 1205 1367 1259 Cum
1396 1218 1524 1275 ergo
1553 1203 1855 1274 Stephanus
1894 1219 1998 1258 non
2037 1217 2127 1259 so-

536 1294 645 1349 lum
674 1308 779 1349 non
809 1294 1161 1364 rebaptizaret
1186 1294 1485 1360 haereticos,
1517 1311 1703 1352 verum
1732 1297 1890 1352 etiam
1920 1295 2024 1352 hoc
2051 1295 2125 1349 ia-

533 1387 739 1442 cientes
758 1429 774 1454 ,
801 1387 886 1442 vel
912 1395 972 1441 ut
998 1387 1148 1442 lieret
1175 1386 1524 1442 decernentes
1541 1427 1557 1454 ,
1584 1385 2125 1442 excommunicandos

533 1491 656 1532 esse
674 1486 937 1544 censeret,
960 1477 1098 1532 sicut
1121 1477 1347 1533 aliorum
1369 1478 1738 1549 episcoporum
1760 1487 1816 1533 et
1839 1478 2004 1547 ipsius
2023 1477 2125 1549 Cy-

533 1571 707 1643 priani
738 1572 928 1627 littera:
957 1570 1276 1639 ostendunt;
1306 1582 1482 1626 tamen
1509 1587 1632 1628 cum
1659 1586 1724 1627 eo
1747 1569 2045 1643 Cyprianus
2071 1571 2124 1625 in

534 1666 752 1722 unitatis
777 1679 908 1734 pace
931 1665 1242 1736 permansit.
1269 1664 1404 1732 Quid
1437 1663 1522 1719 hic
1547 1663 1740 1719 dicturi
1765 1663 1920 1719 sunt?
1944 1662 2124 1718 Excu-

535 1757 668 1813 tiant
695 1756 904 1828 ingenia
929 1771 1026 1811 sua
1051 1765 1310 1828 quantum
1345 1764 1569 1826 possunt
1588 1797 1604 1823 ,
1632 1764 1686 1810 et
1708 1763 1887 1810 utrum
1913 1754 2127 1810 valeant

530 1847 860 1918 respondere
883 1847 1243 1904 considerent.
1271 1847 1413 1902 Ecce
1435 1846 1543 1902 duo
1562 1854 1715 1902 erant
1734 1861 1841 1900 uno
1863 1853 2122 1916 tempore,

534 1948 593 1995 ut
619 1939 688 1995 de
711 1940 830 1995 aliis
855 1949 1059 1995 taceam
1078 1981 1093 2005 ,
1122 1939 1212 2010 qui
1239 1938 1450 1994 diversa
1483 1937 1814 2004 sentiebant;
1843 1937 1950 1991 duo
1975 1945 2128 1992 erant

531 2030 1073 2086 eminentissimarum
1113 2030 1503 2096 Ecclesiarum,
1535 2028 1792 2084 Romana:
1830 2027 2038 2084 scilicet
2073 2036 2128 2083 et

531 2121 966 2193 Carthaginensis
991 2121 1250 2192 episcopi,
1275 2120 1578 2192 Stephanus
1603 2128 1659 2175 et
1679 2120 1998 2192 Cyprianus,
2023 2133 2128 2174 am-

532 2217 603 2272 bo
630 2217 683 2272 in
712 2217 914 2272 unitate
939 2215 1200 2270 catholica
1225 2214 1498 2270 constituti
1528 2233 1540 2268 :
1570 2228 1796 2284 quorum
1824 2213 2128 2285 Stephanus

533 2310 862 2380 Baptismum
889 2308 1085 2364 Christi
1113 2308 1168 2363 in
1195 2307 1340 2363 nullo
1368 2307 1671 2363 iterandum
1695 2321 1816 2363 esse
1843 2307 2124 2376 censebat,

533 2413 589 2460 et
609 2403 711 2458 hoc
731 2402 1045 2458 facientibus
1062 2402 1296 2472 graviter
1313 2401 1666 2457 succensebat
1689 2419 1703 2468 ;
1724 2400 2021 2474 Cyprianus
2043 2417 2130 2457 au-

536 2504 644 2552 tem
673 2496 726 2551 in
758 2494 951 2550 haeresi
973 2493 1057 2549 vel
1086 2492 1372 2549 schismate
1406 2493 1718 2564 baptizatos,
1734 2503 1984 2565 tanquam
2019 2509 2128 2549 non

535 2587 795 2643 habentes
820 2585 1149 2656 Baptismum
1177 2584 1396 2651 Christi,
1425 2585 1773 2656 baptizandos
1800 2585 1854 2640 in
1889 2587 2128 2643 Ecclesia

533 2681 794 2737 catholica
814 2678 1172 2736 existimabat.
1194 2677 1340 2733 Multi
1364 2693 1485 2733 eum
1507 2678 1620 2746 illo,
1643 2677 1858 2748 quidam
1880 2693 2002 2734 cum
2025 2679 2128 2734 isto

532 2773 692 2828 etiam
719 2771 1038 2835 sentiebant,
1062 2769 1272 2841 utrique
1291 2785 1412 2826 cum
1435 2771 1514 2826 eis
1539 2770 1592 2826 in
1620 2771 1819 2826 unitate
1839 2772 2130 2827 consisten-

489 2935 492 2938 Α
533 2875 618 2920 tes
637 2867 679 2917 ².
706 2864 761 2920 Si
785 2877 913 2934 ergo
938 2879 1123 2918 verum
1151 2871 1233 2917 est
1256 2861 1398 2932 quod
1423 2861 1509 2916 isti
1536 2861 1739 2928 dicunt,
1766 2870 1820 2917 et
1841 2861 1980 2917 unde
2003 2878 2130 2919 cau-

532 2970 649 3011 sam
669 2970 780 3010 sua:
797 2955 1149 3026 separationis
1168 2968 1432 3018 asserere,
1456 2953 1539 3007 vel
1563 2968 1826 3009 excusare
1843 2963 2125 3022 conantur,

534 3045 592 3100 In
629 3059 733 3100 una
771 3045 1148 3100 communione
1187 3044 1658 3100 Sacramentorum
1696 3044 1821 3098 mali
1859 3045 2131 3101 maculant

532 3136 724 3203 bonos,
755 3143 811 3190 et
837 3135 958 3190 ideo
985 3136 1249 3206 corporali
1275 3135 1632 3205 disjunctione
1657 3151 1688 3190 a
1715 3137 1977 3192 malorum
2000 3153 2130 3194 con-

531 3229 746 3299 tagione
784 3227 1140 3284 recedendum
1169 3235 1280 3290 est,
1313 3242 1382 3282 ne
1409 3242 1596 3283 omnes
1623 3228 1823 3298 pariter
1861 3238 2082 3298 pereant
2111 3247 2123 3284 :

528 3323 639 3392 jam
661 3330 786 3376 tunc
803 3319 1058 3391 Stephani
1079 3329 1133 3375 et
1155 3318 1407 3392 Cypriani
1431 3321 1758 3391 temporibus
1780 3321 2003 3391 periisse
2026 3321 2130 3377 Ec-

531 3413 748 3468 clesiam
773 3412 1135 3468 conﬁtendum
1163 3421 1268 3477 est,
1301 3427 1400 3468 nec
1427 3411 1657 3483 aliquam
1684 3413 1914 3484 posteris
1941 3413 2128 3470 dereli-

529 3514 671 3561 ctam
688 3503 730 3571 ',
752 3505 840 3560 ubi
865 3505 1106 3560 Donatus
1127 3505 1240 3575 ipse
1259 3504 1607 3576 spiritualiter
1627 3514 1954 3562 nasceretur.
1973 3507 2127 3575 Quod

529 3600 574 3654 si
602 3599 784 3655 dicere
809 3598 1072 3654 nefarium
1095 3598 1354 3668 iudicant,
1375 3598 1498 3669 quia
1522 3614 1709 3655 revera
1730 3600 1991 3656 nefarium
2010 3608 2122 3668 est;

529 3692 670 3747 sicut
689 3691 884 3747 mansit
903 3690 1142 3745 Ecclesia
1163 3705 1225 3744 ex
1248 3689 1354 3744 illis
1376 3691 1704 3760 temporibus
1723 3707 1893 3762 usque
1913 3691 1979 3746 ad
2001 3700 2128 3748 tem-

531 3797 660 3853 pora
684 3781 953 3837 Caeciliani
974 3789 1028 3835 et
1045 3780 1288 3850 Maiorini
1314 3780 1427 3835 sive
1451 3781 1658 3847 Donati,
1684 3797 1782 3837 nec
1805 3797 1922 3838 eam
1945 3797 2126 3838 macu-

531 3873 691 3930 lando
713 3872 935 3944 perdere
959 3880 1244 3942 potuerunt
1266 3872 1586 3942 quicumque
1609 3873 1661 3927 in
1683 3888 1801 3928 eam
1828 3874 2123 3930 secundum

531 3967 675 4035 ipsos
705 3963 821 4019 sine
849 3962 1120 4033 Baptismo
1145 3961 1365 4018 admissi
1388 3972 1532 4030 sunt,
1559 3963 1702 4034 pleni
1727 3965 1975 4021 omnibus
2000 3981 2125 4037 pec-

527 4057 663 4113 catis
685 4065 740 4113 et
765 4056 1077 4111 criminibus
1105 4057 1237 4120 suis,
1267 4070 1368 4112 nec
1391 4056 1497 4111 ulla
1521 4056 1658 4112 facta
1680 4065 1764 4113 est
1786 4073 1814 4112 a
1834 4058 2122 4135 Cypriano,

526 4160 582 4207 et
607 4152 687 4206 eis
716 4150 804 4220 qui
843 4149 1040 4221 pariter
1074 4147 1143 4204 de
1176 4148 1449 4220 Baptismo
1473 4149 1782 4220 sapiebant,
1811 4151 1879 4206 ab
1907 4152 2121 4208 illorum

525 4241 904 4300 communione
941 4240 1166 4307 divisio;
1196 4240 1443 4312 quoniam
1485 4255 1591 4297 non
1630 4255 1690 4297 se
1727 4241 2123 4300 arbitrabantur

528 4337 581 4392 in
623 4336 827 4391 unitate
868 4341 925 4389 et
969 4333 1345 4388 communione
1387 4343 1841 4390 sacramentorum
1883 4335 2118 4405 Christi,

525 4429 715 4483 alienis
755 4425 908 4481 malis
946 4439 1104 4495 posse
1137 4424 1393 4480 maculari
1424 4441 1439 4479 :
1469 4425 1548 4480 sic
1581 4425 1754 4496 potuit
1786 4435 1840 4481 et
1867 4425 2121 4497 deinceps

528 4521 766 4579 Ecclesia
797 4533 1145 4591 permanere,
1170 4533 1328 4590 quam
1359 4526 1506 4585 toto,
1536 4519 1674 4574 sicut
1697 4517 1764 4574 de
1798 4520 1882 4574 illa
1921 4520 2118 4590 praedi-

525 4625 670 4671 ctum
700 4621 814 4680 est,
846 4621 1109 4668 terrarum
1139 4612 1270 4668 orbe
1295 4621 1624 4668 crescentem
1654 4614 1803 4669 nullo
1831 4614 1990 4670 modo
2018 4630 2120 4685 po-

527 4714 701 4762 terant
720 4702 1078 4775 quorumlibet
1097 4702 1413 4758 traditorum
1432 4717 1496 4757 ac
1511 4701 1930 4759 facinorosorum
1947 4705 2118 4762 aliena

525 4798 747 4852 crimina
776 4795 1076 4859 maculare;
1110 4793 1249 4848 sicut
1274 4793 1328 4847 in
1350 4808 1452 4848 una
1477 4807 1602 4848 area
1625 4809 1792 4864 usque
1816 4794 1882 4850 ad
1909 4802 2118 4866 tempus

526 4887 886 4944 ventilationis
924 4884 1178 4941 maculari
1215 4883 1382 4956 paleis
1419 4883 1682 4941 frumenta
1712 4900 1818 4940 non
1858 4897 2114 4957 possunt,

527 4983 664 5037 sicut
703 4983 838 5037 intra
878 4994 978 5034 una
1018 4978 1152 5034 retia
1196 4992 1365 5049 usque
1397 4977 1464 5033 ad
1509 4986 1716 5050 tempus
1757 4979 1948 5039 littoris
1990 4983 2115 5039 mali

527 5077 702 5148 pisces
729 5075 898 5131 bonos
923 5073 1085 5129 simul
1113 5071 1346 5128 natando
1373 5086 1480 5128 non
1507 5072 1755 5143 perdunt.

598 5168 690 5225 24.
723 5165 876 5223 Nulla
905 5166 1065 5238 igitur
1089 5166 1225 5221 ratio
1253 5164 1374 5233 fuit,
1399 5164 1495 5220 sed
1514 5166 1780 5220 maximus
1807 5165 1974 5237 furor,
2002 5184 2111 5240 quo

531 5261 618 5317 isti
655 5261 799 5316 velut
840 5259 1099 5315 malorum
1139 5258 1571 5315 communionem
1611 5270 1897 5330 caventes,
1947 5277 2008 5320 se
2046 5264 2115 5320 ab

569 5400 609 5471 ,ι
636 5397 885 5447 Vaticanus
917 5401 998 5445 Ms.
1019 5430 1036 5456 ,
1075 5393 1327 5446 diabolicae
1364 5392 1658 5459 deceptiom’s
1697 5400 1744 5447 et
1773 5397 2112 5464 praesumptio-

524 5475 728 5572 mﬁam.
759 5528 809 5571 et
831 5533 1001 5572 omnes
1021 5527 1150 5581 Mss,
1171 5519 1403 5572 sistentes.

590 5589 612 5620 ³
633 5588 706 5634 sic
727 5583 1042 5634 Floriacensis
1061 5590 1207 5634 vetus
1226 5584 1399 5634 codex.
1437 5587 1606 5635 caeteri
1631 5583 1740 5634 fere
1760 5591 1866 5634 Mss.
1886 5587 2115 5639 omittunt

527 5649 696 5718 verba,
722 5644 1045 5718 conﬁtendum
1081 5652 1171 5718 est,
1191 5644 1531 5718 nequiquam,
1557 5648 1674 5718 ﬁdi-ti
1714 5662 1833 5697 vero
1868 5648 2026 5718 locum
2048 5651 2115 5718 ita

527 5709 946 5824 {.ggict‘tgngrabant,
969 5714 1150 5759 constat
1173 5709 1370 5771 periisse
1405 5709 1686 5770 Ecclesiam,
1700 5723 1788 5760 nec
1809 5711 2012 5776 posteris
2033 5713 2114 5764 de-

1134 256 1222 313 ΒΕ
1261 255 1466 314 UNICO
1503 253 1841 310 BAPTISMO
1877 249 2149 307 CONTRA
2189 247 2628 326 PETlLlANUM,
2668 257 2725 316 S.
2767 261 3139 322 AUGUSTINI
3749 275 3784 332 ἃ

2238 373 2436 470 unitate
2465 374 2662 434 Christi
2689 396 2807 452 quae
2829 392 2941 440 toto
2962 386 3092 444 orbe
3115 386 3455 462 diffunditur,
3484 411 3784 470 separat-ut

2231 464 2341 521 Nisi
2388 470 2522 526 forte
2550 487 2580 527 a
2619 476 2930 534 criminibus
2961 482 3184 540 erimina
3207 489 3439 546 mirabili
3468 464 3600 550 arte
3626 496 3784 555 disce

2233 570 2398 628 nunt,
2431 579 2536 619 non
2563 565 2630 622 de
2651 567 2961 641 Scripturis,
2997 575 3091 631 sed
3118 577 3185 634 de
3210 581 3462 639 cordibus
3486 586 3618 642 suis
3647 575 3784 648 distii

2232 655 2468 712 ctionum
2497 662 2705 732 regulas
2730 664 3100 742 proferentes,
3133 682 3292 745 atque
3316 677 3595 744 dicentes,
3627 683 3688 738 in
3726 701 3784 740 ua

2230 757 2339 806 tate
2367 756 2756 812 communionis
2797 759 3265 824 Sacramentorum
3295 770 3396 826 alia
3442 775 3691 830 crimina
3719 777 3784 832 ali

2231 856 2299 896 na
2329 844 2446 899 sine
2489 849 2943 909 contaminatione
2991 859 3241 927 tolerari,
3291 862 3610 922 traditionis
3658 880 3784 924 aute

2231 935 2456 992 crimine
2502 952 2691 996 omnes
2714 984 2730 1009 ,
2766 945 2857 1016 qui
2905 961 3028 1004 cum
3072 951 3267 1009 talibus
3293 953 3657 1014 Sacramenta
3691 976 3784 1016 con

2231 1028 2656 1124 munic‘averint,
2703 1036 2953 1096 detineri.
3001 1041 3107 1098 Sed
3155 1046 3281 1102 hinc
3314 1047 3522 1106 diutius
3554 1052 3784 1124 disputa:

2230 1120 2556 1189 superﬂuum
2581 1135 2683 1193 est,
2732 1132 3026 1198 praesertim
3066 1138 3186 1206 quia
3217 1146 3272 1193 ct
3300 1139 3400 1197 hoc
3425 1120 3722 1201 rarissimi:
3748 1164 3784 1202 al

2231 1211 2366 1268 dent
2393 1214 2595 1286 dicere,
2625 1220 2726 1290 ipsi
2752 1238 2965 1296 quoque
2995 1231 3419 1291 verecundantes
3443 1246 3498 1292 et
3530 1241 3784 1296 sentient

2229 1318 2367 1360 vana
2397 1321 2457 1363 se
2483 1309 2665 1381 loqui;
2711 1321 2766 1369 et
2799 1329 2920 1372 cum
2947 1332 3010 1373 ea
3036 1319 3250 1391 dicunt,
3279 1325 3423 1382 nullo
3451 1328 3650 1385 divino
3687 1343 3784 1389 test

2230 1399 2413 1455 monio
2442 1399 2630 1460 fulcire
2654 1405 2914 1464 nituntur.
2961 1410 3126 1484 Magis
3147 1414 3290 1471 enim
3318 1418 3490 1475 solent
3524 1422 3582 1476 in
3615 1439 3720 1479 ore
3752 1426 3784 1477 h:

2229 1488 2358 1547 bere
2377 1532 2394 1559 ,
2425 1495 2636 1564 quando
2658 1501 2891 1566 peccatis
2922 1502 3149 1560 aliorum
3175 1507 3310 1565 alios
3337 1510 3712 1570 criminantur
3731 1558 3746 1580 ,
3772 1533 3784 1574 ε

2230 1584 2594 1642 excusandum
2624 1589 2773 1646 nefas
2803 1595 3156 1663 separationis
3184 1613 3295 1656 suae
3314 1643 3329 1667 ,
3374 1601 3603 1661 Videbas
3641 1613 3784 1678 {ara

2228 1683 2278 1730 et
2301 1678 2632 1734 concurrebas
2651 1698 2764 1736 cum
2787 1699 2846 1739 eo
2867 1683 3041 1756 (Paul.
3064 1704 3210 1757 xux,
3231 1692 3353 1762 £8);
3384 1703 3459 1760 et,
3485 1695 3578 1752 Ne
3598 1716 3784 1756 comm:

2229 1773 2474 1832 nicaveris
2510 1779 2726 1847 peccatis
2750 1780 2929 1836 alienis
2966 1783 3009 1855 (1
3040 1783 3172 1840 Tim.
3201 1803 3253 1853 v,
3281 1787 3411 1861 22);
3438 1801 3530 1861 et,
3564 1794 3784 1850 Recedit

2230 1865 2359 1920 exite
2383 1866 2530 1934 inde,
2576 1879 2624 1924 et
2656 1871 2975 1929 immundum
3001 1893 3064 1931 ne
3089 1878 3346 1950 tetigeritis
3375 1882 3531 1956 (Isai.
3564 1902 3636 1943 ιιι
3661 1931 3678 1954 ,
3717 1892 3773 1945 Η

2229 1965 2320 2051 et,
2374 1957 2474 2025 Qui
2504 1962 2719 2034 tetigerit
2758 1967 3042 2036 pollutum,
3090 1972 3316 2041 pollutus
3360 1985 3432 2032 est
3474 1978 3671 2051 (Leuit.
3704 1999 3784 2040 xx]

2229 2049 2355 2121 4-6)
2379 2069 2394 2118 ;
2434 2063 2489 2108 et
2507 2095 2522 2120 ,
2551 2055 2814 2113 Modicum
2841 2060 3142 2130 fermentum
3175 2073 3331 2121 totam
3353 2049 3577 2127 massam
3597 2091 3784 2132 comm

2232 2143 2306 2213 pit
2339 2143 2396 2217 (l
2421 2144 2539 2201 Cor.
2572 2165 2605 2201 v
2627 2191 2642 2215 ,
2681 2150 2752 2222 6)
2786 2170 2799 2207 :
2831 2163 2884 2209 et
2925 2156 3026 2211 alia
3069 2157 3371 2228 huiusmodi
3394 2204 3410 2228 ,
3465 2166 3673 2236 quibus
3723 2188 3784 2226 ne

2235 2237 2532 2333 traditionis
2581 2243 2782 2300 crimen
2830 2245 2900 2303 ab
2946 2249 3066 2305 aliis
3110 2252 3424 2313 criminibus
3467 2259 3653 2332 aliqua
3708 2279 3784 2333 pri

2233 2329 2459 2400 prietate
2487 2333 2839 2407 discernitur,
2895 2340 2988 2396 sed
3033 2345 3208 2399 omnis
3246 2349 3450 2417 peccati
3496 2329 3784 2412 consociat

2231 2422 2564 2492 prohibetur.
2619 2427 2749 2497 Qua:
2786 2440 2964 2488 tamen
2993 2434 3169 2492 divina
3201 2441 3538 2509 testimonia,
3574 2449 3662 2503 vel
3693 2465 3784 2518 pra

2231 2525 2385 2585 cepta
2410 2559 2425 2583 ,
2477 2519 2524 2574 si
2565 2535 2632 2576 eo
2660 2523 2822 2579 modo
2847 2541 2954 2597 quo
2983 2527 3107 2598 isti,
3155 2531 3479 2606 intelligeret
3505 2536 3784 2612 Cyprian

2233 2612 2471 2679 profecto
2497 2629 2556 2668 se
2598 2614 2666 2670 ab
2712 2614 2984 2688 Stephano
3012 2635 3319 2693 separaret,
3369 2644 3471 2684 nec
3495 2647 3623 2688 cum
3658 2635 3751 2690 illo
3779 2637 3784 2691 i

2234 2706 2510 2800 catholica:
2528 2709 2746 2766 unitatis
2762 2717 3139 2774 communione
3165 2722 3496 2789 persisteret.
3519 2725 3620 2783 llle
3633 2731 3784 2800 quipp

2232 2795 2526 2852 secundum
2544 2801 2860 2858 sententiam
2875 2820 3032 2876 quam
3050 2807 3118 2864 de
3129 2807 3496 2881 Baptismoisti
3512 2795 3784 2876 tenendan

2234 2898 2462 2958 putant,
2515 2891 2801 2952 hrcreticos
2847 2907 2901 2952 et
2942 2899 3310 2960 schismaticos
3338 2907 3474 2964 sicut
3515 2913 3784 2982 opinantm

2233 2981 2565 3054 Baptismum
2598 3003 2704 3043 non
2735 2989 3024 3060 habentes,
3057 2995 3386 3055 admittendo
3417 3002 3470 3058 in
3502 2981 3784 3063 Ecclesiam

2232 3078 2662 3134 communicabat
2683 3083 3153 3156 peccatisalienis;
3185 3091 3306 3160 quia
3334 3093 3586 3154 videlicet
3611 3111 3784 3170 peccat

2231 3181 2416 3223 eorum
2462 3171 2552 3242 qui
2598 3172 2870 3244 Baptismo
2910 3192 3040 3234 vero
3084 3181 3246 3237 abluti
3277 3199 3384 3241 non
3427 3201 3618 3259 erant,
3675 3195 3784 3250 int-1'

2232 3260 2416 3331 utique
2459 3266 2867 3334 permanebant.
2918 3270 3112 3328 Debuit
3138 3290 3266 3347 ergo
3304 3277 3606 3350 Cyprianus
3630 3287 3706 3342 ab
3739 3289 3784 3346 lu

2226 3354 2317 3423 jus
2347 3359 2361 3388 ί
2393 3361 2770 3419 communione
2794 3365 3102 3436 discedere,
3149 3387 3218 3428 ne
3245 3357 3506 3435 eumiure
3533 3395 3784 3443 concum

2232 3458 2314 3504 ret
2332 3490 2345 3512 ,
2379 3467 2445 3506 nc
2469 3455 2699 3524 peccatis
2726 3462 3146 3521 communicaret
3171 3467 3381 3538 alienis,
3408 3488 3477 3528 ne
3503 3482 3784 3549 contagion

2233 3544 2600 3644 inquinarclur
2646 3551 2942 3622 immundi,
2995 3573 3062 3613 ne
3100 3560 3336 3631 pollutus
3365 3566 3516 3623 lierct
3556 3544 3784 3644 tangend

2232 3640 2492 3708 pollutum
2517 3685 2533 3710 ,
2567 3659 2634 3699 ne
2664 3645 2927 3703 fermento
2950 3665 3389 3724 corrumperetur
3413 3640 3674 3720 aliorum:
3713 3669 3784 3725 Ha

2230 3747 2357 3803 ergo
2404 3735 2653 3804 quoniam
2703 3754 2808 3795 non
2849 3741 3011 3811 fecit,
3062 3746 3156 3802 sed
3187 3763 3308 3805 cum
3337 3753 3414 3807 eis
3453 3756 3658 3814 unitate
3702 3777 3784 3833 per

2230 3828 2460 3896 mansit,
2492 3838 2598 3884 tota
2630 3831 2794 3902 ipsius
2826 3836 3043 3894 unitatis
3077 3848 3204 3898 tunc
3231 3859 3407 3901 massa
3435 3828 3784 3924 corrupta‘esl

2230 3935 2330 3975 nec
2373 3925 2733 3992 perseveravit
2775 3927 3049 3999 Ecclesia,
3091 3949 3209 4004 qua:
3236 3945 3418 4006 postea
3445 3953 3661 4001 sanctos
3688 3949 3784 4004 ista

2229 4030 2346 4069 rum
2370 4016 2685 4086 Majorinum
2715 4033 2925 4091 pareret
2949 4041 3010 4081 ac
3043 4026 3326 4087 Donatum.
3353 4033 3466 4092 Hoc
3488 4039 3610 4108 quia
3637 4041 3784 4098 dicen

2231 4109 2380 4163 nullo
2424 4112 2582 4166 modo
2629 4115 2860 4180 audent;
2912 4128 3078 4190 restat
3112 4132 3172 4178 ut
3196 4125 3459 4182 fateantur
3495 4130 3667 4189 bonos
3695 4151 3784 4190 cun

2228 4201 2387 4256 malis
2415 4202 2466 4256 in
2503 4189 2968 4266 Sacramentorum
2995 4212 3410 4274 Christianorum
3437 4227 3784 4282 communium

2225 4295 2342 4351 sine
2371 4297 2476 4352 ulla
2502 4312 2597 4354 sua
2628 4299 2748 4356 labe
2775 4304 3061 4371 mansisse,
3087 4317 3141 4363 et
3170 4325 3337 4381 usque
3361 4314 3426 4368 ad
3455 4324 3663 4386 tempus
3693 4321 3784 4376 Cae-

2225 4387 2402 4443 ciliani
2428 4404 2801 4460 perseverasse
2828 4393 3122 4454 Ecclesiam
3148 4399 3382 4472 Christi,
3412 4421 3518 4462 non
3545 4409 3662 4466 sine
3693 4415 3784 4470 ulli

2226 4479 2530 4536 hominibus
2548 4483 2722 4548 malis,
2752 4494 3006 4558 tanquam
3033 4490 3084 4545 iu
3108 4491 3304 4552 horreo
3318 4496 3427 4565 jam
3457 4503 3784 4570 reconditam,

2225 4574 2317 4628 scd
2345 4573 2521 4631 adhuc
2549 4579 2835 4633 commixta
2864 4582 3016 4651 palea
3045 4592 3295 4656 tanquam
3324 4591 3377 4644 in
3407 4605 3529 4646 area
3549 4599 3784 4653 constitu

2227 4675 2354 4722 tam.
2403 4667 2492 4722 Sic
2520 4683 2648 4740 ergo
2675 4679 2730 4725 et
2776 4671 3029 4746 deinceps
3063 4680 3238 4748 potuit
3276 4697 3625 4754 permanere,
3668 4691 3784 4746 sicut

2224 4768 2278 4814 et
2307 4769 2612 4830 permanet,
2638 4761 2809 4820 donec
2829 4765 3017 4823 ultimo
3038 4768 3224 4840 judicii
3250 4775 3336 4830 die
3367 4779 3614 4834 ventilata
3639 4797 3784 4838 mum

2221 4854 2396 4911 detur.

2293 4948 2519 5005 CAPUT
2557 4949 2672 5006 XV.
2701 4982 2773 4994 -—
2794 4953 2885 5012 35.
2913 4957 3051 5025 Quid
3077 4959 3234 5031 igitur
3258 4961 3359 5017 sibi
3381 4962 3491 5018 vult
3516 4973 3691 5021 tantus
3721 4970 3784 5021 [υη

2222 5057 2314 5097 ror
2356 5045 2707 5112 separationis
2746 5047 2969 5102 istorum
2995 5050 3064 5105 ab
3089 5052 3290 5108 unitate
3317 5055 3558 5124 corporis
3583 5056 3784 5122 Christi,

2221 5150 2361 5206 quae,
2388 5135 2526 5192 sicut
2552 5136 2923 5207 prophetatum
2950 5141 3176 5212 legitur,
3217 5145 3529 5217 implerique
3548 5148 3654 5218 jam
3684 5166 3784 5204 cer-

2221 5228 2365 5283 nitur
2386 5269 2403 5294 ,
2437 5236 2550 5284 toto
2573 5227 2704 5286 orbe
2729 5238 2990 5287 terrarum
3015 5242 3175 5306 atque
3200 5236 3255 5292 in
3286 5237 3532 5293 omnibus
3556 5241 3784 5309 gentibus

2220 5319 2493 5375 dilatatur.
2527 5322 2622 5377 Hic
2645 5333 2792 5378 certe
2815 5365 2832 5391 ,
2860 5325 2996 5380 sicut
3017 5327 3274 5398 scriptum
3302 5336 3416 5395 est,
3451 5328 3616 5386 Filius
3637 5337 3784 5386 matus-

2221 5413 2330 5482 ipse
2369 5429 2424 5467 se
2449 5414 2650 5484 justum
2690 5416 2846 5481 dicit;
2890 5417 3078 5472 exitum
3119 5431 3284 5474 autem
3317 5437 3468 5477 suum
3503 5440 3600 5478 non
3639 5426 3778 5478 ubisi:

2225 5505 2408 5580 (Prov.
2443 5521 2607 5573 xxw,
2635 5524 2737 5564 sec.
2768 5507 2966 5581 LXX);
3017 5510 3120 5567 hoc
3144 5521 3258 5578 est,
3289 5528 3395 5570 non
3421 5527 3654 5581 excusat,
3689 5503 3784 5578 nea!

2221 5601 2408 5667 diluit,
2458 5617 2561 5657 non
2587 5599 2822 5658 defendit
2846 5603 2986 5677 quod
3017 5602 3198 5661 furore
3234 5608 3572 5666 schismatico
3601 5610 3650 5665 in
3680 5609 3784 5677 hae-i

2286 5776 2302 5806 ¹
2330 5771 2464 5836 Editi,
2491 5773 2780 5838 hujnsmodi.
2806 5783 3004 5841 AtMss.,
3021 5776 3198 5843 hujus;
3217 5775 3406 5829 scilicet
3433 5776 3666 5841 Stephani.
