3778 6136
41 261 52 314 ο
1364 237 1567 298 LIBER
1603 235 1810 300 UNUS.

41 375 151 432 leam
180 376 390 442 pestem
419 367 496 424 de
528 366 690 422 domo
715 363 808 421 Dei
835 361 986 418 exire
1017 373 1126 416 non
1154 357 1332 414 timuit
1361 373 1375 410 :
1407 354 1530 426 quia

41 480 134 523 rere
154 462 330 534 justus
359 468 548 527 esset,
579 459 714 514 sicut
739 453 1016 526 apostolus
1043 450 1242 507 Paulus
1270 463 1393 504 cum
1421 447 1531 500 fra-

41 574 109 615 ius
128 555 270 612 falsis
299 595 317 622 ,
366 553 443 609 de
473 551 665 622 quibus
691 549 746 604 in
771 551 885 604 suis
914 544 1168 616 Epistolis
1196 539 1436 612 ingemit,
1479 545 1534 595 et

41 661 77 706 it
108 648 405 720 Cyprianus
455 659 576 700 cum
618 642 698 698 eis
721 683 738 709 ,
790 653 926 711 quos
970 637 1088 692 sine
1112 633 1385 705 Baptismo
1421 629 1534 686 suis

39 741 164 800 matis
205 735 503 810 praeteritis
551 734 739 806 plenos
786 728 1124 792 aestimabat,
1155 735 1210 782 et
1229 723 1440 781 admitti
1464 720 1534 778 ad

39 835 222 891 clesiam
239 832 308 887 ab
321 829 605 902 Stephano
620 825 824 882 sciebat
842 839 857 888 ;
888 823 957 878 ita
976 822 1031 878 in
1057 818 1296 876 Ecclesia
1311 813 1532 881 Christi,

39 946 65 984 n
90 929 159 983 eis
182 941 318 998 quos
365 923 602 995 injustos
627 919 719 976 vel
758 924 1018 983 noverat,
1055 913 1140 970 vel
1171 909 1388 983 putabat
1417 909 1535 964 sine

39 1038 60 1077 ι
80 1021 152 1076 sui
187 1015 676 1074 commac'ulatione
701 1011 1044 1084 persisteret,
1086 1021 1186 1062 nec
1210 1005 1380 1060 bonos
1406 1014 1534 1072 pro-

39 1131 70 1170 ετ
92 1112 249 1168 malos
273 1110 576 1175 desereret,
601 1106 697 1164 sed
724 1104 898 1162 malos
922 1109 1142 1173 propter
1161 1100 1333 1155 bonos
1357 1095 1536 1168 potius

38 1215 219 1272 araret,
270 1213 534 1274 tanquam
569 1214 795 1273 granum
820 1211 943 1253 cum
973 1193 1124 1266 palea
1151 1189 1387 1263 pondere
1409 1187 1536 1244 cha-

37 1299 116 1352 atis
141 1296 380 1352 trituram
409 1293 594 1350 ferens
612 1333 630 1361 ,
671 1305 779 1346 non
804 1298 1058 1358 tanquam
1083 1283 1387 1340 levissimus
1416 1278 1536 1350 pul-

37 1407 44 1443 ε
82 1398 190 1445 ante
233 1387 648 1444 ventilatiouem
698 1381 912 1437 ﬂatibus
963 1377 1182 1434 cedens.
1235 1375 1316 1430 Eo
1340 1373 1538 1445 quippe

38 1482 110 1535 κιο
133 1481 285 1536 etiam
313 1493 444 1534 cum
475 1476 673 1547 iniquis
691 1515 707 1542 ,
748 1487 886 1544 quos
911 1483 1133 1526 necesse
1159 1475 1242 1523 est
1267 1480 1440 1537 usque
1466 1461 1536 1519 ad

38 1581 100 1628 tus
126 1573 246 1628 retia
275 1570 381 1626 ista
425 1568 772 1634 contineant,
812 1565 867 1620 in
891 1563 1094 1619 unitate
1125 1559 1387 1616 catholica
1417 1573 1538 1629 per-

35 1679 210 1729 verans,
243 1677 352 1718 non
386 1670 570 1715 tamen
595 1672 718 1714 cum
737 1656 856 1711 fure
879 1658 1248 1718 concurreret,
1283 1663 1383 1705 nec
1407 1662 1536 1719 pec-

36 1760 92 1811 tis
111 1755 527 1811 communicaret
555 1750 748 1808 alienis
769 1791 785 1817 ,
832 1763 934 1804 nec
957 1746 1270 1817 cujusquam
1309 1743 1540 1798 immun-

36 1849 99 1904 tize
122 1851 135 1882 ¹
159 1847 588 1906 contrectatione
633 1842 996 1900 macularetur
1019 1879 1035 1905 ,
1084 1852 1185 1894 nec
1212 1835 1541 1908 pollueretur

36 1939 212 2011 agendo
240 1939 530 2011 pollutum,
552 1951 652 1992 nec
671 1934 987 2005 cujusquam
1010 1929 1276 1986 fermento
1299 1940 1542 1983 corrum-

36 2044 183 2087 eretur.
208 2031 334 2087 ihec
354 2031 503 2087 enim
529 2028 664 2084 fiunt
677 2024 1033 2082 consensione
1047 2028 1412 2092 peccatorum,
1434 2030 1542 2087 qua

33 2141 70 2180 ir
93 2125 324 2181 feminam
351 2137 585 2195 serpens
609 2120 883 2178 hominem
914 2116 1145 2188 primum
1175 2112 1337 2170 etiam
1361 2110 1415 2165 in
1447 2125 1542 2180 pa-

33 2216 121 2270 ldlsl
149 2216 394 2272 felicitate
425 2213 670 2284 decepit;
699 2225 808 2267 non
835 2205 1213 2265 communione
1231 2204 1545 2277 Sacramen-

34 2323 136 2364 irum
159 2351 173 2375 ,
200 2312 253 2362 in
281 2323 387 2380 qua
417 2303 820 2376 condiscipulos
847 2300 1015 2357 Judas
1041 2296 1270 2354 mundos
1312 2294 1546 2350 immune

34 2416 78 2454 us
113 2401 471 2457 contaminare
513 2414 622 2455 non
666 2396 860 2468 potuit.
913 2393 957 2448 A
988 2391 1144 2447 malis
1182 2397 1396 2453 autem,
1424 2401 1546 2442 cum

34 2493 153 2551 uibus
171 2495 515 2551 Sacramenta
543 2491 642 2548 Dei
669 2487 1103 2551 communicant,
1135 2482 1296 2540 etiam
1323 2494 1465 2536 nunc
1491 2478 1546 2534 in

32 2602 116 2655 rea,
141 2587 367 2644 nondum
396 2587 453 2642 in
485 2585 712 2650 horreo,
747 2583 858 2653 jam
888 2588 1069 2635 tamen
1094 2575 1220 2633 boni
1244 2571 1544 2636 discedunt,

32 2685 346 2748 tseparantur
370 2692 585 2734 morum
615 2669 1080 2734 dissimilitudine,
1115 2681 1223 2722 non
1260 2677 1548 2734 corporum

32 2772 350 2841 egregatione;
405 2771 566 2826 aliter
616 2764 882 2831 vivendo,
927 2778 1033 2819 non
1063 2759 1132 2815 ad
1177 2758 1280 2812 alia
1307 2770 1541 2811 conven-

31 2857 130 2916 icula
152 2862 404 2920 veniendo
437 2881 452 2917 :
482 2861 561 2917 sic
589 2874 689 2914 nec
715 2872 838 2914 Ctllll
866 2853 1025 2910 malis
1053 2865 1218 2906 unum
1244 2848 1412 2915 fiunt,
1449 2859 1551 2901 nec

31 2951 62 3008 ὼ
84 2953 308 3012 Ecclesiae
337 2955 546 3012 unitate
570 2949 874 3008 discedunt.

63 3044 136 3101 26.
178 3047 307 3115 Quid
357 3063 491 3121 ergo
535 3044 691 3102 nobis
729 3041 911 3100 nescio
954 3053 1182 3112 quorum
1236 3033 1551 3092 traditorum

29 3136 172 3194 :rimen
195 3149 550 3213 exaggerant,
599 3151 737 3209 quos
781 3143 960 3191 tamen
990 3146 1092 3188 nec
1137 3131 1282 3201 ipsos
1317 3141 1550 3198 unquam

29 3233 276 3291 :onviucere
303 3231 635 3306 potuerunt?
664 3228 775 3288 Sed
805 3227 852 3284 si
879 3241 975 3283 eos
993 3232 1180 3281 contra
1211 3223 1436 3278 istorum
1463 3233 1556 3274 ca-

29 3319 197 3380 lumnias
217 3325 599 3392 defendamus,
640 3318 994 3394 quorumdam
1033 3315 1308 3372 hominum
1335 3326 1552 3369 causam

29 3414 260 3475 ridebimur
277 3435 438 3492 agere
460 3459 478 3488 ,
523 3432 631 3474 non
661 3414 936 3472 Ecclesia).
981 3411 1206 3468 Prorsus
1231 3407 1556 3480 quicumque

29 3512 58 3559 tt
87 3507 375 3584 ubicumque
421 3509 711 3567 traditores
737 3507 970 3573 fuerunt,
1001 3511 1057 3561 et
1081 3517 1188 3559 non
1215 3509 1419 3556 tantum
1447 3507 1558 3554 tra-

29 3595 205 3658 litorum
243 3613 520 3675 peccatum
544 3645 559 3671 ,
611 3600 707 3659 sed
751 3600 992 3672 ipsorum
1034 3597 1195 3653 etiam
1220 3593 1310 3666 qui
1341 3591 1557 3647 tradere

29 3693 394 3764 tompellebant,
449 3705 507 3752 et
548 3694 790 3750 omnium
834 3690 1056 3747 omnino
1100 3687 1553 3750 facinorosorum,

29 3777 347 3852 lagitiosorum
373 3831 387 3856 ,
427 3787 808 3858 sacrilegorum
831 3825 848 3851 ,
893 3779 1209 3837 admittebat
1252 3775 1558 3847 Stephanus

29 3867 62 3924 in
83 3874 338 3936 Ecclesiam
360 3877 657 3938 secundum
683 3879 815 3933 istos
843 3893 858 3930 :
881 3873 1005 3946 quia
1033 3873 1078 3928 si
1099 3871 1426 3942 Baptismum
1450 3881 1558 3924 non

29 3957 268 4038 habebant,
309 3973 490 4028 omnia
516 3979 734 4043 peccata
760 3979 1112 4040 quaecumque
1145 3961 1325 4035 gravia
1355 3970 1410 4018 et
1432 3960 1560 4016 hor-

29 4055 152 4112 renda
183 4063 590 4129 commiserant,
641 4060 694 4116 in
725 4059 805 4116 eis
837 4065 1011 4123 erant,
1061 4063 1117 4110 et
1146 4068 1266 4110 reos
1291 4053 1414 4108 illos
1443 4052 1561 4108 sine

30 4144 102 4199 ulla
126 4153 420 4212 remissione
450 4153 769 4212 retinebant.
807 4149 967 4207 Tales
991 4145 1309 4203 admittebat
1331 4145 1562 4217 Stepha-

31 4249 120 4306 πυεν
139 4258 245 4300 cum
271 4249 463 4305 talibus
484 4257 599 4304 erat
625 4247 679 4301 in
711 4244 916 4300 unitate
941 4241 1203 4297 catholica
1230 4238 1558 4310 Cyprianus;

33 4341 275 4395 nectamen
304 4343 482 4412 periit,
513 4340 606 4396 sed
634 4337 998 4410 perseveravit
1025 4332 1287 4389 Ecclesia.
1319 4331 1434 4386 Non
1466 4329 1564 4400 igi-

34 4427 96 4478 ων
117 4443 410 4505 quemquam
449 4435 501 4491 in
531 4433 648 4505 ejus
683 4431 884 4486 unitate
925 4427 1196 4485 maculant
1237 4425 1408 4480 aliena
1439 4438 1564 4494 pec-

34 4528 136 4575 εθιε.
180 4525 388 4586 Frustra
429 4530 564 4599 ﬁlius
602 4527 769 4580 matus
793 4540 823 4580 a
851 4522 1046 4579 familia
1076 4520 1240 4592 patris
1268 4518 1414 4574 exire
1441 4531 1564 4588 pro-

37 4615 196 4674 Petavii
219 4659 234 4685 ,
273 4619 462 4678 frustra
499 4636 554 4674 se
576 4621 778 4690 justum
807 4615 966 4679 dicit;
1004 4614 1192 4669 exitum
1225 4621 1391 4666 autem
1419 4625 1567 4664 suum

40 4713 114 4754 non
139 4706 298 4765 abluit.
325 4713 404 4768 An
435 4711 570 4767 forte
591 4707 785 4766 dicturi
813 4715 958 4771 sunt,
986 4718 1081 4760 eos
1101 4718 1236 4774 quos
1263 4701 1568 4773 Stephanus

41 4791 330 4871 admittebat,
367 4804 536 4876 ipsius
562 4800 782 4857 unitatis
809 4796 1218 4870 participatione
1255 4793 1565 4861 mundatos,

43 4888 246 4948 quoniam
267 4894 494 4952 charitas
518 4893 760 4964 cooperit
801 4887 1196 4946 multitudinem
1227 4894 1568 4958 peccatorum

45 4971 76 5036 (l
100 4974 215 5034 Petr.
242 5001 286 5039 iv
303 5029 316 5053 ,
353 4989 453 5060 8)?
479 4987 695 5045 Utinam
720 4984 904 5041 dicant
931 4999 946 5040 :
977 4981 1080 5037 hoc
1101 4979 1245 5036 enim
1277 4988 1332 5035 et
1359 4993 1458 5034 nos
1484 4976 1568 5032 di-

47 5065 209 5143 cimIIS,
245 5082 448 5151 quando
486 5097 580 5138 cos
619 5079 687 5134 ad
724 5078 982 5134 unitatem
1010 5075 1094 5131 vel
1123 5087 1374 5144 urgemus
1401 5077 1460 5125 ut
1486 5085 1573 5126 re-

47 5156 201 5234 deam.
236 5173 311 5228 vel
341 5188 639 5231 monemus.
692 5171 805 5226 Hoc
828 5178 1006 5225 autem
1056 5174 1212 5238 pacto
1248 5165 1358 5235 jam
1408 5162 1570 5218 etiam

56 5255 165 5312 nulla
189 5261 311 5321 inter
338 5284 438 5326 nos
465 5263 717 5337 Baptismi
746 5261 975 5335 qumstio
1002 5258 1316 5317 remanebit.
1346 5257 1402 5312 Si
1431 5255 1572 5311 enim

51 5349 158 5412 al>ud
179 5351 440 5419 haereticos
468 5358 740 5432 baptizati,
767 5372 890 5414 cum
913 5355 982 5410 ad
1005 5352 1305 5410 Ecclesiam
1330 5348 1571 5413 veniunt,

56 5441 228 5503 unitatis
267 5452 424 5524 ipsius
475 5453 735 5511 charitate
781 5449 1139 5517 mundantur,
1191 5447 1429 5519 profecto
1460 5443 1574 5500 sine

56 5543 179 5594 causa
197 5546 590 5621 rebaptizantur.

108 5730 121 5760 ¹
137 5739 321 5796 Nonnulli
339 5747 533 5800 codices
549 5743 752 5807 habent,
768 5741 1053 5807 cujusquam
1073 5738 1327 5793 immundi.

3124 245 3232 305 610

1710 352 1940 412 CAPUT
1994 353 2133 411 XVI.
2161 384 2234 397 —
2258 355 2350 412 27.
2383 355 2546 416 Vides
2562 357 2741 432 itaque
2760 357 2815 415 in
2835 358 3228 425 hocsermone.

1639 447 1725 503 cui
1754 463 1842 504 me
1883 449 2208 519 respondere
2231 451 2444 508 voluisti
2469 495 2485 522 ,
2513 469 2672 525 quam
2703 455 2869 510 multa
2903 453 3098 512 dixerit
3131 469 3224 512 me

1639 555 1738 610 pro
1762 540 1939 597 nobis.
1993 540 2133 610 Quid
2174 558 2304 614 ergo
2325 543 2436 615 jam
2465 559 2599 616 opus
2627 556 2710 602 est
2747 556 2806 602 ut
2841 547 3216 619 episcoporum

1639 631 1896 690 Romanae
1922 634 2178 691 Ecclesia:
2196 675 2213 702 ,
2243 651 2378 707 quos
2409 636 2811 694 incredibilibus
2836 640 3118 695 calumniis
3145 640 3229 696 in-

1639 733 1876 783 sectatus
1899 736 1984 783 est
2001 768 2016 793 ,
2067 727 2277 798 objecta
2303 727 2372 784 ab
2394 744 2460 785 eo
2493 731 2718 785 crimina
2752 729 3058 788 diluamus?
3085 731 3226 787 Mar-

1640 816 1893 885 cellinus,
1925 827 1980 875 et
2007 819 2307 892 presbyteri
2335 821 2451 891 ejus
2480 821 2823 891 Melchiades,
2848 823 3146 892 Marcellus,
3173 833 3231 881 et

1640 910 1924 982 Silvester,
1944 912 2244 969 traditionis
2267 913 2513 970 codicum
2532 915 2856 983 divinorum,
2881 925 2937 973 et
2961 917 3230 975 thuritica-
3302 902 3312 969 ἕ

1642 1002 1803 1060 tionis
1844 1002 1915 1060 ab
1952 1017 2020 1060 eo
2055 1003 2281 1060 crimine
2319 1015 2615 1077 arguuntur
2645 1024 2659 1060 :
2692 1007 2788 1064 sed
2826 1007 3082 1080 numquid
3107 1008 3230 1065 ideo

1641 1094 1803 1150 etiam
1823 1094 2214 1152 convincuntur
2233 1137 2249 1164 ,
2294 1104 2389 1152 aut
2413 1097 2648 1154 convicti
2673 1099 2848 1170 aliqua
2874 1099 3230 1157 documento-

1641 1203 1760 1244 rum
1791 1187 2043 1244 firmitate
2083 1191 2488 1246 monstrantur?
2533 1190 2652 1263 Ipse
2677 1193 2966 1249 sceleratos
2990 1203 3045 1250 et
3066 1194 3231 1250 sacri-

1641 1279 1791 1351 legos
1814 1280 1980 1337 fuisse
2007 1279 2170 1348 dicit;
2203 1296 2304 1354 ego
2343 1283 2658 1340 innocentes
2697 1283 2864 1341 fuisse
2907 1285 3228 1356 respondeo.

1641 1371 1779 1440 Quid
1815 1373 2054 1430 laborem
2098 1375 2328 1444 probare
2367 1374 2736 1433 defensionem
2761 1391 2935 1433 meam
2958 1417 2974 1443 ,
3001 1393 3123 1432 cum
3145 1378 3233 1434 ille

1644 1479 1746 1521 nec
1776 1465 2005 1522 tenuiter
2026 1465 2254 1537 probare
2278 1476 2506 1523 conatus
2523 1469 2593 1524 sit
2617 1470 3013 1526 accusationem
3039 1484 3189 1526 suam
3203 1469 3230 1524 ἲ

1641 1556 1699 1616 Si
1728 1566 1813 1614 est
1838 1558 1942 1612 ulla
1965 1557 2274 1614 humanitas
2300 1558 2354 1614 in
2376 1559 2537 1616 rebus
2563 1560 2813 1617 humanis
2833 1603 2847 1628 ,
2878 1569 3004 1632 puto
3030 1576 3128 1617 nos
3148 1561 3235 1632 ju-

1642 1650 1782 1707 stius
1815 1665 1972 1722 posse
1995 1650 2340 1722 reprehendi,
2367 1651 2414 1707 si
2437 1651 2648 1724 ignotos
2669 1653 2936 1721 homines,
2966 1668 3104 1724 quos
3130 1654 3237 1709 eri-

1643 1744 1917 1800 minantur
1953 1742 2195 1812 inimici,
2243 1758 2344 1800 nec
2370 1758 2558 1800 eorum
2597 1745 2800 1802 crimen
2833 1747 2938 1802 ulla
2979 1749 3236 1804 testificao

1644 1836 1792 1892 tione
1817 1835 2221 1902 demonstrant,
2254 1844 2510 1893 nocentes
2537 1839 2713 1908 potius
2735 1855 2894 1909 quam
2925 1841 3238 1898 innocentes

1645 1929 2053 1987 crediderimus.
2098 1928 2234 1996 Quia
2276 1930 2325 1986 si
2368 1930 2504 1986 forte
2547 1945 2607 1987 se
2640 1932 2796 1989 aliter
2833 1933 3028 1990 veritas
3053 1934 3233 2002 habet,

1646 2022 1748 2095 ipsi
1791 2032 1938 2078 certe
1983 2020 2299 2078 humanitati
2327 2021 2568 2078 debitum
2599 2024 2844 2080 redditur
2865 2067 2883 2094 ,
2927 2041 3048 2082 cum
3074 2026 3239 2082 homo

1647 2117 1717 2174 de
1745 2117 1963 2174 homine
1982 2117 2114 2173 nihil
2143 2118 2266 2173 mali
2289 2125 2493 2174 temere
2507 2117 2832 2189 suspicatur,
2863 2135 2962 2175 nec
2988 2120 3236 2190 cuiquam

1648 2208 1952 2266 criminanti
1983 2207 2139 2264 facile
2163 2207 2358 2274 credit,
2386 2209 2601 2280 quando
2624 2211 2741 2267 sine
2756 2219 2894 2268 teste
2915 2227 2978 2267 ac
2998 2212 3114 2269 sine
3131 2212 3241 2268 ullo

1650 2299 1972 2357 documento
1994 2300 2200 2356 crimen
2229 2299 2521 2370 objiciens,
2570 2302 2864 2358 maledicus
2909 2303 3082 2374 potius
3114 2319 3243 2360 con-

1649 2393 1874 2449 viciator
1897 2435 1912 2459 ,
1941 2407 2102 2463 quam
2134 2391 2400 2448 veridicus
2422 2401 2704 2449 accusator
2726 2395 3008 2450 exstiterit.

1723 2486 1815 2542 28.
1865 2485 1980 2542 Huc
2031 2485 2275 2554 accedit,
2325 2487 2451 2557 quia
2489 2485 2785 2544 Melchiade
2828 2497 2954 2544 tunc
2994 2488 3248 2561 episcopo

1653 2580 1908 2636 Romanae
1935 2581 2190 2639 Ecclesia:
2216 2582 2562 2653 praesidente,
2596 2598 2664 2640 ex
2699 2593 2968 2656 praecepto
2993 2585 3249 2642 Constan-

1653 2673 1751 2729 tini
1777 2675 2141 2746 imperatoris,
2181 2675 2251 2731 ad
2279 2691 2439 2746 quem
2476 2685 2640 2732 totam
2667 2677 2811 2733 illam
2838 2693 3053 2734 causam
3085 2695 3248 2735 accu-

1653 2774 1858 2822 satores
1905 2767 2139 2837 episcopi
2195 2767 2629 2840 Carthaginensis
2679 2769 2934 2826 Ecclesim
2982 2770 3249 2828 Caeciliani

1654 2874 1754 2930 per
1777 2859 2066 2915 Anulinuni
2091 2860 2461 2932 proconsulem
2481 2860 2808 2929 detulerunt,
2837 2862 2977 2918 idem
3000 2861 3244 2919 Caecilia-

1656 2969 1758 3009 nus
1805 2953 2064 3011 iunocens
2104 2954 2477 3026 pronuntiatus
2502 2963 2604 3011 est.
2653 2955 2730 3012 De
2757 2971 2864 3028 quo
2897 2956 3100 3028 judicio
3127 2972 3250 3014 cum

1657 3045 1888 3116 majores
1913 3046 2136 3102 istorum
2158 3046 2610 3118 importunissima
2631 3048 2928 3119 pervicacia
2958 3059 3253 3106 memorato

1658 3137 1972 3209 Imperatori
1997 3148 2384 3209 quererentur,
2437 3139 2579 3210 quod
2619 3155 2724 3196 non
2769 3141 2925 3212 plene
2969 3157 3069 3199 nec
3106 3151 3254 3200 recte

1658 3228 1819 3284 fuerit
1849 3232 2211 3286 examinatum
2250 3239 2412 3302 atque
2450 3229 2844 3302 depromptum,
2870 3232 3002 3288 nihil
3027 3233 3096 3290 de
3119 3234 3252 3290 Mel-

1658 3320 1863 3377 chiadis
1889 3319 2172 3377 traditione
2187 3321 2271 3377 vel
2299 3320 2688 3378 thurificatione
2702 3322 2968 3379 dixerunt.
2993 3323 3075 3379 Ad
3095 3324 3250 3396 cujus

1659 3415 1983 3471 audientiam
2010 3429 2110 3470 nec
2130 3414 2316 3471 venire
2341 3415 2526 3486 utique
2566 3415 2902 3484 debuerunt,
2949 3417 3053 3473 hoc
3077 3418 3254 3489 potius

1659 3515 1784 3564 ante
1816 3515 2160 3578 suggerentes
2201 3505 2534 3578 Imperatori,
2557 3517 2646 3562 aut
2671 3516 2730 3562 ut
2765 3517 3136 3580 suggereretur
3171 3509 3255 3566 in-

1661 3608 1886 3667 stantes,
1927 3597 2069 3670 quod
2090 3597 2231 3668 apud
2257 3597 2568 3654 traditorem
2592 3598 2834 3655 codicum
2861 3589 3164 3656 divinorum
3199 3608 3256 3658 et

1662 3692 1927 3749 idolorum
1965 3691 2243 3747 sacrificiis
2283 3689 2617 3762 inquinatum
2665 3706 2878 3748 causam
2907 3708 3060 3749 suam
3096 3708 3257 3765 agere

1662 3799 1772 3842 non
1801 3784 2078 3841 deberent.
2118 3783 2255 3840 Cum
2285 3782 2389 3839 hoc
2411 3797 2541 3854 ergo
2567 3797 2669 3840 nec
2705 3793 2830 3841 ante
2869 3786 3256 3858 suggesserim,

1664 3895 1764 3936 nec
1785 3887 2126 3950 posteaquam
2167 3886 2354 3934 contra
2399 3893 2494 3934 eos
2527 3893 2625 3948 pro
2647 3877 2933 3934 Caeciliano
2961 3878 3253 3949 judicatum

1664 3983 1787 4039 est,
1836 3973 2025 4029 saltem
2056 3971 2180 4028 victi
2205 3981 2259 4028 et
2283 3971 2404 4027 irati
2444 3971 2799 4042 objiciendum
2839 3971 3105 4042 putarint,
3132 3971 3259 4042 quid

1665 4080 1810 4121 nunc
1847 4065 2034 4120 inanes
2065 4073 2171 4119 tam
2203 4079 2324 4120 sero
2352 4073 2675 4120 connectunt
2696 4065 3010 4131 calumnias,
3035 4065 3185 4135 quasi
3205 4071 3261 4120 et

1667 4156 1972 4212 innocentia
1996 4154 2286 4219 Caeciliani,
2311 4154 2624 4210 Melchiadis
2645 4155 2838 4224 judicis
2865 4155 3260 4212 decoloratione

1668 4251 1906 4306 fuscatur
1925 4287 1941 4314 ,
1978 4256 2032 4302 et
2067 4246 2180 4318 ipsa
2207 4245 2445 4300 Romana
2476 4245 2737 4313 Ecclesia,
2770 4245 2857 4301 ubi
2888 4261 2986 4301 nec
3004 4246 3260 4304 damnare

1668 4354 1990 4412 quemquam
2015 4352 2114 4394 suo
2140 4337 2516 4409 qualicumque
2549 4336 2754 4407 judicio
2792 4347 3076 4407 potuerunt
3099 4379 3116 4404 ,
3159 4354 3260 4395 nec

1669 4433 1902 4503 aliquem
1941 4445 2158 4486 suorum
2205 4428 2348 4484 velut
2377 4428 2430 4483 iu
2469 4428 2644 4484 locum
2683 4428 2974 4500 subrogare
3002 4428 3257 4497 damnati,

1670 4537 1858 4580 contra
1885 4538 2043 4594 quam
2085 4521 2417 4591 paucissimis
2459 4519 2603 4576 Afris
2631 4521 2798 4592 partis
2825 4537 2936 4578 sua:
2968 4523 3138 4593 primo
3182 4524 3262 4578 in-

1676 4626 2014 4674 terventores
2035 4614 2112 4686 (α)
2130 4612 2449 4669 adventitios
2474 4612 2654 4669 furtim
2685 4614 2946 4686 longeque
2962 4616 3259 4683 mittebant,

1673 4725 1810 4781 quos
1847 4708 2007 4765 istum
2063 4706 2377 4762 nominatim
2424 4721 2846 4762 commemorare
2893 4723 3000 4762 non
3056 4708 3260 4778 puduit,

1674 4801 1850 4858 donec
1891 4798 2127 4870 decepta:
2177 4796 2469 4868 plebecula:
2520 4798 2671 4869 quasi
2717 4798 2960 4868 proprios
2984 4799 3264 4868 episcopos

1675 4890 2025 4950 ordinarent?
2068 4889 2270 4960 Nempe
2314 4889 2622 4961 episcopum
2650 4888 3046 4961 Abtungensem
3078 4891 3092 4922 ³
3127 4891 3266 4946 Feli-

1676 5004 1794 5044 ccm
1821 4996 1942 5059 post
1982 4983 2251 5042 Caeciliani
2295 4982 2662 5054 purgationem
2705 4981 2847 5054 apud
2884 4981 3264 5054 lmperatorcm

1677 5088 2098 5145 accusaverunt,
2125 5077 2270 5149 quod
2300 5077 2416 5146 ipse
2439 5083 2584 5132 esset
2609 5077 3072 5134 manifestissimus
3099 5079 3264 5134 tradi-

1678 5185 1796 5242 tor,
1846 5183 1902 5231 et
1929 5174 2052 5229 ideo
2076 5170 2393 5228 Caecilianus
2429 5169 2714 5240 episcopus
2753 5185 2874 5226 esse
2916 5187 3022 5228 non
3061 5183 3263 5244 posset,

1679 5267 1916 5340 quod-ab
1938 5266 2028 5322 illo
2053 5262 2310 5320 traditore
2329 5260 2490 5318 fuerit
2513 5260 2806 5318 ordinatus.
2835 5263 2986 5320 Tunc
3000 5263 3266 5321 Constan-

1682 5364 1823 5418 tinus
1865 5375 1966 5416 nec
2013 5357 2136 5414 huic
2184 5371 2372 5413 eorum
2411 5356 2768 5413 acccusationi
2815 5360 3026 5431 negavit
3068 5360 3266 5428 locum,

1750 5545 1766 5575 ι
1793 5549 1894 5592 Am.
1920 5547 1993 5590 Er.
2013 5551 2066 5592 et
2086 5541 2281 5604 quidam
2303 5546 2432 5600 Mss,
2452 5538 2840 5604 Abtuguensium.

1749 5605 1822 5668 (α)
1856 5602 2218 5668 Interventores
2238 5605 2346 5654 sive
2378 5602 2733 5668 interceSsores
2763 5602 3068 5668 dicebantur,
3085 5603 3164 5668 qui
3191 5609 3272 5653 Ec-

1687 5664 1886 5719 clesiam
1903 5666 2302 5730 administrabant
2325 5665 2446 5730 sede
2463 5672 2695 5730 vacante.
2708 5664 3150 5730 Conferﬂnugustini
3171 5673 3274 5730 Ept-

1691 5730 1864 5786 stol’am
1884 5729 1963 5796 44,
1989 5743 2039 5781 n.
2065 5729 2115 5792 8,
2135 5738 2187 5784 et
2204 5728 2458 5782 concilium
2481 5728 2857 5792 CarthaginenSe
2877 5727 2926 5789 ὅ,
2951 5739 3057 5780 can.
3079 5727 3112 5776 8
