3784 6146
526 279 628 385 Mi

524 438 769 498 quamvis
788 451 882 494 eos
909 437 963 491 in
986 435 1255 492 Caeciliani
1296 433 1432 489 fictis
1470 433 1782 488 criminibus
1821 431 2116 487 calumnio-

524 547 616 588 sos
643 532 827 586 fuisset
849 541 1136 601 expertus;
1188 536 1246 583 et
1273 527 1395 583 ideo
1419 526 1672 598 praecepit
1699 535 1756 581 ut
1780 540 1936 582 causa
1974 524 2115 582 Feli-

520 630 600 679 cis
645 625 1002 679 discuteretur
1026 621 1122 691 (α).
1166 621 1222 676 in
1253 619 1432 676 Africa
1459 619 1699 675 discussa
1728 627 1811 676 est
1833 636 1863 674 a
1887 633 2114 690 procon-

519 719 638 772 sule
675 716 910 772 Eliano.
967 714 1118 770 Felix
1161 729 1376 785 quoque
1398 715 1654 770 innocens
1677 713 1976 769 declaratus
2005 722 2107 768 est.

517 808 748 864 Exstant
771 816 921 879 gesta
957 805 1453 878 procOnSularia‘(b)
1487 823 1501 860 :
1530 806 1622 877 qui
1648 805 1890 871 voluerit,
1933 815 2109 860 sumat

519 910 576 956 et
600 899 760 970 legat.
809 899 921 954 Hoc
947 906 1124 953 autem
1151 907 1258 952 non
1285 897 1458 954 solum
1489 897 1558 952 ad
1598 897 1916 953 innocentia:
1939 896 2108 953 Greci-

513 992 639 1047 liani
663 990 1092 1046 demonstrandae
1119 990 1391 1046 cumulum
1416 989 1670 1060 pertinet,
1699 991 1972 1061 ipsiusque
1999 990 2108 1048 Fe-

510 1085 630 1142 licis
655 1084 1111 1140 evidentissimum
1139 1084 1510 1156 purgationem
1531 1125 1547 1152 ,
1584 1093 1745 1155 atque
1773 1085 1986 1142 iliorum
2013 1101 2106 1142 ca-

511 1178 742 1234 lumnias
766 1177 1114 1233 deciarandas
1131 1217 1146 1241 ,
1175 1177 1267 1248 qui
1295 1192 1419 1233 eum
1444 1176 1647 1235 fontem
1675 1178 1912 1234 omnium
1939 1179 2101 1235 malo-

513 1284 634 1325 rum
661 1271 715 1324 in
754 1270 984 1326 concilio
1011 1283 1112 1326 suo
1138 1268 1424 1338 dixerant;
1455 1286 1643 1328 verum
1670 1272 1830 1327 etiam
1864 1270 1930 1326 ad
1957 1271 2105 1342 cogi-

512 1364 728 1420 tandem
757 1363 1068 1422 Melcliiadis
1101 1365 1170 1422 ab
1204 1377 1390 1422 eorum
1419 1365 1882 1422 criminationibus
1922 1365 2102 1434 puris-

510 1458 703 1516 simam
727 1459 910 1515 vitam.
956 1458 1064 1514 Nisi
1093 1458 1230 1514 forte
1257 1460 1539 1532 quisquam
1566 1469 1674 1515 tam
1708 1460 1780 1515 sit
1813 1459 2096 1530 insipiens,

510 1550 929 1617 utcredateos,
983 1565 1104 1606 cum
1135 1550 1298 1607 Felici
1344 1566 1453 1607 non
1507 1553 1880 1622 pepercerint,
1928 1567 1959 1607 a
1995 1566 2104 1624 quo

506 1644 822 1701 Czeciﬂanus
863 1643 1035 1699 fuerat
1070 1643 1343 1699 ordinatus
1365 1683 1382 1710 ,
1434 1643 1714 1700 Melcbiadi
1764 1659 1982 1715 parcere
2007 1657 2104 1715 po-

507 1735 696 1803 tuisse,
727 1751 758 1790 a
784 1747 892 1806 quo
918 1733 1087 1789 fuerat
1107 1734 1402 1802 absolutus,
1419 1734 1465 1789 si
1486 1735 1629 1789 illius
1654 1735 1892 1806 episcopi
1913 1737 2098 1804 vitam,

505 1828 749 1899 quamvis
777 1827 982 1882 nullum
1012 1826 1206 1882 vulnus
1233 1827 1573 1883 conscientiae
1601 1829 1948 1896 peremisset,
1995 1829 2100 1882 sal~

505 1929 614 1976 tem
643 1919 1042 1990 qualiscumque
1088 1918 1228 1972 fama
1261 1919 1547 1988 culpasset.
1599 1919 1681 1973 An
1706 1934 1832 1974 vero
1860 1919 2001 1988 quod
2030 1919 2100 1975 de

510 2011 632 2070 foro
663 2013 1085 2082 Ablungeusium
1115 2011 1292 2067 fictum
1322 2013 1339 2042 ¹
1367 2011 1559 2080 fuerat,
1581 2012 1649 2068 ab
1671 2011 1792 2066 istis
1819 2027 2097 2067 accusare-

506 2116 626 2171 tur;
655 2115 712 2162 et
737 2106 878 2177 quod
903 2106 956 2160 in
975 2105 1238 2176 Capitolio
1261 2105 1633 2160 Romanorum
1672 2104 1869 2160 factum
1895 2103 2092 2172 fuerat,

503 2209 772 2257 taceretur
793 2199 817 2252 ?

570 2293 663 2349 29.
690 2293 765 2348 De
785 2291 1052 2347 Mensurio
1075 2299 1252 2346 autem
1275 2290 1404 2362 quid
1423 2291 1775 2360 respondeam
1791 2329 1807 2358 ,
1835 2306 1956 2346 cum
1978 2292 2092 2361 ejus

504 2394 748 2455 tempore
793 2397 966 2453 usque
994 2381 1060 2436 ad
1090 2381 1269 2436 obitus
1295 2380 1437 2436 diem
1486 2381 1643 2452 plebs
1688 2382 1908 2436 unitatis
1945 2382 2089 2438 nulla

499 2477 773 2534 conscissa
814 2485 933 2542 est;
981 2475 1216 2545 ipsaeque
1263 2472 1456 2529 litterae
1501 2473 1732 2530 Secundi
1780 2473 2084 2545 Tigisitani,

497 2569 694 2642 quibus
722 2567 1079 2638 reprehensus
1101 2565 1378 2631 asseritur,
1407 2580 1504 2622 eos
1545 2565 1612 2621 ad
1639 2580 1699 2621 se
1729 2565 1960 2620 invicem
1990 2580 2080 2634 pa-

496 2661 652 2718 cifice
679 2661 956 2732 scripsisse
979 2658 1335 2727 confirmant,
1369 2667 1529 2729 atque
1579 2657 1631 2712 in
1662 2658 1871 2728 collegii
1903 2659 2080 2713 socie-

494 2762 607 2810 tate
632 2754 892 2810 mansisse
917 2753 940 2806 ?
966 2752 1083 2808 Jam
1112 2767 1244 2808 vero
1271 2751 1414 2823 quod
1443 2751 1604 2807 etiam
1629 2751 1698 2806 de
1723 2751 1954 2807 Cirtensi
1987 2752 2087 2806 Ec-

493 2847 657 2904 clesia
685 2846 866 2902 dicere
885 2846 1086 2912 voluit,
1115 2855 1169 2901 et
1193 2846 1474 2916 episcopos
1501 2844 1575 2900 ibi
1593 2844 1888 2899 catholicos
1918 2845 2084 2898 male-

497 2939 659 2996 dictis
685 2939 974 2995 insectatus
997 2946 1082 2992 est
1110 2937 1302 3007 quibus
1346 2936 1550 3003 voluit;
1593 2935 1723 3006 quid
1766 2934 1911 2990 aliud
1939 2935 2080 3006 egit,

493 3031 601 3087 nisi
629 3039 689 3086 ut
711 3029 1068 3101 vituperando
1099 3038 1317 3084 sanctos
1343 3028 1507 3084 etiam
1536 3038 1844 3084 nostrorum
1871 3037 2082 3098 tempo-

490 3140 614 3182 rum
643 3125 788 3179 viros
809 3165 824 3190 ,
856 3123 1118 3193 nobisque
1145 3123 1344 3192 optime
1376 3121 1648 3194 cognitos,
1676 3122 1806 3176 satis
1834 3121 2083 3176 ostende-

491 3227 577 3275 ret
598 3217 725 3288 quid
746 3217 907 3272 etiam
932 3215 1001 3271 de
1027 3215 1226 3286 ignotis
1246 3255 1262 3279 ,
1294 3215 1488 3282 quibus
1512 3215 1761 3270 similiter
1785 3214 2078 3282 maledicit,

488 3309 693 3366 sentire
717 3307 1051 3365 debeamus?
1089 3306 1354 3373 Proinde,
1384 3307 1429 3362 si
1458 3306 1770 3362 Profuturus
1793 3315 1919 3361 ante
1945 3321 2080 3376 pau-

487 3401 735 3458 cissimos
775 3413 945 3455 annos
968 3398 1284 3466 defunctus,
1309 3410 1365 3455 et
1388 3397 1713 3454 Fortunatus
1760 3397 1852 3470 qui
1877 3400 1932 3452 in
1957 3411 2051 3453 cor

485 3493 820 3566 poreadliuc
847 3503 956 3559 est,
991 3503 1154 3565 atque
1197 3493 1272 3548 illi
1302 3493 1563 3548 successit
1603 3492 1893 3562 episcopo,
1940 3507 2076 3561 quo-

485 3588 651 3646 modo
671 3587 947 3644 Manichmi
969 3587 1217 3653 fuerunt,
1241 3587 1324 3642 sic
1352 3587 1640 3642 fueruntet
1667 3586 1740 3640 illi
1769 3585 2074 3650 traditores,

487 3695 624 3752 quos
651 3680 806 3750 longe
825 3694 855 3733 a
875 3678 1075 3733 nostris
1097 3677 1425 3748 temporibus
1445 3677 1804 3747 ignotissimos
1824 3690 2077 3732 accusare

486 3787 596 3828 non
623 3779 872 3839 cessant,
903 3770 1069 3827 etiam
1117 3771 1328 3826 illorum
1371 3770 1526 3825 nobis
1557 3785 1685 3840 pura
1731 3770 1801 3826 ab
1849 3769 2076 3824 istorum

485 3864 699 3935 probris
727 3863 747 3894 ⁸
765 3862 872 3916 vita
895 3861 1172 3917 notissima
1201 3871 1305 3917 est.

557 3956 646 4012 ’50.
686 3954 802 4010 Non
829 3969 960 4011 sane
1001 3971 1164 4026 parva
1195 3967 1278 4011 est
1304 3971 1597 4027 parumque
1621 3956 1852 4026 gloriosa
1878 3971 2073 4011 conso-

483 4049 615 4106 latio
641 4049 1026 4120 cujuscumque
1056 4056 1329 4114 nostrum,
1359 4049 1403 4103 si
1433 4049 1501 4102 ab
1540 4049 1771 4104 inimicis
1813 4048 2074 4106 Ecclesiae

482 4156 604 4196 cum
631 4140 745 4210 ipsa
771 4139 1012 4195 Ecclesia
1055 4139 1402 4196 criminamur
1434 4158 1448 4195 :
1476 4140 1594 4209 ejus
1623 4149 1798 4196 tamen
1827 4139 2073 4196 defensio

481 4236 672 4292 nonin
695 4249 881 4291 eorum
931 4233 1206 4290 hominum
1256 4232 1570 4289 defensione
1611 4235 1886 4301 consistit,
1935 4249 2071 4304 quos

480 4329 572 4386 isti
601 4326 914 4383 nominatim
942 4326 1092 4382 falsis
1119 4325 1576 4380 criminationibus
1605 4336 1878 4395 appetunt.
1910 4325 2072 4380 Pror-

481 4435 575 4477 sus
619 4419 1032 4490 qualescumque
1079 4416 1274 4472 fuerint
1315 4417 1688 4479 Marcellinus,
1756 4417 2065 4484 Marcellus,

479 4513 759 4579 Silvester,
789 4507 1110 4566 Melcbiadcs
1130 4549 1144 4572 ,
1176 4507 1469 4562 blensurius
1488 4551 1502 4573 ,
1530 4509 1846 4562 (lmeilianus
1865 4549 1880 4573 ,
1910 4520 2068 4578 atque

479 4603 569 4658 alii
595 4603 789 4673 quibus
813 4599 1073 4670 objiciunt
1093 4613 1191 4668 pro
1215 4613 1310 4653 sua
1335 4598 1667 4653 dissensione
1688 4598 1832 4668 quod
1859 4600 2062 4666 volunt,

478 4694 612 4752 nihil
660 4691 972 4765 prmjudicat
1017 4689 1272 4746 Ecclesiae
1313 4689 1589 4744 catholica:
1647 4699 1759 4743 toto
1805 4700 2063 4745 terrarum

478 4788 611 4843 orbe
641 4784 849 4841 diﬂ'usa:
881 4801 897 4839 :
928 4783 1078 4839 nullo
1107 4781 1268 4838 modo
1291 4796 1476 4836 eorum
1509 4784 1809 4838 innocentia
1835 4798 2062 4837 corona-

477 4895 620 4944 mur,
646 4877 796 4933 nnllo
817 4875 979 4932 modo
995 4888 1184 4931 eorum
1208 4873 1484 4946 iniquitate
1503 4873 1838 4930 damnamur.
1863 4876 1918 4930 Si
1941 4876 2063 4930 boni

374 5021 384 5042 ,
476 4972 714 5037 fuerunt,
756 4970 812 5026 in
839 4985 981 5026 arcte
1034 4968 1311 5025 catholica:
1373 4968 1560 5024 tritura
1603 4977 1855 5039 tanquam
1899 4984 2062 5038 grana

374 5049 392 5108 ί
477 5064 716 5120 mundati
757 5073 925 5120 sunt:
957 5063 1002 5119 si
1053 5063 1180 5119 mali
1207 5061 1452 5128 fuerunt,
1505 5061 1558 5115 in
1602 5077 1743 5116 areae
1787 5061 2062 5118 catholica:

477 5157 667 5213 tritura
693 5166 946 5228 tanquam
968 5156 1178 5228 stipulae
1200 5153 1515 5211 comminuti
1543 5162 1689 5209 sunt.
1734 5155 1878 5209 intra
1907 5156 2060 5212 istam

472 5264 655 5305 aream
679 5249 804 5306 boni
823 5259 878 5305 et
902 5248 1025 5304 mali
1053 5261 1174 5304 esse
1197 5254 1422 5317 possunt
1442 5261 1458 5312 ;
1475 5254 1627 5302 extra
1649 5260 1770 5302 eam
1793 5245 1916 5304 boni
1939 5263 2061 5304 esse

473 5363 584 5404 non
615 5354 857 5418 possunt.
886 5343 1140 5415 Quisquis
1164 5341 1233 5397 ab
1258 5340 1360 5398 hac
1384 5341 1584 5398 unitate
1611 5349 1772 5398 vento
1795 5341 2060 5413 superbiae

475 5452 727 5513 tanquam
749 5438 863 5496 sola
887 5437 1037 5510 palea
1057 5445 1352 5509 separatur,
1379 5451 1519 5494 area:
1539 5435 1819 5493 dominica:
1845 5445 2062 5509 propter

1844 5625 1963 5673 tum.

539 5624 559 5714 ζ
582 5621 718 5694 aditi,
741 5621 938 5686 factum.
964 5620 1130 5682 Aptius
1147 5619 1228 5672 hic
1243 5620 1562 5692 ‘Florjacensis
1581 5619 1946 5737 coclea-ﬁlum

578 5691 650 5733 Sic
679 5691 788 5733 uss.
813 5690 868 5731 At
888 5688 1019 5737 Lov.,
1038 5681 1244 5735 obscura
1263 5682 1322 5732 ab
1342 5686 1544 5736 Istorum
1563 5694 1683 5737 συντ
1866 5689 1948 5737 etc

536 5685 650 5749 {sic
679 5681 788 5749 bss.
813 5690 868 5731 At
888 5681 1244 5749 Lov.’,_gbsgura
1263 5681 1544 5749 abjstontm
1563 5694 1683 5749 appr

537 5743 614 5867 (a3
645 5744 760 5816 vide
783 5749 984 5816 aetract.
1004 5741 1095 5793 11b.
1117 5741 1296 5816 z'cap.
1315 5743 1397 5795 34'.

563 5804 590 5851 ὁ
649 5806 762 5856 Vide
786 5805 908 5856 infra
931 5819 979 5856 tn
1003 5807 1292 5867 Appendtce.

1038 5818 1292 5870 ppenmce.

1637 5911 1666 5933 ὁ

950 319 1040 380 DE
1080 321 1283 380 UNICO
1319 312 1654 376 BAPTHSMO
1687 317 1960 372 CONTRA
2004 311 2440 390 PETILIANUM,
2482 324 2539 379 S.
2579 321 2948 385 AUGUSTlNl
2986 331 3187 392 LIBER
3230 330 3428 395 UNUS.
3743 345 3784 400 6'

2225 435 2566 492 commixtam
2598 442 2803 509 paleam
2829 446 2955 516 quid
2982 448 3382 507 calumniatur?

2294 526 2517 586 CAPUT
2564 532 2924 594 XVil.—-3l.
2964 539 3073 596 Nos
3118 559 3330 616 quoque
3391 547 3677 620 dicimus,
3741 572 3784 608 ηε

2223 624 2426 674 tantum
2455 621 2700 693 dicimus,
2730 643 2916 685 verum
2956 632 3117 688 etiam
3147 635 3442 694 litterarum
3467 645 3784 702 moui-ient

2219 710 2595 770 ecclesiasticis
2637 726 2692 772 et
2735 720 2963 789 publicis
3010 727 3457 800 comprobamus,
3502 733 3784 794 Secundm

2219 803 2606 877 Tigisitanum,
2636 813 2787 884 cujus
2829 830 3149 890 congregato
3192 825 3422 882 concilio
3464 827 3784 886 Caeciliane:

2216 901 2402 962 dicunt
2439 919 2562 964 esse
2606 906 2951 980 damnatum,
2998 914 3260 974 confessis
3307 919 3708 992 traditoribus,
3757 944 3784 981 η

2215 997 2449 1090 schisma
2477 1000 2670 1070 ﬁeret,
2702 1018 2887 1074 pacem
2916 1006 3165 1076 dedisse,
3212 1027 3334 1068 eum
3363 1025 3416 1070 et
3445 1016 3633 1074 eidem
3663 1021 3768 1090 ipsi

2214 1087 2486 1160 Purpurio
2516 1091 2808 1150 Limatensi
2832 1098 2847 1128 ί
2879 1097 3081 1154 crimen
3113 1102 3410 1160 traditionis
3439 1106 3643 1164 fuisset
3669 1087 3784 1180 obii

2213 1187 2378 1234 ctum.
2411 1180 2648 1239 Dicimus
2679 1186 2940 1242 victorem
2991 1189 3459 1251 Rusiccadiensem
3485 1241 3499 1263 ,
3539 1199 3784 1257 Donatus

2212 1271 2578 1330 Calamensem
2601 1318 2616 1343 ,
2665 1277 2926 1334 Donatum
2955 1281 3355 1341 Masculitanum
3376 1330 3392 1356 ,
3441 1290 3723 1349 Marinum
3755 1311 3784 1349 a

2214 1364 2745 1438 Aquis-Tibilitanis,
2774 1371 3046 1429 Silvanum
3071 1374 3370 1435 Cirtensem
3391 1380 3564 1438 fuisse
3595 1386 3784 1442 traditt

2210 1468 2331 1523 res,
2355 1458 2676 1531 eosdemque
2703 1463 2853 1532 quasi
2902 1465 3215 1523 traditarum
3241 1472 3625 1531 severissimos
3654 1479 3784 1534 dam

2209 1558 2445 1605 natores.
2475 1550 2588 1607 Hoc
2611 1553 2901 1622 probamus
2941 1565 2996 1612 et
3022 1560 3427 1629 ecclesiasticis,
3476 1575 3534 1620 et
3579 1571 3784 1625 munici

2208 1641 2450 1710 paiibus,
2482 1651 2536 1698 et
2577 1643 2916 1713 iudicialibus
2942 1651 3128 1719 gestis.
3155 1650 3260 1707 Sed
3286 1669 3386 1710 nec
3412 1655 3538 1712 ideo
3572 1660 3784 1716 tradito

2205 1749 2295 1789 res
2323 1744 2447 1790 sunt
2495 1751 2682 1793 omnes
2731 1739 2786 1794 in
2833 1751 2990 1810 parte
3033 1742 3258 1812 Donati,
3305 1749 3428 1818 quia
3484 1751 3543 1806 in
3599 1768 3666 1808 ea
3723 1755 3784 1810 ist

2203 1824 2454 1894 fuerunt;
2483 1844 2585 1884 nec
2611 1829 2732 1886 ideo
2779 1841 2864 1887 est
2906 1833 3164 1892 innocens
3191 1853 3312 1908 pars
3338 1840 3572 1911 Donati,
3624 1847 3676 1900 si
3727 1850 3784 1902 ist

2204 1918 2516 1977 innocentes
2535 1937 2566 1976 a
2586 1923 2887 1981 traditionis
2901 1926 3177 1999 iniquitate
3196 1943 3585 1992 monstrentur.
3611 1937 3784 1993 Melie

2201 2013 2344 2068 enim
2391 2015 2638 2073 audimus
2671 2028 2912 2075 sanctam
2941 2019 3303 2094 Scriptorum,
3347 2043 3506 2098 quam
3553 2032 3644 2086 vel
3687 2034 3784 2087 cui

2199 2120 2358 2174 quam
2377 2107 2764 2165 cainmniamnr
2783 2110 2854 2167 de
2869 2113 3107 2183 peccatis
3125 2115 3315 2172 alienis
3327 2159 3343 2184 ,
3368 2119 3455 2174 vel
3471 2120 3559 2190 cnj
3567 2135 3784 2193 nsquan

2198 2198 2426 2267 similem
2469 2201 2790 2258 calumniam
2835 2203 3202 2262 formidamus.
3262 2209 3446 2265 Anima
3486 2213 3640 2268 enim
3687 2232 3784 2282 qu

2197 2303 2401 2360 peccat,
2434 2294 2547 2364 ipsa
2572 2297 2812 2351 morietur
2837 2297 3051 2371 (Exerit.
3086 2317 3216 2356 xvm
3236 2341 3252 2368 ,
3301 2303 3361 2375 ι)
3396 2321 3412 2359 :
3467 2315 3557 2374 et,
3612 2307 3784 2364 Um-

2195 2385 2401 2453 qm'sque
2424 2388 2693 2456 proprium
2717 2403 2846 2444 ortus
2871 2391 3088 2457 portabit
3111 2391 3305 2462 (Galat.
3325 2409 3416 2463 γι,
3445 2397 3530 2467 5):
3562 2407 3620 2453 et
3637 2439 3656 2463 ,
3696 2399 3784 2467 Ωιι

2195 2475 2466 2529 manducat
2489 2486 2537 2530 et
2563 2477 2684 2531 bibit
2699 2479 2906 2551 indigne
2923 2521 2938 2548 ,
2958 2497 3065 2536 non
3081 2483 3266 2549 alteri,
3293 2484 3389 2541 sed
3413 2486 3509 2541 sibi
3524 2489 3784 2560 judicium

2194 2566 2467 2620 manducat
2491 2577 2538 2621 et
2563 2567 2681 2622 bibit
2711 2569 2754 2641 (l
2786 2570 2903 2626 Cor.
2935 2588 2988 2627 ιι
3012 2614 3028 2640 ,
3068 2573 3182 2645 29).
3207 2575 3274 2630 Et
3293 2576 3541 2634 sinuntur
3561 2589 3784 2652 utraque

2191 2673 2436 2713 crescere
2465 2676 2632 2730 usque
2661 2661 2729 2717 ad
2767 2679 3037 2730 messem,
3086 2681 3190 2733 ne,
3233 2681 3358 2724 cum
3399 2681 3527 2728 ante
3577 2681 3784 2744 tempus

2191 2749 2511 2819 colliguntur
2583 2752 2814 2818 zizania,
2870 2755 3172 2812 eradicetur
3225 2759 3385 2815 simul
3427 2771 3483 2816 et
3537 2764 3782 2820 triticum

2191 2839 2406 2908 (Matth.
2441 2857 2570 2910 xm,
2619 2843 2688 2900 29
2709 2887 2722 2908 ,
2769 2845 2862 2914 50)
2897 2864 2911 2899 :
2942 2856 2997 2902 et
3023 2849 3298 2906 commixti
3326 2852 3544 2922 optimis
3572 2863 3784 2925 pascuis

2190 2929 2327 2986 inedi
2357 2936 2583 3005 agnique
2611 2949 2920 3006 pascuntur,
2949 2940 3124 2997 donec
3146 2959 3176 2996 a
3204 2953 3454 3014 pastore,
3483 2950 3579 3018 qui
3599 2965 3784 3006 emre

2188 3039 2295 3079 non
2323 3035 2530 3094 potest,
2559 3041 2908 3100 segregentur
2937 3030 3051 3102 (Id.
3081 3049 3223 3103 xxv,
3273 3035 3378 3102 52,
3406 3038 3498 3112 33)
3549 3056 3566 3094 :
3609 3052 3670 3096 et
3713 3059 3779 3097 ex

2187 3118 2331 3172 omni
2356 3133 2553 3188 genere
2583 3121 2808 3190 piscium
2837 3124 2969 3179 retia
2997 3127 3336 3196 complentur
3362 3129 3386 3161 ³
3412 3131 3654 3198 unitatis,
3687 3133 3782 3189 do-

2185 3224 2284 3263 nec
2304 3209 2370 3264 ad
2392 3211 2647 3280 judicium
2671 3215 2865 3270 littoris
2887 3216 3242 3286 perducantur
3261 3219 3376 3293 (Id.
3399 3238 3516 3291 xui,
3542 3225 3639 3292 67,
3662 3229 3778 3299 48)..

2183 3299 2292 3355 Nisi
2309 3302 2452 3372 quod
2475 3304 2559 3358 isti
2582 3320 2677 3360 sua
2695 3319 2947 3376 perversa
2969 3308 3210 3381 falsaque
3229 3314 3495 3370 sententia
3513 3316 3617 3371 sibi
3639 3333 3781 3388 pra--

2179 3393 2451 3462 judicant,
2495 3397 2587 3467 qui
2612 3410 2831 3470 propter
2854 3401 3030 3458 aliena
3057 3414 3275 3473 peccata
3297 3405 3443 3476 juste
3481 3423 3544 3466 se
3587 3409 3776 3467 dicunt;

2182 3487 2249 3540 ab
2277 3488 2423 3543 orbis
2443 3487 2718 3546 christiani
2746 3495 3121 3552 communione
3161 3507 3436 3566 separatos
3461 3517 3478 3553 :
3507 3517 3606 3572 per
3630 3502 3773 3560 hanc;

2182 3580 2323 3634 enim
2365 3579 2647 3637 absurdam
2679 3584 3023 3657 insanamque
3064 3589 3368 3658 opinionem
3395 3590 3500 3662 ipsi
3542 3592 3765 3662 facium,

2184 3682 2238 3723 ut
2268 3672 2343 3722 cis
2368 3673 2720 3740 quorumdam
2746 3691 2964 3732 suorum
2995 3689 3212 3747 peccata
3235 3682 3487 3739 omnibus
3510 3685 3766 3756 imputem

2182 3773 2282 3814 tur.
2309 3762 2459 3829 Quod
2481 3765 2527 3818 si
2547 3765 2748 3836 justum
2770 3769 3116 3836 arbitrantur,
3140 3761 3361 3828 reiSunt
3379 3788 3572 3832 omnes
3588 3779 3765 3847 cujus-

2183 3855 2313 3910 libet
2338 3858 2477 3922 apud
2507 3873 2564 3913 se
2614 3859 2668 3914 in
2694 3876 2799 3915 uno
2843 3860 3060 3918 homine
3108 3863 3307 3921 inventi
3345 3867 3763 3927 manifestissimi

2180 3947 2416 4001 criminis
2451 3967 2462 4003 :
2494 3948 2538 4001 si
2567 3959 2742 4005 autem
2771 3951 2870 4006 hoc
2889 3992 2904 4018 ,
2928 3953 3068 4008 sicut
3089 3954 3343 4024 injustam
3366 3967 3482 4026 est,
3506 3957 3763 4029 injustam

2180 4054 2300 4093 esse
2321 4051 2676 4110 cognoscunt,
2706 4042 2783 4097 rei
2809 4055 2934 4100 sunt
2953 4060 3143 4102 omnes
3173 4047 3520 4118 iniquissima:
3548 4067 3760 4122 separa-

2179 4134 2356 4186 tionis.

2245 4225 2472 4280 (lAl‘U'l‘
2518 4225 2898 4284 XVlll.—32.
2939 4229 3054 4284 Jam
3095 4246 3224 4288 vero
3264 4232 3514 4303 quoniam
3563 4236 3613 4290 in
3657 4238 3757 4292 hoc

2177 4332 2422 4372 sermone
2446 4319 2512 4372 de
2545 4320 2701 4374 unico
2743 4322 2910 4392 magis
2957 4322 3228 4392 Baptismo
3269 4327 3493 4396 quaestio
3537 4338 3646 4392 est,
3699 4343 3757 4384 ut

2176 4409 2314 4463 unde
2343 4421 2514 4480 empta
2546 4421 2628 4466 est
2658 4423 2836 4468 nostra
2861 4413 3148 4484 disputatio
3163 4417 3531 4486 concludatur,
3547 4420 3683 4475 sicut
3701 4423 3751 4476 in

2175 4504 2283 4572 ipsa
2312 4505 2508 4559 unitate
2535 4504 2815 4560 dominica:
2843 4523 3013 4572 arum,
3060 4524 3159 4564 nec
3189 4521 3406 4581 propter
3443 4512 3610 4568 bonos
3636 4512 3751 4568 lau-

2172 4597 2326 4651 dandi
2349 4609 2471 4652 sunt
2489 4599 2739 4665 mali,ncc
2757 4609 2970 4669 propter
2983 4603 3151 4658 malos
3162 4603 3442 4661 deserendi
3457 4615 3580 4663 sunt
3592 4605 3712 4662 boni
3729 4628 3744 4665 :

2171 4691 2250 4743 sic
2278 4690 2296 4720 ³
2316 4690 2366 4743 in
2395 4706 2501 4745 uno
2532 4689 2746 4746 homine
2769 4708 2867 4747 nec
2893 4703 3105 4763 propter
3132 4696 3259 4752 illud
3285 4698 3427 4767 quod
3458 4699 3592 4758 ineo
3613 4702 3743 4757 inte-

2169 4799 2321 4850 grum
2337 4792 2438 4845 est,
2456 4782 2574 4852 ejus
2591 4793 2675 4838 est
2699 4783 3003 4854 accipienda
3025 4787 3377 4854 perversitas;
3406 4806 3504 4846 nec
3529 4802 3741 4862 propter

2170 4875 2295 4929 illud
2315 4874 2455 4946 quod
2486 4875 2537 4928 in
2555 4891 2620 4930 eo
2650 4891 2953 4945 perversum
2972 4886 3070 4942 est,
3096 4880 3277 4949 negari
3297 4880 3456 4936 debet
3472 4882 3586 4951 ejus
3609 4885 3732 4938 inte

2169 4972 2330 5038 gritas
2352 4988 2366 5024 :
2390 4970 2512 5041 quia
2536 4980 2590 5025 et
2619 4970 2671 5024 in
2691 4970 2997 5027 Judmorum
3027 4972 3302 5044 iniquitate
3323 4973 3590 5032 detinetur
3604 4979 3738 5032 veri.

2172 5073 2250 5116 tas
2269 5061 2676 5118 resurrectionis
2697 5070 3064 5130 mortuorum;
3089 5072 3144 5119 et
3165 5064 3216 5118 in
3243 5065 3530 5121 Gentilium
3548 5068 3734 5138 iniqui-

2167 5165 2274 5210 tate
2295 5155 2563 5210 detinetur
2581 5155 2776 5210 veritas
2791 5155 2950 5211 unius
2967 5155 3083 5223 Dei,
3102 5156 3192 5225 qui
3210 5157 3446 5212 condidit
3465 5160 3728 5213 mundum:

2167 5251 2221 5296 ct
2247 5239 2300 5294 in
2331 5254 2516 5295 eorum
2545 5240 2848 5311 iniquitate,
2870 5240 2960 5311 qui
2983 5255 3103 5295 cum
3123 5239 3336 5296 Christo
3360 5241 3481 5313 quia
3505 5257 3608 5297 non
3629 5245 3732 5298 col-

2167 5331 2366 5403 ligunt,
2393 5339 2680 5403 spargunt"
2709 5330 2981 5389 detinetur
3017 5332 3212 5389 veritas
3238 5331 3380 5404 qua‘
3407 5335 3459 5389 in
3485 5333 3595 5403 ejus
3632 5351 3725 5390 no—

2230 5622 2243 5652 ι
2272 5626 2320 5669 ιιι
2345 5627 2470 5679 uss,

2228 5685 2248 5713 ³
2271 5676 2582 5733 t-‘loriacensis
2601 5681 2776 5737 codex,
2801 5676 3100 5730 contrahunt.

2230 5746 2250 5777 ³
2273 5747 2408 5804 utin,
2425 5751 2494 5794 ut.
2511 5742 2832 5804 Emonle
2851 5741 2911 5792 ad
2932 5739 3149 5792 codicem
3187 5738 3544 5793 Fitth

2232 5811 2254 5840 δ
2273 5803 2408 5870 εάιιι,
2431 5805 2561 5872 quia.
2589 5803 2756 5858 Melius
2780 5811 2906 5866 Mss,
2929 5815 3039 5869 qua.
3629 5842 3642 5850 .
