3784 6154
445 273 552 336 815

448 395 595 450 dicto
621 385 710 446 die
743 384 926 443 itidem
956 381 1376 438 commemorato
1404 381 1459 429 et
1487 371 1780 428 constituto
1808 386 1822 422 :
1851 376 1908 424 et
1936 365 2037 422 ad-

449 483 658 542 monuit
695 487 754 536 ut
782 479 831 535 ei
858 489 981 547 pars
1007 481 1233 542 utraque
1271 465 1594 524 rescriberet
1615 504 1631 533 ,
1661 471 1837 519 utrum
1860 459 2042 532 place-

452 587 573 637 rent
597 589 716 646 qua:
737 565 1142 641 comprehendit
1168 563 1368 620 edicto.

518 645 747 726 CAPUT
795 662 883 720 tv.
931 690 1004 703 —
1046 658 1247 726 Quarto
1293 656 1436 722 loco,
1463 667 1585 710 cum
1636 649 1801 723 partis
1854 645 2046 703 Donati

451 760 687 834 episcopi
731 757 1004 829 exigerent
1053 749 1279 824 proponi
1329 748 1431 805 sibi
1469 747 1539 804 ab
1578 741 1902 834 adversariis
1942 754 2046 811 qua

452 833 613 910 causa
658 850 884 906 fuissent
927 841 1271 916 congregati;
1323 838 1578 910 Coguitor
1613 833 1856 900 distulit,
1896 841 2049 889 utex

453 946 643 1002 ordine
670 943 818 1014 prius
843 939 1024 997 omnia
1053 936 1431 1000 recitarentur,
1457 945 1578 1002 quae
1601 937 1728 985 ante
1749 928 1894 985 diem
1923 925 2050 981 Col-

455 1038 671 1096 lationis
709 1044 826 1092 acta
856 1033 1086 1089 fuerant.
1132 1030 1200 1084 Et
1229 1026 1453 1083 recitata
1481 1030 1566 1080 est
1593 1021 1797 1078 notaria
1828 1017 2051 1075 Donati-

455 1143 660 1190 starum
693 1127 768 1202 (a)
787 1170 802 1196 ,
834 1127 887 1183 in
915 1140 1020 1196 qua
1047 1121 1319 1186 dixerunt,
1345 1132 1451 1173 non
1469 1115 1569 1172 sibi
1592 1113 1807 1186 placere
1827 1108 2050 1183 quodin

466 1227 642 1284 edicto
668 1238 768 1280 suo
796 1219 994 1293 posuit,
1025 1224 1086 1273 ut
1106 1215 1161 1270 hi
1189 1213 1288 1270 soli
1317 1227 1384 1268 ex
1407 1208 1674 1281 episcopis
1701 1202 2054 1262 convenirent

367 1315 374 1321 ’
458 1318 526 1374 ad
554 1313 867 1372 Collationis
909 1311 1105 1376 locum,
1136 1319 1270 1378 quos
1317 1301 1385 1358 ad
1454 1303 1624 1372 ipsam
1667 1311 1883 1354 causam
1930 1308 2053 1366 per-

459 1407 720 1481 agendam
744 1401 923 1460 caateri
960 1399 1319 1470 delegissent,
1349 1395 1440 1467 qui
1486 1405 1674 1449 omnes
1717 1388 1932 1461 triginta
1955 1401 2054 1442 sex

459 1499 862 1573 complebantur
883 1537 900 1563 ,
925 1493 1108 1550 decem
1135 1499 1190 1548 et
1212 1497 1335 1546 octo
1372 1487 1498 1542 hinc
1516 1527 1531 1554 ,
1558 1493 1616 1541 et
1635 1483 1825 1540 decem
1849 1489 1906 1537 et
1931 1487 2056 1582 octo

461 1570 616 1659 inde;
648 1591 699 1648 id
727 1598 830 1656 est,
861 1595 1067 1657 septem
1093 1584 1184 1655 qui
1218 1584 1359 1637 inter
1394 1593 1456 1634 se
1483 1577 1818 1647 disputarent
1839 1612 1855 1639 ,
1886 1579 1941 1628 et
1963 1570 2055 1626 alii

461 1695 668 1756 septem
694 1680 788 1753 qui
832 1677 1082 1744 concilio,
1105 1675 1152 1730 si
1192 1687 1326 1744 opus
1352 1677 1516 1735 esset,
1545 1667 1953 1765 adhiberentur,
1990 1667 2059 1765 ‘et

461 1753 553 1834 alii
574 1775 818 1848 quaterni
862 1772 949 1844 qui
983 1770 1148 1842 gestis
1177 1762 1540 1823 custodiendis
1567 1768 1623 1816 et
1653 1753 2058 1858 conscribendis

465 1874 760 1942 praeessent
791 1882 804 1918 :
834 1863 930 1920 sed
969 1861 1275 1933 petiverunt
1313 1870 1375 1912 se
1400 1866 1590 1909 omnes
1617 1851 1814 1922 potius,
1842 1851 1933 1919 qui
1961 1861 2057 1902 ve-

464 1969 686 2025 nerant,
709 1956 900 2014 adesse
924 1953 1150 2016 debere;
1181 1958 1241 2005 ut
1260 1961 1447 2004 eorum
1473 1955 1728 2000 numerus
1751 1945 2057 2011 appareret,

464 2054 707 2110 dicentes
730 2050 874 2122 quod
894 2063 988 2104 eos
1007 2042 1301 2101 adversarii
1325 2054 1528 2112 paucos
1553 2052 1674 2094 esse
1696 2033 1906 2092 mentiti
1929 2031 2057 2088 sint.

465 2147 544 2204 lbi
567 2145 822 2202 dixerunt
847 2141 920 2196 ita
944 2156 1003 2196 se
1030 2151 1219 2192 omnes
1244 2133 1460 2189 venisse
1499 2144 1672 2200 usque
1695 2125 1763 2183 ad
1801 2122 2058 2196 gravissi-

465 2254 588 2296 nios
612 2251 790 2301 senes,
819 2243 876 2289 ut
903 2231 957 2285 hi
985 2228 1084 2285 soli
1106 2227 1376 2292 deessent,
1398 2237 1537 2294 quos
1565 2219 1790 2275 adversa
1812 2213 2061 2272 valetudo

467 2331 708 2404 corporis
736 2325 1047 2398 impedisset
1074 2340 1088 2377 :
1110 2329 1166 2377 et
1182 2328 1376 2376 caetera
1399 2332 1521 2389 quae
1549 2315 1664 2386 ipsa
1691 2311 1902 2369 uotaria
1929 2325 2062 2366 con-

471 2426 724 2481 tinentur.

538 2514 766 2575 CAPUT
801 2511 871 2568 ν.
896 2541 970 2553 -
1010 2508 1207 2580 Quinto
1247 2507 1366 2562 loco
1417 2503 1654 2559 recitatae
1699 2507 1825 2556 sunt
1867 2497 2065 2554 littera:

469 2609 889 2672 Catholicorum,
912 2619 1044 2676 quas
1065 2600 1457 2670 rescripserunt
1481 2592 1755 2667 Cognitori
1789 2591 1866 2662 (ὁ)
1886 2633 1902 2658 ,
1928 2591 2066 2644 sicut

471 2706 647 2763 edicto
696 2704 1128 2764 commonuerat,
1175 2693 1506 2749 insinuantes
1549 2686 1856 2745 consentire
1898 2698 1958 2740 se
1994 2682 2064 2739 ad

470 2798 649 2855 omnia
688 2809 808 2865 qua:
856 2792 947 2847 illo
993 2789 1169 2846 edicto
1215 2785 1428 2842 fuerant
1464 2781 1729 2838 ordinata.
1763 2778 1821 2833 In
1859 2776 2064 2834 eisdem

472 2889 664 2946 litteris
689 2885 850 2943 etiam
882 2899 941 2939 se
965 2880 1388 2944 obstrinxerunt,
1419 2884 1475 2932 et
1495 2872 1715 2944 polliciti
1742 2877 1895 2937 sunt,
1922 2867 2066 2940 quod

473 2983 520 3038 si
549 2983 604 3037 in
633 2987 784 3051 parte
806 2973 999 3032 Donati
1040 2971 1238 3026 veritas
1265 2969 1344 3023 eis
1381 2965 1840 3021 demonstraretur
1882 2957 2068 3015 Eccle—

475 3075 590 3138 size,
621 3087 727 3126 non
758 3083 816 3124 se
845 3067 955 3122 illic
999 3060 1358 3135 episcopalem
1407 3057 1668 3113 honorem
1709 3052 2026 3126 quaesituros
2047 3090 2065 3117 ,

475 3163 571 3221 sed
598 3160 879 3219 consilium
904 3170 1092 3214 eorum
1116 3160 1391 3210 secuturos
1415 3163 1514 3220 pro
1543 3147 1716 3203 salute
1739 3143 2064 3201 christiana:

475 3255 520 3311 si
548 3263 723 3310 autem
744 3253 798 3308 in
823 3265 917 3306 sua
953 3243 1330 3304 communione
1368 3239 1547 3312 potius
1574 3237 1775 3294 veritas
1803 3231 2059 3292 ostende-

474 3356 626 3405 retur
655 3344 931 3408 Ecclesiae,
958 3339 1192 3396 honores
1216 3331 1550 3406 episcopales
1572 3329 1653 3386 eis
1681 3341 1788 3384 nou
1817 3341 1879 3384 se
1906 3339 2070 3400 nega-

476 3449 625 3498 turos
655 3455 669 3492 :
695 3445 752 3494 et
781 3436 883 3492 hoc
906 3449 937 3489 a
965 3448 1026 3490 se
1071 3428 1189 3487 ﬁeri
1224 3427 1367 3485 bono
1394 3423 1578 3497 pacis,
1607 3431 1671 3479 ιιι
1713 3419 2071 3511 intelligerent

476 3533 530 3588 hi
557 3531 749 3604 quibus
778 3528 882 3583 hoc
906 3529 1271 3597 praestaretur,
1299 3517 1445 3591 quod
1472 3517 1526 3577 in
1553 3514 1634 3576 eis
1659 3517 1922 3576 Catholici
1960 3531 2070 3573 non

475 3625 822 3682 Christianam
861 3616 1322 3677 consecrationem
1343 3658 1361 3685 ,
1387 3615 1484 3673 sed
1509 3614 1799 3670 humanum
1839 3611 2072 3668 detesta-

476 3725 663 3774 rentur
681 3728 943 3774 errorem.
969 3711 1122 3782 Quod
1151 3711 1194 3766 si
1218 3709 1405 3782 plebes
1446 3706 1581 3762 duos
1607 3706 1663 3761 in
1697 3717 1800 3760 una
1829 3701 2070 3758 Ecclesia

477 3813 757 3882 episcOpos
779 3807 920 3864 ferre
949 3821 1053 3861 non
1085 3810 1325 3875 possent,
1353 3800 1595 3870 utrisque
1622 3796 1690 3853 de
1718 3795 1895 3870 medio
1923 3809 2073 3851 rece-

477 3902 744 3966 dentibus,
771 3897 963 3969 singuli
983 3896 1437 3952 constituerentur
1462 3889 1734 3961 episcopi,
1763 3887 1831 3944 ab
1855 3888 1934 3943 eis
1959 3885 2075 3956 epi-

479 3995 656 4066 scopis
681 3988 998 4056 ordinandi,
1036 3987 1126 4058 qui
1157 3986 1210 4040 in
1240 3984 1352 4040 suis
1380 3981 1624 4052 plebibus
1648 3979 1842 4051 singuli
1869 3979 2073 4035 inveni-

479 4095 682 4144 rentur.
725 4085 780 4140 In
824 4080 1026 4138 eisdem
1065 4077 1256 4134 litteris
1315 4080 1738 4131 commemorata
1788 4080 1874 4128 est
1911 4071 2071 4127 etiam

478 4194 637 4237 causa
665 4174 1192 4237 Maximianistarum,
1215 4184 1281 4227 ex
1308 4167 1504 4242 quibus
1519 4181 1552 4222 a
1573 4181 1634 4222 se
1657 4165 1923 4220 damnatis
1951 4180 2075 4236 pro-

479 4282 601 4344 pter
645 4285 828 4342 pacem
872 4268 1037 4338 partis
1069 4262 1258 4320 Donati
1287 4269 1547 4333 quosdam
1588 4257 1641 4312 iu
1671 4255 1964 4313 honoribus
1992 4255 2074 4310 in-

482 4365 644 4436 tegris
676 4365 1044 4432 susceperunt,
1067 4365 1120 4413 ct
1147 4354 1214 4411 ab
1232 4354 1310 4410 eis
1335 4352 1516 4408 datum
1545 4350 1600 4405 in
1629 4348 1892 4420 sacrilego
1922 4346 2070 4404 schi-

480 4466 650 4515 smate
677 4453 1006 4527 Baptismum
1023 4466 1127 4506 non
1153 4445 1490 4504 resciderunt
1525 4460 1539 4499 :
1569 4450 1623 4500 et
1647 4451 1840 4499 caetera
1865 4455 1987 4513 qute
2013 4440 2071 4497 in

480 4548 790 4608 memoratis
818 4545 1012 4604 litteris
1041 4541 1405 4600 continentur.

550 4639 777 4698 CAPUT
805 4637 895 4693 Vl.
921 4666 995 4678 —-
1015 4636 1178 4692 Sexto
1205 4633 1325 4689 loco
1351 4630 1634 4687 recitatum
1661 4637 1744 4685 est
1767 4629 1928 4686 etiam
1956 4627 2073 4685 edi-

479 4745 626 4794 etum
676 4730 843 4804 ipsius
869 4725 1171 4800 Cognitoris
1213 4724 1318 4795 (ο),
1368 4722 1510 4795 quod
1554 4728 1909 4792 pr0posuerat
1946 4735 2071 4776 cum

479 4843 644 4900 supra
662 4823 803 4880 dicta
834 4820 1038 4878 notaria
1051 4819 1463 4881 Donatistarum,
1492 4822 1548 4870 et
1577 4828 1736 4884 supra
1749 4812 1906 4869 dictis
1929 4811 2072 4868 litte-

483 4919 560 4977 ris
587 4917 986 4975 Catholicorum
1010 4912 1286 4969 insinuans
1309 4909 1507 4982 pepulo
1526 4924 1647 4979 quae
1670 4907 1744 4963 illi
1771 4922 1894 4978 pars
1917 4912 2069 4962 utra-

483 5027 588 5084 que
608 5008 968 5080 rescripserit.

547 5099 777 5159 CAPUT
811 5099 920 5154 VII.
951 5128 1022 5140 —-—
1047 5097 1291 5168 Septimo
1321 5094 1441 5151 loco
1465 5094 1703 5150 recitata:
1725 5101 1851 5148 sunt
1874 5091 2068 5150 littera:

475 5193 867 5252 Catholicorum
896 5192 964 5248 ad
989 5192 1332 5262 Cognitorem
1371 5187 1510 5244 datae
1538 5186 1646 5256 (ά),
1677 5187 1868 5258 quibus
1896 5186 2069 5242 Dona-

477 5293 720 5348 tistarum
748 5287 968 5344 notarize
992 5286 1402 5358 responderunt,
1435 5284 1794 5341 concedentes
1822 5284 1900 5339 cis
1922 5283 2064 5354 quod

474 5376 758 5450 petierant,
802 5381 860 5428 ut
888 5372 1118 5428 universi
1145 5371 1236 5442 qui
1279 5377 1537 5426 venerant
1569 5377 1858 5440 praesentes
1885 5378 2069 5425 essent

537 5512 611 5577 (a)
643 5510 884 5577 interdum
905 5509 1150 5577 scribitur,
1185 5507 1432 5577 tnqtoria.
1455 5519 1478 5550 »
1492 5504 1769 5577 inhibetur
1786 5505 1891 5555 hzec
1913 5511 2065 5555 Dona-

472 5568 696 5640 miarum
710 5573 991 5640 epistolam
1012 5571 1156 5632 hujus
1179 5568 1604 5640 tomiappendice.

561 5636 609 5698 b)
643 5632 845 5698 Epistula
871 5634 960 5698 128
981 5636 1107 5683 inter
1133 5632 1511 5694 Augustinianas.

561 5639 588 5686 b
643 5639 845 5698 Epistula
871 5639 960 5683 128
981 5639 1107 5683 inter
1133 5639 1358 5694 Augustin

557 5639 609 5810 cf
638 5705 689 5746 In
713 5697 1000 5768 Appendice.
1305 5755 1314 5765 ~
1353 5754 1362 5764 .

599 5763 615 5810 1
638 5760 842 5810 Epistula
867 5758 953 5810 129
971 5765 1097 5809 1111.οΓ
1123 5761 1362 5810 augustum

595 5755 615 5824 )
638 5755 842 5824 Epistula
867 5758 953 5810 129
971 5760 1097 5809 inter
1123 5755 1499 5819 Augustinianas.

1680 252 1741 311 S.
1781 245 2149 310 AUGUSTINI
2189 245 2492 306 EPISCOPI

3675 252 3784 311 θη

2149 364 2204 420 in
2229 378 2296 420 eo
2322 365 2440 420 loco
2471 363 2561 420 ubi
2587 372 2701 420 erat
2725 363 2901 422 futura
2927 364 3154 422 Collatio
3203 382 3219 422 :
3261 379 3383 423 eum
3427 375 3642 424 tamen
3673 367 3784 425 illic

2150 472 2217 512 ex
2247 456 2535 514 Catholicis
2560 459 2826 530 episcOpis
2855 459 2931 516 illi
2959 461 3058 517 soli
3097 460 3382 531 adessent,
3413 479 3564 535 quos
3587 464 3784 521 edicta

2150 563 2250 605 suo
2275 549 2528 621 Cognitor
2551 550 2860 619 deﬁnierat;
2888 562 2947 608 ut
2969 553 3016 610 si
3041 554 3233 626 aliquis
3254 556 3526 612 tumultus
3553 558 3784 612 existe-

2153 648 2251 706 ret,
2282 640 2425 711 quod
2452 640 2711 699 Catholici
2752 643 2909 700 valde
2932 645 3278 714 metuebant,
3304 662 3414 703 non
3435 648 3554 703 illis
3586 649 3784 717 ἱπιριια

2155 742 2358 790 taretur
2399 735 2488 806 qui
2519 737 2824 807 paucissimi
2849 737 3132 807 adessent,
3181 741 3277 798 sed
3322 742 3403 798 eis
3458 743 3667 812 potius
3697 743 3784 812 qui

2154 827 2548 885 multitudinem
2593 845 2746 886 suam
2795 841 3116 902 praesentem
3156 847 3278 890 esse
3324 834 3678 891 voluissent.
3730 834 3784 889 lu

2156 918 2359 975 eisdem
2381 919 2574 977 litteris
2591 922 2752 977 etiam
2777 931 2886 978 tota
2909 924 3023 995 ipsa
3041 940 3203 980 causa
3227 926 3647 998 comprehensa
3678 937 3784 994 εει,

2157 1021 2217 1065 ιιι
2241 1011 2614 1068 ostenderetur
2641 1013 2884 1071 Ecclesia
2904 1016 3167 1073 catholica
3200 1031 3306 1074 non
3333 1031 3460 1075 esse
3489 1033 3633 1089 pars
3668 1019 3784 1073 Do-

2158 1103 2294 1170 nati,
2325 1103 2420 1160 sed
2463 1103 2551 1160 illa
2582 1107 2760 1177 potius
2780 1123 2899 1178 quae
2927 1123 3025 1180 per
3051 1117 3221 1166 totum
3246 1110 3516 1166 mundum
3542 1111 3784 1166 fructifi-

2159 1203 2306 1250 caret
2332 1203 2384 1251 et
2411 1207 2716 1265 cresceret,
2748 1197 3009 1270 incipiens
3031 1201 3101 1257 ab
3135 1200 3431 1259 Jerusalem
3459 1202 3784 1258 secundum

2159 1298 2369 1341 sacram
2398 1285 2730 1360 Scripturam
2759 1289 2923 1362 (Luc.
2949 1308 3097 1360 ulv,
3126 1294 3232 1366 17)
3265 1311 3282 1350 :
3310 1304 3365 1350 et
3385 1295 3521 1366 quia
3556 1295 3709 1350 nihil
3741 1295 3784 1352 ei

2161 1377 2571 1446 prajudicarent
2595 1381 2914 1453 quicumque
2940 1383 2996 1438 in
3035 1398 3099 1440 ea
3129 1384 3252 1439 mali
3281 1385 3519 1442 fuissent
3539 1430 3558 1453 ,
3592 1386 3784 1442 divino

2161 1470 2219 1525 in
2248 1470 2356 1528 fine
2376 1471 2577 1543 judicio
2597 1475 2883 1544 separandi
2917 1493 2932 1530 :
2959 1485 3014 1532 et
3031 1478 3153 1549 quia
3175 1494 3274 1534 nec
3294 1479 3345 1534 in
3374 1480 3567 1551 ipsum
3603 1479 3784 1538 Caci.

2162 1562 2364 1620 lianum
2389 1565 2620 1636 majores
2643 1583 2828 1624 eorum
2857 1569 3056 1641 aliquid
3082 1571 3308 1642 probare
3334 1581 3669 1644 potuerunt,
3699 1575 3784 1646 qui

2159 1655 2376 1727 judiciis
2411 1660 2785 1718 ecclesiasticis
2815 1662 2924 1736 (a),
2947 1673 3004 1718 et
3037 1665 3267 1721 maxime
3301 1666 3678 1738 Imperatoris
3715 1670 3784 1739 (ιι

2165 1749 2305 1821 apud
2335 1767 2496 1823 quem
2522 1752 2590 1808 ab
2613 1755 2694 1808 eis
2732 1753 2908 1810 fuerat
2947 1766 3248 1823 accusatus,
3283 1759 3558 1816 innocens
3585 1761 3784 1816 insert.

2165 1854 2253 1900 tus
2275 1853 2330 1900 et
2354 1846 2726 1916 pronuntiatus
2753 1857 2858 1904 est.
2885 1847 2955 1903 Et
2974 1849 3096 1927 quia
3125 1849 3193 1906 de
3218 1851 3568 1921 jussionihus
3596 1853 3784 1924 impe-

2165 1945 2401 1993 ratorum
2427 1954 2547 2009 quze
2577 1955 2672 2010 pro
2695 1939 2967 1996 Catholica
2995 1943 3397 1997 constituuntur
3419 1984 3436 2011 ,
3469 1945 3672 2000 solent
3715 1946 3784 2000 fa<

2165 2044 2290 2086 cere
2329 2029 2612 2099 invidiam;
2655 2041 3132 2088 commemoratum
3161 2042 3245 2090 est
3289 2035 3452 2090 etiam
3475 2035 3555 2091 de
3589 2049 3784 2090 sancta

2165 2122 2441 2193 Scriptura
2458 2164 2472 2189 ,
2501 2138 2655 2196 reges
2679 2123 2984 2182 decrevisse
3008 2126 3061 2182 in
3102 2143 3267 2199 regno
3295 2143 3392 2184 suo
3411 2130 3784 2200 gravissimas

2167 2231 2354 2286 ptenas
2394 2217 2471 2272 eis
2499 2217 2590 2288 qui
2616 2217 3077 2289 blasphemassent
3113 2222 3273 2278 Deum
3302 2220 3462 2295 (Dan.
3500 2239 3586 2290 ιιι,
3645 2225 3722 2279 96
3749 2226 3784 2294 ).

2165 2308 2591 2367 Commemorata
2643 2321 2728 2368 est
2777 2314 2940 2370 etiam
2991 2329 3154 2370 causa
3210 2315 3784 2384 Maximianistarum,

2167 2417 2302 2474 quos
2327 2411 2383 2459 et
2401 2403 2617 2473 judiciis
2648 2404 2746 2476 ipsi
2771 2405 2993 2476 publicis
3019 2407 3263 2463 inseetati
3288 2418 3430 2473 sunt,
3463 2417 3528 2465 et
3554 2426 3628 2465 ex
3659 2412 3784 2481 qui-

2168 2493 2268 2550 bus
2295 2494 2561 2551 damnatis
2589 2497 2850 2567 quosdam
2878 2498 2931 2554 in
2962 2497 3260 2556 honoribus
3304 2500 3537 2572 integris
3583 2518 3784 2559 susce-

2171 2596 2401 2656 perunt,
2432 2603 2535 2644 nec
2561 2590 2630 2646 ab
2662 2590 2742 2647 eis
2771 2591 2824 2647 in
2861 2590 3153 2648 schismate
3196 2593 3379 2649 datum
3428 2595 3784 2666 Baptismum

2169 2679 2570 2747 destruxerunt;
2603 2683 2745 2753 quod
2789 2698 2884 2741 eos
2933 2685 3126 2756 quibus
3149 2685 3455 2743 dilationem
3505 2688 3784 2745 dederunt

2169 2771 2494 2829 Maximiano
2519 2775 3055 2842 communicantibus,
3081 2777 3328 2834 dixerunt
3348 2778 3494 2834 illius
3522 2783 3784 2852 contagia

2171 2880 2278 2921 non
2317 2864 2483 2922 fuisse
2521 2866 2752 2937 pollutos
2788 2884 2804 2923 :
2847 2877 2904 2926 et
2923 2877 3117 2924 caetera
3159 2884 3281 2940 quae
3317 2868 3529 2925 eisdem
3576 2871 3784 2927 litteris

2170 2959 2528 3015 continentur.
2573 2960 2698 3016 Haec
2734 2958 2920 3018 autem
2965 2961 3144 3017 omnia
3175 2962 3294 3018 ideo
3329 2963 3401 3020 ibi
3429 2978 3784 3022 commemo-

2171 3059 2287 3106 rata
2331 3059 2490 3120 sunt,
2543 3067 2611 3108 ne
2654 3051 2793 3110 forte
2849 3054 2897 3110 si
2951 3069 3133 3112 secum
3164 3056 3182 3088 ¹
3211 3057 3544 3132 cogitassent
3593 3059 3784 3118 Dona-

2173 3145 2334 3208 tistae,
2361 3153 2417 3201 et
2445 3144 2686 3203 viderent
2713 3161 2872 3222 quam
2910 3147 3104 3209 malam
3134 3167 3350 3210 causam
3376 3153 3613 3211 haberet
3662 3171 3784 3227 pars

2173 3235 2398 3307 Donati,
2451 3235 2520 3296 ad
2570 3235 2674 3298 hoc
2726 3242 3042 3314 voluissent,
3100 3260 3289 3302 omnes
3333 3246 3425 3316 qui
3480 3261 3784 3317 venerant,

2172 3326 2380 3406 ingredi
2405 3333 2581 3391 locum
2609 3334 2919 3393 Collationis
2942 3377 2958 3404 ,
2987 3345 3045 3393 ut
3073 3353 3174 3409 pax
3203 3346 3364 3410 atque
3391 3339 3577 3396 unitas
3598 3341 3784 3398 ﬁeret.

2248 3423 2477 3483 CAPUT
2507 3425 2642 3482 Vill.
2668 3457 2741 3468 —
2763 3427 2964 3486 Octavo
2991 3429 3130 3496 loco,
3154 3445 3276 3486 cuin
3305 3430 3567 3504 Cognitor
3591 3433 3784 3506 inqui-

2173 3516 2334 3572 sisset
2364 3525 2543 3574 utrum
2571 3519 2708 3575 sicut
2747 3535 2780 3577 a
2820 3518 3110 3579 Catholicis
3145 3523 3377 3592 videbat,
3429 3524 3506 3580 ita
3549 3527 3728 3583 etiam
3755 3545 3784 3584 ι

2175 3621 2326 3682 parte
2356 3612 2544 3669 Donati
2564 3615 2719 3672 electi
2749 3616 2859 3687 jam
2881 3629 3064 3675 essent
3086 3621 3177 3691 qui
3215 3630 3522 3692 susceptam
3551 3639 3784 3682 causam

2175 3714 2523 3776 peragerent;
2553 3721 2869 3778 responsum
2895 3719 2978 3766 est
3004 3725 3035 3766 a
3064 3721 3214 3782 parte
3245 3713 3453 3782 Donati,
3483 3717 3638 3786 quod
3665 3719 3784 3787 jam

2175 3805 2321 3852 esset
2345 3805 2461 3852 acta
2504 3813 2536 3852 a
2566 3797 2856 3856 Catholicis
2900 3816 3059 3858 causa
3080 3844 3096 3870 ,
3150 3812 3435 3875 antequam
3459 3817 3610 3863 esset
3645 3824 3784 3865 con-

2177 3887 2466 3959 fligentium
2510 3899 2705 3948 statuta
2747 3907 2975 3962 persona
3005 3911 3019 3948 :
3052 3905 3271 3966 propter
3314 3897 3432 3953 illas
3453 3897 3784 3959 Catholico-

2175 3995 2296 4035 rum
2320 3981 2523 4038 litteras
2556 3998 2676 4054 qua:
2711 3992 2877 4040 totam
2904 4000 3121 4043 causam
3140 3987 3372 4044 breviter
3394 3991 3784 4047 continebant.

2178 4070 2381 4130 Deinde
2411 4074 2612 4133 instare
2632 4087 2914 4148 creperum
2932 4121 2948 4147 ,
2979 4087 3038 4135 ut
3064 4082 3210 4150 prius
3248 4091 3495 4153 ageretur
3523 4083 3596 4140 de
3633 4096 3779 4142 tem-

2175 4181 2327 4237 pore,
2375 4169 2444 4226 de
2485 4170 2756 4239 mandato,
2794 4171 2865 4228 de
2904 4187 3170 4244 persona,
3197 4174 3265 4231 de
3292 4191 3474 4244 causa,
3529 4186 3664 4234 tunc
3713 4182 3780 4236 ad

2177 4258 2374 4328 negotii
2401 4259 2593 4316 merita
2628 4261 2918 4318 veniretur.
2949 4263 3020 4319 Et
3043 4280 3166 4320 cum
3199 4265 3456 4337 Cognitor
3482 4267 3784 4327 interlocn--

2178 4357 2264 4404 tus
2301 4359 2466 4417 esset,
2509 4351 2640 4406 nihil
2668 4352 2738 4409 de
2765 4369 2924 4410 causa
2954 4370 3076 4411 esse
3106 4357 3436 4424 mutilatum;
3480 4369 3539 4414 et
3587 4378 3784 4419 rursus-

2177 4443 2488 4515 inquisisset
2512 4453 2688 4501 utrum
2727 4446 2796 4502 de
2826 4448 3201 4505 constituendo
3239 4466 3464 4507 numero
3491 4452 3778 4524 disputan-

2177 4535 2311 4593 tium
2334 4537 2511 4594 edicto
2535 4538 2652 4610 ejus
2674 4540 2902 4610 paritum
2931 4539 3093 4597 fuerit
3126 4583 3142 4610 ,
3167 4543 3288 4613 quia
3321 4559 3415 4614 per
3438 4543 3537 4599 hos
3556 4559 3778 4616 oporte-

2175 4639 2261 4685 ret
2285 4631 2370 4702 agi
2395 4632 2574 4687 omnia
2619 4648 2738 4704 qua:
2767 4633 2971 4705 agenda
3001 4643 3186 4691 essent
3216 4653 3230 4689 :
3273 4647 3555 4706 cmperuut
3591 4639 3773 4695 Dona-

2176 4723 2315 4780 tistae
2343 4739 2501 4797 agere
2539 4725 2609 4782 de
2635 4735 2892 4798 tempore,
2938 4729 3189 4799 quoniam
3219 4743 3376 4784 causa
3404 4729 3518 4800 ipsa
3554 4732 3639 4802 agi
3668 4749 3773 4786 non

2177 4826 2401 4889 posset,
2443 4819 2565 4890 quia
2604 4819 2723 4876 dies
2765 4821 3111 4891 praeterisset.
3142 4822 3343 4890 Quarto
3368 4823 3581 4880 decimo
3623 4827 3770 4880 enim

2174 4910 2516 4966 calendarum
2549 4911 2818 4983 juniarum
2864 4913 2952 4971 die
2993 4915 3243 4986 completi
3291 4916 3498 4973 fuerant
3540 4929 3772 4989 quatuor

2175 5018 2390 5060 menses
2416 5020 2482 5061 ex
2506 5004 2595 5060 die
2623 5004 2783 5061 edicti
2823 5006 3129 5078 Cognitoris
3171 5009 3312 5079 quod
3351 5009 3416 5064 ad
3440 5012 3767 5080 provinciam

2176 5096 2416 5165 miserat,
2467 5098 2606 5154 sicut
2644 5099 3025 5171 interrogatum
3074 5100 3350 5170 respondit
3391 5099 3661 5157 Officium.
3704 5104 3770 5158 Et

2174 5191 2424 5261 quoniam
2465 5191 2603 5247 intra
2629 5201 2860 5262 quatuor
2889 5207 3103 5248 menses
3127 5195 3211 5264 agi
3239 5209 3454 5251 causam
3491 5210 3767 5266 przeccpe-

2176 5292 2258 5338 rat
2285 5283 2597 5354 Imperator,
2638 5283 2759 5341 ideo
2784 5285 2925 5342 diem
2964 5286 3073 5356 jam
3111 5287 3374 5342 transisse
3397 5286 3644 5342 dicebant
3667 5330 3684 5353 ,
3714 5299 3762 5342 ut

2175 5378 2428 5450 petebant
2453 5388 2512 5434 ut
2553 5388 2803 5451 tanquam
2831 5381 2884 5436 in
2925 5389 3269 5437 contumaces
3291 5379 3595 5436 Catholieos
3635 5397 3760 5436 sen-

2174 5470 2336 5528 tentia
2369 5471 2697 5541 proferretur
2743 5488 2758 5526 :
2787 5471 2940 5542 quasi
2978 5470 3240 5527 Catholici
3285 5471 3535 5528 absentes
3560 5481 3784 5537 essent“

2237 5631 2256 5694 ξ
2276 5629 2520 5692 Antiquior
2545 5629 2693 5680 editio
2716 5637 2836 5694 Ann,
2859 5641 2920 5694 ne
2934 5629 3055 5694 forte
3076 5627 3170 5694 ipsi
3189 5641 3368 5682 secum.

2257 5694 2308 5745 a)
2331 5699 2536 5742 Romano
2559 5701 2611 5742 et
2633 5693 2918 5745 arelatensi.

2257 5705 2288 5740 a
2331 5699 2536 5742 Romano
2559 5701 2611 5742 et

2235 5692 2309 5818 in;
2327 5754 2632 5804 Constantini.
