3778 6130
25 249 135 308 617

31 374 124 424 aut
149 364 458 422 Donatistae
480 363 767 438 aliquando
790 362 856 418 ad
891 361 1152 434 agendam
1175 375 1392 417 causam
1419 357 1523 414 illis
1547 357 1642 413 ab-

34 457 276 514 sentibus
299 457 668 522 intravissent,
688 464 781 511 aut
812 453 1072 511 admoniti
1097 453 1357 510 Catholici
1401 451 1488 507 vel
1523 463 1642 505 evo-

31 551 134 608 cati
157 550 484 609 defuissent.
501 551 607 607 Ista
627 564 756 621 ergo
778 549 1110 606 calumniose
1126 557 1179 603 et
1193 544 1638 618 tergiversatorie,

32 660 150 716 quae
172 658 280 701 nec
301 645 367 700 in
392 643 508 700 foro
525 642 644 713 jure
672 651 980 715 agerentur,
1011 640 1282 707 dicebant,
1311 638 1554 695 nolentes
1585 645 1642 692 ut

32 735 232 809 aliquid
261 744 543 808 ageretur.
581 737 687 793 Sed
717 735 786 792 ad
815 735 919 791 hoc
946 735 1026 791 eis
1073 732 1351 804 respondit
1381 731 1497 802 ipse
1535 729 1640 786 Co-

31 830 230 900 gnitor,
280 828 434 901 quod
481 827 536 884 in
581 821 831 885 calendas
862 827 1043 898 junias
1076 839 1202 897 pars
1229 833 1455 895 utraque
1506 837 1640 879 con-

33 922 284 987 senserit,
315 919 568 992 quamvis
596 919 806 976 etiamsi
834 918 1090 988 quaelibet
1119 933 1242 989 pars
1266 915 1442 972 adhuc
1466 928 1640 986 usque

35 1028 139 1069 non
183 1013 539 1080 occurrisset,
597 1012 733 1070 duos
772 1013 907 1069 alios
949 1027 1165 1069 menses
1220 1024 1505 1081 superesse
1545 1023 1640 1080 po-

37 1105 223 1173 tuisse,
255 1121 405 1178 quos
444 1105 741 1179 lmprator
779 1105 1024 1178 adjunxit
1058 1105 1213 1162 trinis
1255 1103 1446 1161 edictis
1473 1103 1640 1160 fuisse

36 1201 356 1258 servandos.

104 1295 334 1353 CAPUT
375 1293 468 1351 ιχ.
499 1326 572 1338 —-
594 1295 748 1352 Nono
775 1296 918 1363 loco,
959 1293 1215 1366 quoniam
1257 1293 1515 1365 Cognitor
1541 1305 1637 1347 su-

41 1387 213 1456 perius
232 1386 472 1457 dixerat,
500 1387 569 1445 de
599 1397 840 1460 tempore
869 1388 1222 1460 praescribere
1247 1395 1308 1444 ut
1331 1401 1491 1447 causa
1520 1400 1630 1441 non

38 1487 304 1549 ageretur,
338 1495 451 1536 non
476 1481 817 1552 episcopalis,
860 1480 955 1537 sed
1019 1480 1248 1536 forensis
1293 1479 1472 1550 potius
1517 1491 1638 1534 esse

41 1570 379 1640 objectionis,
409 1572 611 1629 invenit
631 1572 972 1629 occasionem
991 1586 1117 1642 pars
1139 1571 1330 1627 Donati
1350 1585 1454 1641 qua
1482 1569 1634 1626 dice-

43 1673 138 1731 ret,
161 1665 296 1721 nihil
311 1681 447 1738 ergo
462 1681 646 1723 secum
666 1666 751 1738 agi
770 1665 985 1736 publico
1000 1665 1124 1737 jure
1146 1665 1367 1733 debere,
1395 1663 1491 1721 sed
1523 1671 1640 1718 tan-

45 1764 147 1811 tum
172 1756 376 1814 divinis
394 1756 706 1828 Scripturis.
731 1756 906 1824 Unde,
938 1772 1061 1814 cum
1087 1757 1368 1828 quaesisset
1384 1755 1639 1828 Cognitor

42 1845 162 1917 quid
181 1848 403 1921 utrique
431 1850 575 1920 parti
625 1848 696 1906 de
735 1847 838 1906 bac
885 1865 946 1906 re
993 1849 1263 1920 placeret;
1309 1863 1635 1920 responsum

47 1947 163 1994 esta
188 1939 510 2007 Catholicis,
543 1949 603 1997 ut
613 1941 833 2012 iuberet
871 1940 1184 1998 mandatum
1211 1941 1466 1998 catholici
1505 1956 1635 1998 con-

49 2032 145 2088 cilii
166 2034 413 2102 recitari,
441 2034 533 2091 ubi
555 2035 751 2092 electis
777 2035 1203 2106 disputatoribus
1231 2035 1424 2106 agendi
1443 2034 1639 2091 modus

51 2126 308 2196 iniunctus
327 2137 447 2197 est;
478 2129 552 2185 ibi
595 2144 754 2200 posse
786 2130 978 2186 melius
1027 2143 1287 2200 apparere
1340 2128 1483 2200 quod
1525 2143 1637 2184 non

52 2216 343 2278 forensibus
398 2221 945 2292 tergiversationibus,
1001 2221 1099 2278 sed
1123 2221 1293 2292 magis
1321 2220 1522 2277 divinis
1551 2229 1635 2277 te-

53 2310 304 2368 stimoniis
331 2322 604 2383 ageretur.
636 2313 704 2369 Et
728 2312 1034 2385 aliquandiu
1081 2312 1351 2369 conflictio
1377 2312 1636 2384 producta

54 2411 145 2468 est,
173 2418 293 2458 cum
321 2403 593 2460 Catholici
641 2406 903 2460 instarent
927 2404 1141 2461 recitari
1196 2404 1530 2472 mandatum,
1557 2404 1638 2460 illi

55 2504 217 2552 autem
264 2506 601 2555 recusarent.
629 2497 736 2555 Sed
765 2507 950 2570 postea
979 2499 1206 2555 remotis
1232 2499 1486 2555 omnibus
1507 2513 1628 2554 mo-

57 2589 252 2644 mtoriis
279 2590 742 2657 contentionibus,
796 2590 1010 2647 recitari
1041 2590 1353 2646 mandatum
1378 2590 1638 2662 Cognitor

53 2677 214 2746 jussit.

120 2771 338 2830 CAPUT
381 2772 545 2830 X.—
592 2773 814 2832 Decimo
858 2776 982 2832 loco
1028 2773 1340 2831 mandatum
1385 2773 1638 2832 catholici

56 2864 250 2920 concilii
272 2867 560 2924 recitatum
590 2868 784 2940 est(a),
811 2882 920 2940 quo
937 2868 1126 2925 electis
1148 2868 1217 2924 ad
1257 2869 1636 2940 disputandum

59 2953 341 3027 episcopis,
374 2958 653 3016 catholicae
698 2960 953 3018 Ecclesia:
997 2970 1082 3018 est
1119 2961 1354 3034 injuncta
1396 2961 1640 3019 defensio

60 3043 295 3104 adversus
336 3050 745 3109 criminationes
783 3052 1199 3109 Donatistarum.
1231 3054 1344 3110 Hoc
1387 3054 1641 3111 mandato

64 3135 258 3208 iterum,
298 3142 443 3199 sicut
493 3144 548 3198 in
580 3144 944 3215 superioribus
993 3145 1208 3212 litteris,
1248 3145 1488 3202 breviter
1526 3156 1639 3202 tota

65 3244 204 3290 causa
230 3236 626 3309 comprehensa
669 3246 771 3304 est,
800 3239 948 3308 prius
975 3247 1034 3294 ut
1056 3253 1216 3295 causa
1245 3238 1500 3296 Ecclesiae
1521 3254 1641 3311 quae

69 3332 184 3393 toto,
210 3327 346 3385 sicut
376 3331 637 3400 promissa
661 3340 766 3399 est,
789 3340 1054 3388 terrarum
1082 3332 1218 3389 orbe
1236 3332 1577 3399 diffunditur,
1608 3349 1640 3389 a

67 3428 206 3474 causa
231 3420 504 3478 Caeciliani
525 3423 929 3495 qualiscumque
959 3424 1048 3480 illa
1076 3424 1286 3492 fuisset,
1334 3426 1415 3483 sic
1444 3426 1640 3482 distiu-

67 3521 315 3580 gucretur,
345 3523 408 3570 ut
435 3514 810 3572 ostenderetur
849 3516 1019 3572 malos
1044 3516 1098 3571 in
1142 3516 1402 3584 Ecclesia,
1431 3517 1521 3589 qui
1555 3519 1641 3575 vel

70 3599 359 3669 ignoranter
410 3608 494 3666 vel
535 3624 632 3682 pro
661 3611 864 3666 unitate
905 3611 1054 3680 pacis
1083 3613 1378 3668 tolerantur
1403 3628 1436 3669 a
1462 3612 1638 3681 bonis,

69 3705 159 3748 non
186 3698 259 3754 cis
286 3699 355 3755 ad
404 3700 544 3756 mala
589 3702 1046 3758 consentientibus
1069 3702 1262 3760 obesse
1305 3719 1412 3760 non
1456 3719 1640 3775 posse,

75 3784 499 3848 similitudinibus
525 3793 851 3864 evangelicis
879 3803 934 3850 et
957 3795 1206 3866 exemplo
1231 3795 1640 3866 Prophetarum,

76 3885 123 3931 ct
146 3878 300 3950 ipsius
323 3885 537 3941 Domini
568 3886 764 3942 Christi
803 3895 858 3942 et
907 3887 1306 3957 Apostolorum,
1337 3897 1394 3944 et
1437 3888 1646 3960 cpisco-

71 3982 258 4041 Porurti,
288 3988 342 4034 ct
366 3978 568 4050 judicio
616 3980 853 4050 ipsormn
880 3980 1042 4036 etiam
1097 3980 1491 4036 Donatistarum
1519 3996 1646 4053 pro-

73 4070 175 4131 pter
213 4067 662 4127 Maxitnianistas:
717 4071 915 4128 deinde
945 4072 1112 4142 ipsius
1165 4071 1434 4127 Caeciliani
1481 4088 1643 4129 causa

74 4164 163 4210 non
187 4161 318 4216 mala
352 4162 521 4219 fuisse
568 4163 731 4220 certis
779 4163 1120 4220 documentis
1161 4163 1640 4229 demonstraretur,

75 4246 244 4313 quibus
269 4264 323 4310 ct
354 4255 470 4326 ipse
489 4265 546 4311 et
568 4255 847 4312 ordinator
887 4255 1004 4326 ejus
1034 4255 1185 4311 Felix
1233 4256 1640 4326 Aptuginensis,

76 4349 214 4404 Quem
241 4344 292 4399 in
319 4345 556 4402 concilio
584 4362 684 4403 suo
723 4347 1063 4403 criminosius
1089 4355 1497 4415 accusaverunt,
1518 4362 1644 4416 pro-

75 4424 270 4490 baretur
287 4452 410 4495 esse
446 4449 720 4511 purgatus.
765 4439 831 4495 Et
879 4449 1072 4496 caetera
1116 4454 1237 4510 qua:
1266 4439 1522 4495 mandato
1549 4454 1647 4496 eo-

79 4516 182 4578 dent
205 4524 563 4603 contirﬂn'tur,
622 4531 738 4586 sive
779 4530 848 4586 de
881 4531 1172 4602 Baptismo,
1198 4531 1313 4586 sive
1357 4531 1426 4587 de
1457 4546 1644 4602 perse-

79 4613 428 4694 cutionc,qu:c
469 4621 606 4679 solet
651 4620 945 4679 Catholicis
993 4623 1231 4693 objicere
1275 4639 1400 4694 pars
1432 4623 1642 4680 Donati.

80 4699 192 4762 Nam
218 4723 641 4772 commemorata
671 4714 740 4770 ibi
765 4723 851 4770 cst
877 4715 1091 4782 iterum,
1121 4714 1261 4772 sicut
1297 4715 1352 4771 in
1401 4715 1647 4786 superio-

80 4795 210 4857 ribus
240 4804 448 4874 litteris,
478 4822 641 4864 causa
685 4807 1220 4874 Maximiauistarum,
1267 4823 1368 4879 qua
1417 4808 1642 4864 demon-

82 4895 350 4956 strarcntur
372 4900 664 4956 Donatista:
693 4897 1014 4970 suojudicio
1042 4909 1232 4956 cuncta
1253 4900 1495 4969 diluisse,
1525 4915 1646 4972 quae

83 4977 291 5049 obiicere
331 4990 624 5047 Catholicis
649 4991 732 5046 vel
754 4990 824 5047 de
855 4990 1150 5062 Baptismo,
1185 4991 1267 5046 vel
1294 4991 1363 5046 de
1391 5006 1644 5062 persecu-

86 5070 226 5146 tione,
256 5082 336 5139 vel
356 5083 426 5140 de
457 5084 849 5140 communionis
873 5084 1192 5155 contagione
1228 5095 1643 5141 consueverunt.

85 5159 334 5233 Adjectum
365 5184 450 5232 est
478 5176 666 5242 etiam,
685 5185 744 5231 ut
787 5175 834 5232 si
863 5191 969 5246 qua
999 5175 1161 5231 etiam
1211 5192 1354 5232 nunc
1381 5177 1647 5249 episcopis

89 5250 344 5322 Catholicis
365 5281 638 5323 morarum
685 5266 1194 5339 interponendarum
1235 5269 1406 5339 gratia
1441 5269 1646 5327 voluis-

88 5356 189 5405 sent
210 5357 422 5416 crirnina
477 5359 735 5432 obiicere,
767 5369 989 5432 propter
1017 5359 1302 5416 finiendam
1333 5377 1452 5434 quae
1500 5363 1648 5434 prius

99 5450 281 5512 urgeret
311 5467 545 5518 causam,
577 5451 840 5508 audienda
860 5460 914 5507 et
956 5451 1286 5510 discutienda
1314 5464 1501 5526 postea
1548 5456 1649 5511 dif-

96 5526 344 5601 ferrentur.
379 5547 492 5603 Hoc
512 5554 712 5612 autem,
755 5545 809 5601 id
854 5555 956 5606 est.
987 5553 1045 5602 ut
1070 5553 1178 5602 tota
1204 5561 1363 5606 causa
1411 5557 1463 5605 et
1492 5564 1650 5622 supc-

146 5738 208 5805 (α)
228 5752 373 5804 Exstat
397 5751 449 5802 in
472 5749 763 5815 Appendice.
1413 5810 1467 5830 μ
1507 5792 1564 5808 ,φ

339 5837 567 5902 Sutor.
616 5836 893 5899 Aususr.
923 5834 1038 5897 ιχ.
1211 5862 1304 5887 ην
1323 5847 1343 5860 -·
1402 5833 1424 5850 ”

605 5941 674 5958 ιδ

904 241 1334 304 BREVICULUS
1371 234 1818 299 COLLATIONIS
1853 237 1993 297 CUM
2032 240 2452 303 DONATISTIS.

3231 244 3339 306 6|8

1750 355 1976 414 rioribus
1998 360 2188 417 litteris
2227 372 2283 419 et
2326 364 2428 420 isto
2469 365 2723 422 mandato
2763 369 3335 439 comprehenderetur,

1748 465 1814 505 eo
1838 453 2062 509 consilio
2086 471 2117 510 a
2134 455 2424 514 Catholicis
2450 458 2645 517 factum
2667 471 2770 528 est,
2800 478 2868 520 ne
2897 463 3052 532 forte,
3086 466 3227 523 sicut
3250 467 3332 523 fa-

1747 558 1832 599 ma
1858 544 2112 618 jactabat,
2137 549 2340 620 aliquas
2360 553 2676 610 moratorias
2700 558 3131 630 praescriptiones
3154 561 3338 618 Dona-

1747 635 1886 692 tistae
1911 639 2155 710 ingerere
2179 654 2505 723 conarentur
2533 663 2548 714 ;
2595 657 2652 703 et
2698 647 2920 705 forsitan
2950 665 3055 706 non
3085 652 3338 722 permissi

1746 728 1815 784 ab
1834 729 1946 800 ipsa
1990 730 2288 791 Collatione
2334 737 2775 804 resilirent;acta
2803 741 2930 797 licet
2969 742 3202 799 breviter
3231 744 3337 800 Ec-

1747 819 1924 876 clesiae
1949 822 2225 880 catholicae
2251 841 2432 893 causa,
2463 829 2517 883 in
2542 830 2933 900 conscriptione
2958 840 3226 902 gestorum
3256 835 3337 890 le-

1745 911 1915 982 genda
1943 926 2265 986 remaneret,
2319 934 2481 989 quam
2524 921 2765 979 timuisse
2813 922 3256 994 intelligerentur,
3279 934 3342 982 et

1746 1002 1870 1060 ideo
1896 1005 2135 1064 noluisse
2159 1009 2427 1066 conferre.

1815 1096 2040 1157 CAPUT
2077 1101 2169 1157 XI.
2195 1133 2267 1144 -—
2290 1103 2584 1162 Undecimo
2612 1106 2752 1176 loco,
2796 1123 2918 1165 cum
2973 1109 3229 1182 Cognitor
3254 1113 3339 1169 in-

1745 1189 2038 1247 terlocutus
2063 1201 2226 1263 esset,
2264 1194 2318 1250 in
2348 1197 2600 1253 mandato
2621 1197 3018 1256 Catltolicorum
3058 1204 3228 1275 magis
3253 1205 3341 1261 di-

1744 1281 1865 1336 vina
1893 1284 2193 1340 testimonia
2215 1302 2376 1356 quam
2407 1287 2641 1346 forensia
2691 1291 2902 1347 vincula
2940 1307 3060 1350 esse
3104 1296 3331 1365 prolata,

1745 1379 1801 1427 et
1815 1371 2067 1443 iussisset
2111 1376 2274 1432 etiam
2324 1379 2755 1451 subscriptiones
2812 1385 3052 1441 omnium
3096 1387 3334 1454 recitari,

1743 1465 2021 1523 conﬂictus
2065 1479 2284 1525 exortus
2311 1480 2417 1537 est,
2443 1481 2500 1527 et
2525 1474 2834 1545 aliquandiu
2879 1477 3174 1547 productus
3222 1489 3328 1546 est,

1743 1571 1865 1612 cum
1903 1559 2190 1616 Donatistae
2240 1562 2517 1634 exigerent
2567 1581 2754 1622 eorum
2819 1572 3191 1640 praesentiam,
3243 1575 3339 1644 qui

1743 1652 1994 1710 mandato
2048 1654 2509 1728 subseripserant;
2543 1659 2858 1730 objicientes
2900 1663 3042 1733 quod
3082 1666 3162 1721 eis
3202 1681 3342 1737 sup.

1742 1745 1932 1816 positis
1956 1747 2042 1819 qui
2066 1750 2301 1822 episcopi
2319 1766 2425 1808 non
2451 1751 2664 1821 fuerint,
2689 1755 2984 1825 potuissent
3015 1757 3204 1814 fallere
3223 1758 3339 1815 Co-

1743 1840 2026 1910 gnitorem,
2055 1859 2162 1914 quo
2204 1855 2471 1914 praesente
2497 1847 2882 1917 subscripsisse
2910 1849 3242 1921 legebantur,
3279 1861 3340 1909 et

1743 1933 1886 2004 quod
1911 1937 2142 2007 antiquis
2171 1937 2439 1995 cathedris
2464 1939 2600 1995 alios
2621 1940 2903 2012 episcopos
2948 1942 3251 1999 addiderint
3277 1953 3340 2001 ut

1744 2041 2000 2084 numerus
2025 2041 2327 2102 augeretur.
2373 2031 2633 2089 Catholici
2659 2042 2864 2104 autem,
2891 2051 2961 2091 ne
2997 2037 3080 2091 sui
3101 2052 3339 2107 prasen-

1743 2128 2004 2188 tarentur,
2029 2124 2387 2191 resistebant;
2418 2136 2667 2182 verentes
2701 2142 2768 2182 ne
2794 2127 2868 2182 illi
2910 2128 3193 2184 tumultum
3223 2129 3329 2185 ali-

1743 2226 1902 2282 quem
1931 2223 2314 2284 praepararent,
2345 2231 2444 2286 per
2466 2232 2626 2288 quem
2676 2233 2896 2289 prorsus
2923 2219 3340 2292 abrumperetur

1743 2305 1859 2378 ipsa
1873 2307 2117 2376 Collatio,
2142 2325 2302 2382 quam
2321 2313 2436 2368 fieri
2464 2315 2757 2370 Donatista:
2780 2316 2926 2372 nolle
2951 2318 3171 2374 omnino
3189 2319 3342 2377 vidc-

1744 2399 1956 2468 bantur,
1979 2404 2211 2458 maxime
2239 2405 2452 2476 quando
2485 2405 2554 2463 de
2579 2417 2839 2479 tempore,
2870 2409 3019 2480 quasi
3041 2410 3151 2481 jam
3177 2427 3340 2468 causa

1743 2491 1891 2564 lapsa
1915 2504 2060 2552 esset
2101 2505 2156 2551 et
2170 2496 2342 2552 audiri
2372 2512 2476 2552 non
2509 2507 2712 2568 posset,
2766 2501 3118 2571 praescribere
3149 2503 3340 2559 voluc-

1743 2595 1886 2640 runt.
1916 2586 2084 2654 Quem
2105 2589 2388 2644 tumultum
2417 2588 2540 2645 ideo
2566 2591 2890 2660 putabantur
2909 2591 3146 2648 nondum
3170 2593 3332 2650 fecis-

1744 2691 1825 2742 se,
1854 2678 1977 2747 quia
1998 2680 2044 2734 si
2070 2679 2243 2746 fieret,
2290 2679 2543 2736 videbant
2595 2696 2701 2736 non
2730 2696 2890 2752 posse
2941 2685 3189 2755 imputari
3234 2685 3306 2743 Ca
3329 2715 3349 2731 -

1747 2769 1977 2836 tholicis,
1995 2772 2086 2842 qui
2114 2772 2421 2843 paucissimi
2450 2773 2713 2842 aderant;
2743 2775 2835 2830 sed
2858 2776 2958 2832 sibi
2979 2777 3175 2847 potius,
3200 2792 3310 2850 quo
3340 2807 3352 2824 ο

1745 2877 1863 2918 rum
1893 2879 2130 2934 praesens
2179 2864 2352 2920 fuerat
2377 2865 2680 2922 multitudo.
2717 2866 2827 2923 Sed
2858 2867 3119 2924 voluntati
3147 2884 3338 2925 eorum

1746 2954 2059 3012 cedentibus
2099 2955 2406 3024 Catholicis,
2455 2966 2514 3012 ut
2539 2973 2728 3014 omnes
2764 2959 2856 3029 qui
2907 2959 3342 3030 subscripseraut

1748 3047 2196 3119 ingrederentur;
2254 3050 2501 3120 apparuit
2541 3058 2729 3121 postea
2792 3050 2896 3107 hoc
2937 3051 3059 3106 ideo
3106 3053 3344 3109 voluisse

1747 3139 2069 3207 Donatistas,
2101 3140 2226 3211 quia
2267 3141 2646 3197 existimabant
2685 3156 2793 3197 non
2839 3143 3156 3198 convenisse
3206 3141 3340 3198 Car-

1748 3233 2018 3304 thaginem
2051 3242 2128 3288 tot
2164 3233 2488 3303 Catholicos,
2542 3244 2674 3306 quot
2713 3234 3136 3305 subscriptiones
3161 3245 3344 3293 osten-

1748 3324 2031 3381 debantur.
2048 3325 2161 3380 Hoc
2181 3333 2359 3381 autem
2378 3334 2656 3396 propterea
2675 3326 2972 3382 credidisse
2995 3327 3162 3396 putati
3191 3336 3340 3395 sunt,

1749 3416 1870 3486 quia
1899 3415 2159 3472 Catholici
2204 3430 2310 3471 non
2337 3430 2399 3470 ea
2430 3431 2624 3486 pompa
2670 3431 2775 3486 qua
2824 3417 2901 3470 illi
2957 3416 3344 3489 Carthaginem

1750 3509 1960 3565 fuerant
1980 3509 2225 3580 ingressi,
2247 3518 2302 3565 et
2331 3508 2402 3564 ob
2448 3508 2550 3564 hoc
2571 3524 2664 3566 eos
2689 3524 2887 3581 paucos
2913 3511 3124 3568 venisse
3165 3512 3345 3582 suspi-

1749 3603 2025 3659 cabantur.

1821 3697 2049 3754 CAPUT
2089 3696 2202 3752 ΧΠ.
2240 3696 2654 3752 —Duodecimo
2691 3697 2813 3753 loco
2830 3698 3082 3768 ingressis
3119 3699 3336 3770 episco-

1753 3789 1836 3860 pis
1865 3788 2178 3857 Catholicis,
2221 3805 2446 3861 quorum
2498 3791 2782 3860 prmsentia
2811 3791 3106 3860 petebatur,
3152 3806 3345 3849 omnes

1751 3883 2062 3954 singillatim
2107 3883 2334 3947 recitati,
2383 3891 2440 3939 et
2482 3882 2536 3938 in
2593 3883 2832 3940 medium
2885 3883 3258 3954 procedentes,
3310 3901 3348 3941 a

1753 3971 2049 4030 Donatistis
2069 3974 2324 4044 recogniti
2349 3981 2494 4040 sunt,
2536 3975 2619 4028 vel
2668 3973 2857 4030 vicinis
2912 3974 3041 4040 suis,
3082 3975 3169 4031 vel
3220 3991 3348 4031 cum

1752 4063 2017 4132 quibusin
2045 4080 2150 4119 uno
2170 4066 2289 4120 loco
2317 4074 2469 4120 erant
2495 4083 2508 4119 :
2548 4073 2605 4119 et
2627 4065 2952 4135 quicumque
2978 4066 3346 4122 recitabantur

1752 4156 2014 4212 Catholici
2045 4157 2279 4227 episcopi
2310 4173 2382 4212 ex
2412 4156 2497 4211 his
2526 4156 2676 4220 locis,
2701 4157 2791 4211 ubi
2812 4171 2918 4210 non
2940 4165 3056 4212 erat
3083 4172 3206 4228 pars
3234 4158 3346 4214 Do-

1753 4248 1886 4313 nati,
1917 4247 2046 4301 satis
2074 4255 2132 4302 et
2159 4247 2286 4316 ipsis
2325 4247 2616 4302 Donatistis
2654 4255 2838 4302 notum
2862 4257 2978 4302 erat
3024 4263 3085 4304 se
3134 4249 3205 4304 ibi
3235 4266 3346 4306 non

1752 4338 1954 4395 habere
1972 4339 2206 4409 collegas
2234 4338 2318 4394 vel
2346 4337 2780 4394 communionem
2804 4353 2976 4398 suam.
3004 4347 3202 4395 etesse
3231 4340 3348 4396 illic

1752 4431 2075 4497 Catholicos,
2105 4430 2190 4486 vel
2213 4444 2348 4502 quos
2363 4439 2645 4499 noverant,
2661 4431 2744 4487 vel
2759 4429 2826 4486 de
2840 4431 3035 4502 quibus
3059 4432 3345 4488 audierant

1752 4523 1806 4578 in
1833 4540 1944 4580 sua:
1974 4523 2248 4580 vicinitate
2272 4522 2524 4594 regionis.
2568 4523 2646 4580 Ita
2687 4523 2882 4580 factum
2910 4534 2994 4582 est
3037 4535 3095 4582 ut
3119 4528 3342 4583 onmiuo

1752 4618 1950 4674 nullius
1977 4616 2238 4674 Catholici
2293 4617 2611 4674 recitaretur
2661 4619 3004 4690 subscriptio,
3072 4621 3140 4676 de
3187 4621 3342 4692 cujus

1751 4712 2033 4783 pnescntia
2055 4710 2380 4767 dubitarent.
2409 4711 2550 4768 Sane
2580 4727 2702 4769 cum
2732 4721 2947 4769 ventum
2986 4723 3129 4769 esset
3148 4713 3215 4769 ad
3247 4730 3347 4768 no-

1751 4820 1874 4861 men
1908 4803 2198 4859 Victoriani
2219 4803 2488 4859 Mustitani
2515 4805 2760 4861 catholici
2775 4805 3030 4876 episcopi,
3053 4814 3108 4860 et
3145 4805 3200 4860 in
3228 4820 3348 4862 me-

1751 4899 1900 4956 dium
1942 4900 2239 4971 procedens
2284 4898 2651 4971 respondisset
2699 4914 2760 4954 se
2813 4898 3010 4955 [rabere
3042 4899 3348 4955 contrarios

1751 4993 1906 5062 duos,
1937 4993 2262 5049 Felicianum
2285 4993 2337 5048 in
2358 4991 2571 5048 civitate
2598 4991 2901 5059 Mustitana,
2931 5000 2986 5047 et
3007 4992 3268 5048 Donatum
3289 4993 3346 5048 in

1753 5087 1871 5142 loco
1891 5085 2143 5142 Turrensi
2165 5102 2178 5151 ;
2200 5093 2494 5156 exegerunt
2513 5083 2796 5150 Catholici,
2821 5093 2878 5138 ut
2915 5084 3050 5140 actis
3067 5093 3346 5141 constaret

1752 5179 2079 5235 Fcliciauum
2135 5178 2188 5233 in
2251 5177 2626 5233 communione
2675 5191 2795 5233 esse
2836 5177 3092 5235 Primiani
3127 5197 3140 5233 :
3171 5180 3347 5250 ipsum

1753 5269 1896 5327 enim
1928 5272 2065 5326 inter
2092 5271 2226 5326 alios
2271 5284 2392 5324 cum
2432 5269 2752 5325 Maximiano
2795 5269 3199 5338 damnaverant,
3241 5271 3345 5328 da-

1753 5372 2051 5420 mnatorem
2075 5363 2326 5418 Primiani
2346 5370 2400 5418 et
2421 5362 2786 5420 ordinatorem
2817 5364 2986 5434 ipsius
3016 5364 3344 5432 Maximiani,

1754 5471 1913 5528 quem
1951 5463 2136 5525 postea
2165 5455 2214 5509 in
2247 5455 2453 5526 integro
2499 5454 2704 5511 honore
2731 5466 3066 5527 receperant,
3123 5472 3223 5512 nec
3247 5456 3346 5512 de-

1755 5557 2061 5608 struxerant
2086 5547 2482 5619 Baptismumin
2510 5548 2589 5603 eis
2610 5563 2744 5619 quos
2783 5549 2835 5604 in
2864 5548 3169 5604 Maximiani
3190 5548 3345 5604 scili-

1757 5651 1928 5701 smate
1953 5641 2335 5714 baptizaverat.
2367 5640 2475 5698 Sed
2499 5639 2566 5695 ad
2593 5641 3064 5714 interrogationem
3108 5641 3352 5698 Catholi-

1759 5751 1945 5798 eorum
1971 5732 2300 5809 respondere
2353 5735 2658 5805 noluerunt,
2703 5733 2944 5790 dicentes
2988 5751 3096 5792 non
3148 5735 3350 5797 debere

2749 5830 3047 5913 (νέηαι.)
