3778 6160
72 170 229 231 621

90 306 3261 332 ~_———————-—-—_—__—__—_—_____—___'

1006 172 1437 231 BREVICULUS
1469 172 1922 233 COLLATIONIS
1959 175 2099 232 CUM
2142 174 2566 236 DONATISTIS.

3316 184 3424 267 θῇ

1021 353 1581 496 Collatia
1658 357 2169 502 secanti
2241 358 2527 498 aut.

192 578 282 635 CA
292 578 427 635 PUT
468 574 1008 639 PRIMUM—Primo
1025 574 1164 641 loco,
1176 588 1299 630 cum
1326 574 1412 631 die
1428 575 1733 632 intermisso

80 674 186 730 ad
217 680 576 728 memoratum
607 672 802 737 locum,
838 670 975 725 sicut
1000 668 1271 740 placuerat
1296 678 1352 724 et
1376 670 1724 724 constitutum

84 767 135 820 1⁵
132 773 327 841 uerat,
360 761 967 841 conveniretur,ohtulit
984 775 1294 841 consessum
1323 756 1515 816 iterum
1535 758 1729 831 Cogni-

91 840 237 927 tor,
272 857 571 928 deprecans
596 862 654 933 ut
692 854 865 913 ﬂeret.
907 853 974 929 Et
1000 840 1123 933 mox
1161 850 1420 931 Catholici
1465 851 1727 908 consede-

84 961 256 1007 runt
284 969 298 1005 :
332 932 624 1005 Donatistae
652 956 831 1004 autem
856 956 1258 1004 recusaverunt.
1293 944 1351 1000 In
1378 961 1483 1021 qua
1512 960 1730 1001 recusa-

98 1044 279 1099 tione
305 1043 447 1099 inter
474 1051 669 1111 caetera
697 1026 750 1096 id
778 1054 989 1111 quoque
1005 1037 1272 1102 dixerunt,
1300 1037 1443 1109 quod
1470 1038 1727 1109 scriptum

92 1133 228 1190 sibi
300 1143 448 1188 esset
490 1146 612 1187 cum
654 1131 846 1187 talibus
888 1145 995 1185 non
1040 1129 1231 1184 sedere
1283 1114 1475 1203 (Psal.
1498 1138 1623 1196 xxv,
1646 1129 1724 1200 4).

100 1226 210 1282 Ad
243 1225 350 1281 hoc
377 1223 655 1288 Catholici,
684 1238 751 1279 ne
782 1236 947 1277 morte
976 1220 1187 1287 fierent,
1216 1229 1340 1277 tunc
1361 1235 1467 1275 non
1499 1206 1727 1290 reSpon-

95 1318 345 1382 derunt,
369 1315 463 1373 sed
485 1314 866 1386 opportuniore
892 1296 1012 1368 loco
1035 1313 1087 1368 in
1111 1313 1251 1368 tertii
1282 1309 1388 1367 diei
1409 1308 1725 1368 Collatione.

106 1394 287 1469 Tunc
328 1425 456 1481 ergo
479 1410 642 1465 etiam
672 1409 786 1478 ipse
822 1406 1081 1480 Cognitor
1098 1406 1289 1481 stando
1311 1421 1370 1463 se
1389 1407 1727 1480 cogniturum

102 1518 251 1577 esse
267 1500 566 1574 respondit.

138 1584 151 1595 ’
191 1593 431 1651 CAPUT
464 1592 627 1665 pll.-—
657 1589 906 1649 Secundo
945 1590 1066 1648 loco
1117 1584 1337 1646 recitata
1375 1598 1459 1646 est
1499 1591 1726 1660 notaria,

104 1702 289 1759 quam
330 1672 500 1757 pridie
526 1670 803 1750 dederam,
834 1691 1075 1755 petentes
1104 1692 1161 1737 ut
1185 1682 1610 1739 sibimandatum
1637 1683 1731 1740 Ca-

106 1782 454 1837 tiiolicorum
485 1779 754 1844 ederetur,
776 1762 1247 1850 quo'considerato
1274 1787 1493 1849 possent
1509 1778 1563 1832 in
1583 1778 1725 1835 diem

108 1875 476 1931 constitutum
497 1856 737 1928 instructi
770 1870 981 1939 adesse,
1012 1886 1079 1929 eo
1105 1871 1244 1942 quod
1263 1881 1576 1942 exceptores
1603 1887 1728 1928 cum

108 1968 525 2036 conscriptione
541 1973 813 2037 gestorum
828 1968 1109 2021 occurrere
1132 1960 1493 2034 nonEvaierent
1506 1981 1520 2017 :
1535 1973 1588 2019 et
1609 1979 1725 2020 res-

109 2061 321 2130 ponsio
359 2046 660 2129 Cognitoris
694 2057 748 2111 in
776 2055 963 2111 eadem
993 2056 1199 2111 notaria
1220 2054 1261 2120 ³,
1289 2070 1392 2126 qua
1419 2054 1581 2125 jussit
1612 2052 1729 2111 ﬂeri

110 2149 272 2223 quod
308 2148 580 2221 petebant.

192 2240 429 2298 CAPUT
468 2239 1001 2307 Ili.—Tertioloco,
1042 2246 1163 2293 cum
1206 2236 1487 2310 quaesisset
1526 2239 1725 2311 Cogni-

112 2342 234 2401 tor,
266 2332 396 2405 quid
422 2333 581 2388 etiam
609 2331 677 2388 de
711 2328 1193 2400 subscriptionibus
1219 2330 1632 2401 responderent,
1671 2331 1725 2386 id

116 2436 209 2484 est
257 2437 438 2483 utrum
463 2425 543 2482 eis
578 2424 812 2496 placeret
853 2421 994 2495 quod
1041 2422 1218 2479 edicto
1250 2431 1619 2494 proposuerat,
1669 2431 1725 2479 ut

116 2519 593 2593 prosecutionibus
617 2517 727 2573 suis
754 2514 980 2588 quisque
1008 2514 1365 2571 subscriberet
1386 2531 1398 2580 ;
1423 2524 1475 2571 et
1499 2531 1724 2587 respon-

120 2609 625 2679 dissentCatholici,
648 2611 759 2682 jam
785 2624 843 2666 se
884 2608 935 2663 in
963 2607 1067 2663 hoc
1092 2621 1411 2663 consensum
1452 2623 1605 2663 suum
1637 2608 1725 2664 lit—

118 2706 260 2762 teris
275 2705 607 2776 eXpressisse
629 2722 642 2758 :
668 2702 744 2758 illi
760 2718 818 2759 se
838 2702 1060 2757 multum
1078 2700 1281 2757 moveri
1300 2700 1568 2768 dixerunt,
1583 2699 1727 2772 quod

120 2801 235 2858 hoc
262 2797 596 2856 consuetudo
622 2813 729 2853 non
754 2795 997 2852 haberet.
1031 2794 1243 2851 Etcum
1272 2794 1525 2865 Cognitor
1552 2794 1723 2849 inter-

121 2901 399 2965 rogasset,
430 2898 607 2946 utrum
636 2891 715 2945 eis
739 2886 1011 2945 sufficeret
1030 2885 1173 2958 quod
1193 2887 1214 2920 ²
1239 2885 1347 2942 dati
1371 2885 1717 2955 fuerantges-

121 2994 310 3042 torum
342 2982 850 3039 conscribendorum
877 2994 948 3037 ex
972 2989 1198 3050 utraque
1238 2988 1389 3051 parte
1429 2978 1681 3034 custodes
1707 2992 1722 3044 ;

132 3078 452 3135 dilationem
482 3084 666 3147 petere
695 3082 994 3145 eteperunt,
1019 3082 1076 3128 ut
1096 3072 1196 3127 sibi
1235 3071 1535 3143 conscripta
1577 3078 1725 3142 gesta

122 3171 436 3236 ederentur,
456 3172 510 3224 et
536 3175 660 3223 tunc
683 3158 1103 3237 reSponderent:
1126 3160 1223 3220 Hic
1240 3173 1389 3219 ortus
1411 3170 1494 3219 est
1516 3162 1726 3218 diutur-

124 3277 235 3321 nos
279 3260 561 3319 conﬂictus
607 3273 727 3315 cum
753 3258 853 3324 eis,
884 3270 1004 3313 cum
1038 3270 1333 3311 consensus
1370 3268 1578 3322 eorum,
1616 3268 1725 3325 quo

125 3354 409 3428 placuerat
435 3358 493 3406 ut
517 3350 606 3405 illo
631 3349 718 3405 die
742 3363 831 3404 res
852 3355 1117 3419 ageretur,
1149 3359 1293 3417 smpe
1322 3346 1633 3401 recitaretur
1657 3360 1724 3401 ex

125 3445 351 3503 tabulis.
386 3443 451 3498 Et
475 3446 596 3499 cum
642 3456 701 3498 se
738 3448 894 3496 notas
918 3440 1161 3511 ignorare
1180 3438 1442 3503 dicerent,
1474 3444 1723 3507 petentes

126 3549 189 3596 ut
230 3536 383 3611 prius
426 3536 505 3592 eis
555 3535 845 3591 ederentur
885 3541 1033 3604 gesta
1076 3530 1421 3602 conscripta;
1469 3529 1726 3601 Cognitor

121 3624 309 3705 jussit,
340 3622 563 3701 utquod
585 3643 771 3684 eorum
801 3624 992 3682 notarii
1018 3633 1341 3696 exceperant
1383 3623 1600 3694 perlatis
1633 3636 1724 3678 co-

196 3724 214 3757 ¹
253 3730 414 3786 Forte,
446 3721 513 3772 ad
525 3716 747 3786 eamdem
769 3718 1022 3786 notoriam.

195 3788 220 3820 ί
252 3779 415 3847 ret-te;
436 3789 603 3836 utrum
618 3781 886 3847 sufﬁcerat!
907 3779 1007 3846 qui.

1841 568 2048 633 dicibus
2074 576 2162 647 qui
2190 572 2384 648 signati
2416 580 2871 665 custodiebantur,
2897 585 2977 643 eis
3000 588 3337 659 recitaretur,
3360 607 3430 647 ne

1840 674 2026 722 contra
2068 682 2223 723 suum
2272 684 2592 728 consensum
2629 675 2890 733 venirent.
2944 674 3187 751 Cumque
3230 689 3285 737 et
3325 681 3429 754 ipsi

1838 771 1981 828 saepe
2004 758 2071 815 de
2089 770 2357 831 gestorum
2371 765 2607 822 editione
2630 778 2997 837 causarentur,
3019 772 3161 844 quod
3184 783 3431 847 excepto-

1836 865 1925 906 res
1948 866 2052 907 non
2081 855 2471 912 occurrissent‘
2499 868 2645 929 gesta
2659 863 2995 920 conscribere
3013 881 3030 933 ;
3048 865 3207 922 etiam
3221 866 3324 923 hoc
3346 869 3427 925 eis

1837 956 2153 1012 responsum
2179 955 2281 1013 est,
2310 947 2451 1018 quod
2480 952 2687 1007 notaria
2707 967 2804 1009 sua
2824 953 2947 1011 ideo
2971 971 3031 1012 se
3051 958 3249 1028 petisse
3269 958 3424 1016 dixe-

1837 1043 1958 1111 rant
1987 1034 2071 1091 edi
2101 1035 2201 1092 sibi
2223 1037 2621 1097 Catliolicorum
2644 1036 2978 1114 mandatum,
3011 1056 3069 1102 ut
3087 1047 3153 1104 ad
3178 1065 3424 1120 praesen-

1839 1132 1947 1180 tem
1979 1127 2117 1183 diem
2149 1129 2391 1186 instructi
2413 1123 2779 1206 oceurrerent,
2807 1139 2932 1209 quia
2975 1150 3291 1213 exceptores
3329 1158 3426 1200 oc-

1839 1232 2054 1274 currere
2078 1235 2199 1275 cum
2228 1233 2507 1293 gestorum
2524 1225 2757 1303 editione
2787 1245 2893 1287 non
2924 1241 3163 1303 possent.
3197 1233 3297 1290 Ubi
3318 1252 3425 1291 non

1840 1310 2172 1372 invenientes
2189 1316 2315 1401 quid
2359 1305 2616 1388 dicerent,
2638 1322 2924 1379 voluerunt
2956 1316 3147 1380 iterum
3184 1329 3429 1398 prtescri-

1837 1416 1890 1474 pt
1902 1404 2073 1460 ionem
2102 1404 2205 1462 diei
2232 1408 2504 1478 refricare,
2531 1410 2597 1468 de
2612 1427 2712 1485 qua
2730 1410 2896 1470 fuerat
2923 1415 3003 1472 eis
3017 1415 3146 1472 satis
3162 1432 3428 1490 superque

1837 1513 2173 1582 responsum,
2216 1510 2271 1557 et
2299 1500 2423 1558 inde
2461 1504 2573 1573 jam
2607 1502 2779 1560 fuerat
2804 1507 2979 1578 primo
3010 1507 3097 1563 die
3124 1511 3425 1566 transitum.

1835 1589 1941 1646 Sed
1966 1599 2089 1646 tunc
2132 1590 2516 1649 eisCatholici
2552 1595 2713 1650 etiam
2756 1594 2824 1650 ad
2864 1594 2969 1652 hoc
3012 1598 3425 1669 responderunt,

1836 1682 1977 1753 quod
2006 1698 2113 1738 non
2155 1683 2327 1739 solum
2350 1685 2401 1739 in
2430 1684 2605 1741 edicto
2628 1684 2930 1758 Coguitoris
2952 1688 3297 1745 calendarum
3332 1690 3425 1762 ju-

1838 1776 2044 1831 niarum
2073 1776 2188 1832 dies
2220 1776 2540 1833 constitutus
2567 1766 2855 1849 legeretur,
2891 1778 2987 1836 sed
3028 1781 3188 1835 etiam
3211 1782 3309 1852 ipsi
3335 1797 3430 1839 oc-

1837 1876 1957 1923 tavo
1977 1868 2416 1940 calendasjunias
2435 1885 2589 1924 suum
2605 1870 2910 1927 mandatum
2954 1874 3424 1945 conscripsissent,

1837 1976 1957 2016 cum
1979 1962 2086 2032 jam
2115 1962 2394 2017 transisset
2414 1952 2551 2039 dies,
2600 1980 2706 2036 quo
2747 1965 2997 2023 dicebant
3034 1968 3118 2039 agi
3171 1968 3427 2025 debuisse

1837 2066 2072 2120 causam,
2100 2052 2150 2106 id
2168 2062 2270 2121 est,
2291 2038 2480 2123 quarto
2500 2053 2709 2110 decimo
2725 2056 2976 2115 calendas
2999 2038 3198 2128 junias.
3216 2059 3427 2115 Dictum

1834 2154 1920 2201 est
1942 2146 2105 2200 etiam
2145 2148 2317 2217 ipsum
2370 2146 2697 2204 Primianum
2746 2148 2814 2204 ad
2864 2150 3115 2206 calendas
3147 2151 3327 2222 junias
3367 2169 3428 2210 se

1833 2239 2133 2313 pollicitum
2181 2255 2487 2297 occurrere.
2529 2240 2662 2311 Quae
2704 2243 2884 2298 omnia
2914 2241 3034 2299 ideo
3059 2259 3091 2299 a
3139 2245 3427 2301 Catholicis

1835 2330 1976 2387 dicta
2000 2344 2146 2399 sunt,
2167 2332 2309 2404 quod
2329 2333 2607 2391 audierant
2630 2350 2725 2391 eos
2752 2336 2913 2391 etiam
2937 2336 2990 2390 in
3021 2337 3216 2408 populo
3243 2353 3340 2391 suo
3358 2337 3428 2393 de

1836 2426 1939 2508 hac
1967 2441 2027 2482 re
2054 2427 2316 2483 invidiose
2343 2428 2551 2483 locutos
2580 2446 2595 2482 :
2622 2436 2677 2483 et
2706 2438 2883 2484 tamen
2910 2429 3047 2485 inter
3093 2428 3209 2485 haec
3246 2430 3425 2486 omnia

1834 2519 1908 2599 illi
1938 2519 1988 2572 in
2016 2517 2243 2589 petenda
2265 2518 2519 2576 dilatione
2549 2518 3021 2576 vehementissime
3044 2521 3418 2593 perstiterunt.

1834 2610 1986 2687 Quod
2011 2628 2131 2668 cum
2158 2612 2415 2668 vidissent
2442 2612 2699 2667 Catholici
2725 2611 2793 2668 ad
2824 2611 2926 2667 hoc
2951 2614 3029 2667 eis
3049 2612 3140 2668 diu
3186 2614 3367 2684 negari
3404 2610 3426 2646 ⁸

1833 2714 1895 2784 tit
1918 2714 2067 2777 gesta
2086 2706 2263 2761 multis
2284 2705 2461 2761 verbis
2481 2715 2852 2771 oncrarcutur,
2877 2706 3146 2774 petierunt
3170 2704 3427 2776 Cognito-

1832 2813 1970 2864 rem,
1993 2807 2049 2853 ut
2075 2798 2152 2853 eis
2174 2813 2333 2871 quam
2359 2797 2611 2869 petebant
2634 2796 2941 2852 dilationem
2972 2796 3312 2853 concederet.
3359 2797 3428 2852 Et

1833 2903 2090 2967 concessa
2119 2898 2199 2944 est
2226 2903 2322 2944 sex
2344 2887 2550 2942 dierum
2576 2886 2780 2950 dilatio,
2826 2886 3273 2956 respondentibus
3320 2902 3425 2943 ex-

1834 2981 2159 3051 ceptorihus,
2183 2979 2393 3050 quando
2417 2978 2580 3034 editio
2602 2988 2874 3049 gestorum
2904 2987 3084 3049 posset
3111 2991 3422 3043 occurrere;

1832 3082 1888 3129 et
1912 3074 2018 3129 illis
2059 3073 2506 3144 promittentibus,
2550 3088 2671 3128 cum
2715 3079 2862 3143 gesta
2912 3070 3054 3129 edita
3098 3068 3316 3141 fuerint,
3365 3088 3427 3129 se

1834 3168 1944 3223 suis
1966 3166 2425 3238 prosecutionibus
2451 3165 2866 3237 subseripturos.
3364 3162 3367 3163 ⁷

1899 3343 1917 3407 ἕ
1951 3346 2110 3402 Forte,
2133 3339 2410 3407 potuissent.

1897 3406 1918 3436 ²
1950 3409 2023 3453 Er.
2052 3399 2104 3454 et
2125 3399 2255 3463 Lov.,
2273 3404 2338 3453 ad
2357 3400 2447 3452 hoc
2468 3414 2548 3453 eos
2570 3399 2656 3451 diu
2668 3400 2859 3463 nugari.
2873 3401 3118 3463 Antiquior
3131 3400 3281 3452 editio
3298 3409 3398 3453 Am.

1897 3413 1918 3436 ι
1950 3413 2023 3453 Er.
2052 3413 2104 3454 et
2125 3413 2255 3463 Lov.,
2273 3413 2338 3453 aa
2357 3413 2447 3452 nec
2468 3414 2548 3453 eos
2570 3413 2656 3451 am
2668 3413 2733 3450 nu
2766 3413 2977 3452 amanti
3009 3413 3118 3451 utor
3131 3413 3281 3452 euttio
3298 3413 3398 3453 am.

1832 3467 1899 3536 πᾳ
1921 3465 2011 3536 hoc
2032 3465 2104 3536 eis
2124 3466 2210 3517 diu
2244 3464 2414 3536 negari
2448 3465 2669 3536 .‘Arid‘est,
2690 3413 2836 3536 ditium.
2866 3465 2942 3536 eis
2978 3416 3062 3536 diu
3091 3464 3281 3536 negari,
3307 3434 3425 3536 nihii

1831 3529 1960 3580 aliud
1983 3528 2208 3578 conferre
2229 3525 2464 3577 vidissent
2479 3526 2723 3583 catholici,
2747 3526 2841 3574 nisi
2856 3532 2912 3574 ut
2932 3531 3074 3588 gesta
3099 3525 3425 3588 redderentur

1833 3591 2111 3655 prolixiora.
2152 3599 2268 3655 nam
2303 3589 2398 3639 huc
2436 3589 2653 3655 pertinet
2685 3588 2814 3655 quod
2847 3586 3191 3655 catholicorum
3228 3587 3425 3655 nomine

1833 3648 2127 3721 Augustinus
2148 3653 2197 3702 in
2220 3656 2357 3721 parte
2391 3648 2604 3721 secunda
2622 3648 2914 3721 Collationis,
2937 3661 3057 3721 cap“.
3066 3648 3147 3709 58,
3170 3654 3351 3721 petens
3368 3657 3427 3721 tit

1833 3707 2090 3766 Donatistis
2100 3707 2393 3774 concedatur
2407 3711 2593 3773 dilatio,
2614 3729 2639 3758 ι
2648 3724 2714 3762 ne
2728 3709 2956 3762 nolentes
2964 3707 3188 3772 differre;
3199 3726 3223 3756 ι
3247 3710 3422 3774 inquit,

1841 3794 1864 3823 α
1885 3777 2146 3840 prolixrora
2168 3782 2308 3840 gesta
2330 3770 2616 3825 faciamus.»

126 3879 3427 3905 ww

1116 3951 1677 4097 Qtolietio
1742 3951 2080 4090 tertii
2144 3951 2431 4091 aut.

203 4176 434 4238 CAPUT
470 4174 907 4234 PRIMUM.-l.
949 4175 1130 4232 Tertio
1168 4173 1258 4229 die
1302 4170 1633 4236 Collationis,
1673 4168 1724 4224 id

130 4268 236 4341 est,
259 4282 412 4329 sexto
436 4272 555 4327 idus
589 4270 788 4342 junias,
815 4267 1069 4339 ingressis
1094 4265 1353 4338 partibus,
1382 4263 1554 4333 primo
1581 4262 1717 4328 loco,

130 4346 311 4423 utrum
332 4366 473 4420 edita
499 4364 575 4419 eis
602 4370 752 4434 gesta
778 4362 993 4428 fuerint,
1028 4359 1282 4430 Cognitor
1305 4355 1597 4426 inquisivit.
1625 4354 1726 4410 Re-

132 4457 345 4530 spondit
366 4455 632 4521 Officium,
660 4471 719 4510 se
743 4462 867 4509 ante
895 4453 1037 4509 diem
1061 4465 1218 4522 quam
1246 4449 1566 4520 promiserat
1607 4447 1724 4503 edi-

132 4548 453 4620 disse,quod
478 4563 542 4603 ex
562 4547 836 4617 utriusque
857 4548 1022 4616 partis
1040 4542 1371 4599 cautionibus
1386 4538 1720 4610 probaretur.

134 4642 207 4699 Et
229 4642 467 4697 recitata:
489 4648 614 4695 sunt
639 4639 933 4702 cautiones,
955 4635 1149 4707 quibus
1160 4632 1400 4689 constitit
1417 4629 1723 4686 Catholieos

135 4734 405 4804 accepisse
416 4739 563 4803 gesta
580 4738 766 4785 octavo
783 4728 899 4783 idus
913 4728 1092 4798 junias
1113 4726 1242 4781 hora
1266 4722 1372 4778 diei
1391 4722 1596 4793 quinta,
1623 4720 1726 4776 Do-

135 4826 355 4881 natistas
379 4830 557 4877 autem
586 4820 775 4876 eodem
807 4819 914 4886 die,
947 4817 1127 4873 tertia.

201 4914 431 4975 CAPUT
459 4914 599 4987 ll.—e
617 4912 933 4970 2.5ecdndo
958 4912 1075 4967 loco
1101 4924 1224 4968 cum
1250 4908 1506 4982 Cognitor
1526 4907 1722 4979 jussis-

134 4996 217 5069 sei
257 5009 553 5083 principale
599 5007 870 5079 negotium
905 5005 1017 5077 jam
1056 5002 1311 5076 proponi;
1358 5001 1558 5057 dictum
1585 5008 1722 5056 esta

138 5104 446 5169 Catholicis,
469 5100 595 5157 olim
621 5115 679 5156 se
698 5114 856 5171 agere
874 5099 1011 5155 veile
1035 5095 1328 5168 principale
1348 5093 1642 5165 negotium,
1666 5101 1723 5148 et

139 5199 233 5255 hoc
257 5212 403 5264 esse,
436 5204 494 5250 ut
535 5195 760 5250 crimina
786 5209 903 5264 quae
931 5192 1106 5247 solent
1134 5188 1421 5245 Donatistae
1444 5186 1624 5243 dicere
1667 5186 1722 5242 in

139 5284 432 5345 Ecclesiam
458 5292 570 5341 toto
592 5285 722 5340 orbe
753 5282 1021 5349 diﬂ‘usam,
1066 5279 1112 5336 si
1156 5286 1392 5351 possent,
1416 5276 1720 5348 probarent.

141 5382 473 5453 ReSponsum
501 5386 582 5434 est
606 5392 634 5431 τι
668 5374 975 5439 Donatistis,
1009 5384 1069 5430 ut
1099 5373 1245 5445 prius
1267 5377 1595 5443 quereretur
1632 5367 1723 5439 qui

143 5484 315 5534 essent
341 5473 431 5545 qui
459 5478 698 5543 agerent,
728 5479 789 5524 ut
834 5481 999 5524 morte
1048 5467 1237 5523 tierent
1280 5464 1348 5521 de
1389 5461 1722 5519 discussione

142 5576 509 5642 personarum.
536 5562 612 5620 De
636 5576 737 5635 qua
756 5577 816 5619 re
841 5575 961 5618 cum
981 5559 1073 5615 diu
1106 5557 1501 5629 conﬂigeretur,
1525 5553 1721 5610 Catho-

144 5665 249 5722 licis
275 5657 672 5727 recusantibus,
702 5665 757 5713 et
777 5664 835 5713 ut
860 5653 1079 5713 remotis
1108 5648 1493 5724 superﬂuarum
1542 5662 1717 5703 mora-

1835 4186 1953 4225 rum
1977 4172 2502 4240 tergiversationibus
2516 4173 2582 4228 ad
2599 4187 2814 4229 causam
2830 4171 3103 4229 veniretur
3128 4172 3423 4231 vehemen-

1834 4270 1916 4317 ter
1940 4262 2476 4331 instantihus,contra
2508 4264 2796 4320 Donatistae
2819 4263 3171 4320 obnixissime
3195 4274 3421 4324 conten-

1833 4350 2050 4420 debant,
2081 4364 2139 4409 ut
2179 4370 2422 4425 personae
2462 4356 2876 4423 discuterentur,
2918 4366 2973 4412 et
3014 4355 3324 4429 ﬂagitabant
3365 4370 3423 4416 ut

1832 4444 2264 4513 exprimerentur
2288 4448 2376 4517 qui
2406 4447 2661 4517 petissent
2686 4446 2755 4502 ab
2780 4444 3107 4518 lmperatore
3127 4447 3281 4503 istam
3301 4449 3420 4507 ﬁeri

1832 4532 2201 4593 Collationem.
2230 4535 2496 4593 Volebant
2526 4537 2669 4593 enim
2716 4546 2774 4593 ut
2808 4548 3081 4596 constaret
3112 4539 3420 4599 Calholicos

1831 4642 1949 4683 esse
1968 4630 2241 4698 petitores,
2258 4637 2315 4684 ut
2333 4645 2397 4685 ex
2420 4629 2617 4685 forensi
2637 4630 2760 4701 jure
2780 4639 2997 4700 possent
3011 4628 3277 4687 discutere
3295 4648 3416 4703 per-

1831 4734 1989 4775 sonas
2007 4720 2290 4789 petitorum
2309 4736 2325 4786 ;
2344 4736 2466 4776 cum
2481 4719 2593 4792 jam
2631 4721 2683 4775 in
2712 4722 2924 4777 actiOne
2942 4721 3110 4793 prima
3134 4723 3416 4780 recitatum

1830 4809 2019 4867 fuisset
2046 4810 2444 4867 Catliolicorum
2478 4812 2810 4878 mandatum,
2840 4811 2928 4868 ubi
2966 4828 3026 4869 se
3062 4814 3421 4873 ostendebant

1831 4917 1938 4956 non
1971 4901 2224 4972 petitores
2249 4918 2388 4967 esse,
2420 4901 2515 4959 sed
2545 4902 2855 4958 defensores
2889 4903 3147 4960 adversus
3191 4906 3416 4962 crimina

1830 5008 1949 5065 qua:
1971 4994 2042 5048 illi
2069 5010 2253 5049 eorum
2275 4995 2634 5050 communioni
2656 4993 2888 5065 obiicere
2910 4995 3087 5053 solent
3117 5014 3132 5052 :
3165 5012 3286 5055 cum
3318 4999 3416 5070 ipsi

1831 5089 1978 5160 prius
2000 5089 2292 5160 exegerint,
2322 5097 2378 5143 ut
2406 5088 2663 5144 Ecclesiae
2683 5104 2843 5144 causa
2863 5106 2969 5146 non
2990 5089 3292 5149 forensibus
3312 5092 3421 5147 for-

1830 5182 2008 5248 mulis,
2064 5181 2157 5237 scd
2186 5182 2353 5253 magis
2397 5181 2696 5238 divinarum
2729 5180 3123 5254 Scripturarum
3172 5186 3418 5243 testimo—

1830 5274 1933 5329 niis
1960 5284 2236 5344 ageretur;
2267 5270 2600 5345 confessique
2624 5272 2838 5342 fuerint,
2862 5274 3001 5331 lecto
3020 5274 3413 5333 Catholicorum

1829 5366 2100 5429 mandato,
2129 5364 2420 5436 Scripturis
2448 5365 2649 5422 sanctis
2668 5381 2763 5423 eos
2794 5367 3047 5425 Ecclesia:
3075 5383 3289 5425 causam
3319 5369 3413 5424 ﬁr-

1827 5472 1976 5513 mare
2003 5458 2253 5523 voluisse,
2280 5471 2443 5527 seque
2469 5472 2535 5514 ex
2560 5456 2746 5515 eadem
2776 5457 2967 5516 divina:
3002 5458 3136 5532 legis
3177 5461 3411 5518 auctori-

1831 5559 1938 5606 tate
1987 5550 2217 5604 vicissim
2254 5557 2469 5605 acturos
2528 5566 2648 5609 esse
2686 5551 3049 5623 promiserint.
3083 5551 3235 5610 Tunc
3285 5567 3414 5625 ergo

1829 5642 1979 5717 quasi
2006 5640 2152 5698 obliti
2181 5639 2308 5711 quid
2355 5643 2651 5714 exegerint,
2682 5643 2882 5718 etquid
2926 5643 3089 5701 etiam
3117 5643 3217 5717 ipsi
3261 5642 3413 5719 polli-
