3778 6140
300 117 357 146 ’π
605 121 612 124 ’
678 117 737 125 Τ
874 125 932 167 ,τῖ’

365 201 476 264 623

362 324 459 381 citi
488 321 706 388 fuerint,
735 335 855 377 cum
883 317 950 375 de
970 317 1228 375 Ecclesia:
1251 316 1622 374 criminatione
1671 324 1726 372 et
1761 331 1959 387 purga-

362 427 512 473 tione
533 413 794 472 Catholici
815 412 1217 484 proposuissent
1240 412 1324 483 agi
1344 419 1613 481 oportere,
1645 409 1954 481 cmperunt‘

364 525 624 583 personas
645 522 886 580 quaerere
903 507 1210 576 petitorum,
1231 513 1288 560 ut
1306 519 1398 561 cas
1428 514 1648 576 possent
1666 519 1732 560 ex
1757 504 1954 561 forensi

357 604 482 674 jure
525 601 806 658 discutere.
839 597 1036 654 Contra
1062 611 1190 668 ergo
1227 596 1488 652 Catholici
1531 596 1871 663 resistebant,
1903 604 1959 653 et

325 763 330 768 ε
365 704 587 766 propter
613 689 1043 764 praescindendas
1068 704 1267 756 moras,
1292 703 1425 760 quas
1450 703 1544 745 eos
1571 697 1627 744 et
1651 703 1956 759 praeparare

361 784 664 851 audierant,
701 793 755 839 et
784 783 1056 838 innectere
1075 780 1187 852 iam
1217 779 1503 846 videbant,
1552 787 1957 850 perseveranter

363 879 649 943 instabant,
681 883 744 932 ut
767 874 1021 932 Ecclesia:
1047 889 1206 930 causa
1231 873 1409 944 potius
1437 879 1704 944 ageretur.
1740 871 1797 926 In
1823 886 1954 927 eon-

362 971 509 1027 ﬂictu
539 975 857 1041 perventum
881 975 983 1034 est,
1013 973 1073 1022 ut
1116 963 1460 1038 Imperatoris
1496 974 1820 1036 praeceptum
1848 978 1956 1035 quo

360 1062 716 1120 Collationem
741 1059 990 1130 iussisset
1019 1057 1134 1113 fieri
1162 1057 1448 1128 legeretur,
1475 1065 1533 1111 ut
1556 1070 1622 1111 eo
1641 1054 1802 1110 modo
1822 1054 1958 1126 peti-

363 1167 540 1212 torum
571 1168 801 1226 persona
845 1158 1137 1208 constaret.
1171 1149 1460 1205 Videbatur
1485 1149 1628 1204 enim
1667 1157 1722 1204 et
1762 1147 1958 1237 Cogni-

363 1248 488 1314 tori,
519 1261 586 1301 ne
614 1243 741 1315 quid
773 1241 1062 1298 Donatistis
1100 1241 1262 1297 etiam
1307 1241 1376 1296 de
1417 1241 1535 1312 ipso
1566 1240 1689 1312 iure
1733 1239 1952 1310 forensi,

361 1335 526 1395 veluti
564 1338 705 1408 iusta
751 1332 1092 1406 poscentibus
1131 1341 1435 1404 negaretur,
1486 1333 1632 1404 prius
1671 1333 1955 1403 petitorum

362 1426 768 1486 constituendas
790 1441 911 1481 esse
938 1439 1212 1497 personas.
1231 1424 1510 1495 Praecepto
1534 1438 1663 1495 ergo
1692 1422 1957 1494 imperiali

363 1520 611 1584 recitato,
657 1517 1007 1574 Collationem
1047 1515 1245 1587 petisse
1289 1513 1596 1571 Catholicos
1629 1514 1956 1570 declaratum

362 1621 469 1678 est,
503 1626 727 1681 eamque
756 1623 876 1665 esse
922 1622 1254 1664 concessam.
1287 1605 1439 1662 'l‘unc
1474 1607 1765 1663 Donatistae
1795 1605 1957 1662 etiam

365 1720 555 1776 preces
574 1703 766 1776 quibus
795 1702 862 1757 ab
891 1702 970 1758 eis
998 1702 1087 1757 illa
1107 1700 1331 1757 Collatio
1367 1703 1530 1773 petita
1557 1708 1662 1770 est,
1688 1701 1959 1773 postulare

362 1806 660 1868 coeperunt.
689 1795 786 1850 Hic
818 1809 940 1850 cum
970 1794 1048 1849 eis
1073 1793 1188 1864 ipse
1209 1791 1464 1865 Cognitor
1502 1793 1874 1865 responderet,
1901 1793 1959 1850 in

360 1889 689 1961 pragmatico
719 1889 983 1957 rescripto
1007 1900 1196 1958 preces
1221 1885 1386 1943 inseri
1425 1901 1533 1941 non
1562 1886 1738 1942 solere
1764 1904 1779 1940 :
1811 1885 1878 1942 ad
1904 1885 1958 1942 id

363 1998 426 2038 se
471 1987 852 2037 converterunt
898 1989 958 2034 ut
1007 1977 1317 2034 mandatum
1371 1977 1794 2045 Catholicorum,
1851 1995 1959 2046 quo

361 2073 748 2130 mandaverant
764 2071 869 2142 peti
886 2070 954 2126 ab
976 2069 1300 2142 lmperatore
1315 2069 1692 2140 Collationem,
1713 2071 1956 2129 eosdem-

366 2181 473 2236 que
499 2166 701 2236 legatos
725 2178 862 2235 quos
891 2161 957 2218 ad
983 2161 1087 2218 hoc
1122 2161 1513 2233 impetrandum
1552 2164 1829 2232 miserant,
1857 2164 1958 2221 sibi

360 2257 586 2314 ederent
607 2264 769 2327 atque
794 2253 1111 2327 proderent;
1153 2263 1456 2311 asserentes
1481 2254 1751 2312 discutere
1776 2270 1834 2312 se
1857 2255 1958 2312 de-

363 2350 495 2406 bere
521 2364 640 2420 quze
664 2346 914 2403 mandata
934 2355 1076 2410 sunt,
1097 2354 1257 2418 atque
1278 2345 1350 2401 ibi
1369 2346 1609 2402 invenire
1627 2361 1786 2418 posse
1808 2361 1960 2403 man-

363 2441 487 2496 data
509 2439 904 2496 Catltolicorum
927 2453 1046 2510 qua:
1072 2436 1141 2494 de
1161 2437 1266 2494 illis
1294 2437 1607 2509 Imperatori
1633 2438 1794 2494 locuti
1809 2447 1956 2495 sunt.

362 2531 482 2591 Iloc
526 2546 648 2586 cum
694 2529 1052 2600 intelligerent
1095 2527 1354 2584 Catholici
1399 2529 1466 2584 ad
1507 2528 1608 2586 hoc
1645 2530 1870 2601 inquiri,
1900 2538 1961 2586 ut

363 2624 732 2682 invenirentur
756 2623 1064 2678 occasiones
1088 2621 1284 2693 quibus
1301 2622 1490 2693 prolixi
1516 2624 1772 2695 temporis
1794 2637 1960 2680 mora:

361 2731 428 2772 ac
450 2715 731 2770 dilationes
769 2713 1162 2784 ingererentur,
1209 2715 1524 2770 asserebant
1568 2716 1790 2772 omnino
1815 2714 1959 2787 quod

361 2815 610 2880 peterent
655 2804 723 2861 ad
761 2819 978 2860 causam
1026 2819 1136 2860 non
1178 2805 1476 2875 pertinere;
1523 2807 1958 2878 quandoquidem

362 2899 713 2956 Collationcm
739 2897 806 2952 ab
822 2897 900 2951 eis
921 2899 1139 2967 petitam
1166 2897 1280 2966 ipse
1306 2896 1602 2967 Imperator
1621 2899 1959 2968 apertissime

363 2991 694 3056 ostenderet,
716 2988 802 3044 cui
829 2986 1168 3058 Cognitorem
1190 2987 1430 3053 dederat,
1449 2998 1508 3043 ut
1523 2990 1958 3060 superstitionem

361 3081 642 3139 manifesta
670 3082 804 3134 ratio
824 3077 1141 3135 confutaret.
1161 3078 1224 3134 Et
1248 3078 1591 3136 vehementer
1610 3081 1956 3152 urgebantur,

360 3183 426 3230 ut
463 3171 683 3230 remotis
733 3169 982 3227 omnibus
1019 3168 1290 3226 morarum
1334 3171 1858 3242 interpositionibus,
1905 3183 1962 3232 et

361 3266 591 3322 aliarum
638 3261 1144 3333 interponendarum
1191 3261 1643 3334 inquisitionibus,
1682 3261 1733 3320 id
1785 3265 1959 3336 potius

362 3367 613 3430 ageretur
636 3353 779 3427 quod
806 3368 868 3410 ea
895 3351 1194 3409 Collatioue
1226 3354 1311 3425 agi
1349 3354 1418 3410 ab
1457 3354 1786 3426 Imperatore
1817 3372 1959 3428 prae-

359 3459 576 3521 ceptum
600 3458 701 3515 est,
732 3460 892 3518 quant
917 3453 971 3501 et
991 3446 1209 3516 petitam
1231 3445 1299 3502 ab
1321 3445 1413 3502 illo
1432 3454 1488 3502 et
1506 3461 1816 3504 concessam
1838 3463 1960 3507 esse

360 3541 663 3598 constabat.

434 3631 663 3690 CAPUT
703 3630 790 3687 lll.
817 3661 891 3673 —
936 3631 989 3687 5.
1031 3629 1177 3687 Inter
1224 3629 1341 3687 haec
1377 3631 1537 3687 etiam
1580 3631 1648 3689 de
1690 3632 1960 3690 catholico

363 3728 608 3792 nomine,
659 3725 799 3795 apud
843 3739 980 3796 quos
1022 3725 1198 3794 potius
1227 3732 1390 3791 esset,
1422 3740 1590 3795 pauca
1621 3726 1690 3782 ab
1735 3735 1959 3800 utraque

363 3831 520 3896 parte
562 3820 788 3876 invicem
819 3819 958 3874 dicta
997 3825 1052 3872 et
1098 3817 1308 3888 objecta
1355 3826 1498 3885 sunt,
1549 3829 1603 3875 et
1631 3819 1834 3891 iussum
1874 3829 1960 3878 est

363 3912 647 3988 principali
674 3925 849 3966 causa:
893 3910 1069 3980 potius
1111 3908 1394 3964 reservari.
1443 3911 1509 3964 Et
1537 3919 1655 3980 post
1687 3911 1956 3982 aliquanta

367 4006 685 4072 identidem,
717 4019 837 4059 eum
868 4000 1113 4058 catholici
1144 3997 1376 4056 nominis
1402 4000 1539 4056 facta
1579 4003 1850 4059 mentione
1875 4003 1958 4060 di-

362 4109 551 4158 cerent
593 4097 880 4153 Donatista:
925 4094 1064 4167 apud
1107 4109 1166 4150 se
1206 4094 1382 4165 potius
1427 4110 1548 4150 esse
1590 4093 1953 4158 Catholicam;

361 4193 715 4253 interlocutus
750 4199 832 4245 est
858 4189 1134 4260 Cognitor,
1167 4203 1226 4244 se
1254 4188 1463 4243 interim
1497 4190 1612 4245 sine
1638 4190 1953 4262 cujusquam

364 4286 682 4362 praeiudicio
729 4299 835 4338 non
893 4297 1053 4352 posse
1110 4282 1268 4336 aliter
1309 4281 1578 4352 appellare
1627 4281 1948 4352 Catholicos,

361 4395 524 4452 quant
553 4392 648 4432 eos
669 4374 953 4446 appellavit
979 4372 1296 4444 Imperator,
1324 4388 1353 4426 a
1384 4389 1490 4444 quo
1522 4373 1776 4444 Cognitor
1797 4375 1956 4432 datus

360 4481 447 4529 est
476 4489 490 4525 :
520 4469 639 4525 illos
676 4476 851 4521 autem
879 4474 1079 4536 quanto
1111 4463 1276 4535 magis
1306 4479 1365 4518 se
1404 4479 1524 4520 esse
1547 4463 1839 4521 catholicos
1872 4465 1956 4521 di-

359 4571 570 4629 cerent,
604 4567 749 4616 tanto
787 4557 956 4626 magis
981 4556 1091 4626 iam
1133 4571 1348 4611 causam
1378 4555 1547 4626 ipsam
1589 4559 1808 4613 remotis
1833 4573 1953 4614 mo-

359 4673 544 4717 rarum
591 4649 1083 4723 interpositionibus
1124 4665 1282 4720 agere
1329 4649 1544 4717 debere,
1589 4653 1643 4706 in
1688 4669 1788 4723 qua
1831 4669 1953 4724 pro-

360 4752 491 4809 bare
518 4757 736 4820 possent
767 4761 826 4801 se
850 4744 1026 4816 potius
1044 4757 1164 4798 esse
1188 4742 1504 4798 catholicos.
1541 4743 1637 4799 llic
1662 4745 1952 4803 Donatistae

359 4854 484 4917 post
523 4850 695 4896 tantas
732 4852 912 4894 moras
960 4844 1015 4891 et
1063 4844 1140 4890 tot
1186 4834 1623 4892 interlocutiones
1648 4836 1951 4909 Cagnitoris

359 4943 548 4994 contra
586 4948 681 4989 eos
726 4931 981 5002 prolatas,
1021 4929 1280 4999 exigentis
1318 4936 1374 4982 ut
1415 4943 1572 4983 causa
1610 4931 1785 5000 potius
1821 4947 1948 5004 age-

361 5040 534 5093 retur,
571 5034 730 5095 atque
777 5024 1021 5078 testantis
1073 5021 1140 5076 de
1198 5021 1490 5091 legatorum
1545 5022 1809 5093 personis,
1863 5024 1951 5080 vel

359 5118 617 5178 mandato
657 5115 798 5187 quod
845 5115 923 5171 eis
969 5114 1263 5186 iniunctum
1311 5124 1413 5182 est,
1471 5129 1572 5170 nec
1620 5115 1686 5172 ad
1734 5132 1948 5174 causam

360 5213 569 5288 aliquid
613 5210 900 5284 pertinere,
929 5224 1031 5264 nec
1060 5208 1160 5264 sibi
1188 5208 1388 5280 aliquid
1415 5218 1471 5264 ut
1501 5208 1624 5265 hinc
1654 5211 1951 5282 requireret

360 5312 530 5370 fuisse
562 5315 919 5381 prmceptum;
949 5301 1281 5358 dixeruntut
1309 5303 1353 5358 si
1383 5303 1435 5358 in
1465 5304 1670 5375 legatis,
1695 5306 1777 5362 vel
1798 5321 1949 5362 man-

361 5408 489 5465 dato
531 5399 672 5474 quod
717 5397 798 5454 eis
843 5394 1025 5451 datum
1069 5402 1152 5451 est
1194 5395 1607 5464 manifestando,
1653 5398 1948 5457 noluissent

366 5493 632 5556 Catholici
660 5491 1035 5560 obtemperare
1064 5487 1338 5559 iudicatis,
1376 5490 1565 5548 saltem
1596 5493 1696 5549 hoc
1722 5509 1948 5566 respon-

357 5591 572 5651 derent,
600 5593 778 5642 utrum
813 5584 934 5639 loco
962 5583 1248 5652 petitorum
1293 5585 1650 5646 consisterent
1675 5606 1690 5647 ;
1717 5590 1946 5650 multum

426 5681 442 5712 ι
479 5688 578 5730 Am.
605 5684 658 5730 et
677 5684 749 5730 Fr.
772 5678 1034 5741 creparent.

321 5793 353 5816 Α

1617 200 1675 257 S.
1714 193 2082 258 AUGUSTINI
2121 197 2426 256 EPISCOPI

3336 126 3374 135 να

3543 207 3667 268 εει

2066 313 2383 370 mirantibus
2412 313 2719 381 Catholicis,
2749 328 2846 372 cur
2869 329 2963 373 eos
2989 315 3283 376 Donatista
3303 319 3563 390 dixerunt.
3595 324 3661 379 in

2065 405 2274 463 edendo
2326 407 2619 479 legatorum
2671 409 2924 467 mandato
2971 427 3080 468 non
3132 429 3327 484 parere
3365 414 3660 486 iudicatis;

2065 513 2187 554 cum
2209 499 2386 572 potius
2405 511 2593 557 contra
2619 502 2766 572 ipsos
2793 513 2898 559 tam
2938 506 3122 562 multis
3159 506 3666 569 interlocutionibus

2066 590 2322 662 Cognitor
2369 594 2826 663 pronuntiaverat.
2882 595 3358 670 Interrogaverunt
3399 617 3528 675 ergo
3547 604 3664 660 Ca-

2066 682 2269 750 tltolici,
2300 684 2494 756 quibus
2528 685 2781 757 iudicatis
2810 703 2916 745 non
2946 692 3244 762 paruerint.
3279 693 3349 751 Et
3374 693 3667 752 Donatistis

2067 777 2134 833 ad
2161 777 2263 834 hoc
2287 794 2394 835 non
2436 781 2907 853 respondentibus,
2957 784 3314 843 interlocutus
3353 797 3440 845 est
3463 787 3663 862 Cogni—

2064 880 2170 938 tor,
2203 873 2270 928 ad
2315 873 2445 929 illud
2495 875 2638 947 quod
2667 876 2734 934 de
2759 877 2880 934 loco
2916 879 3164 950 petitoris
3194 882 3488 939 Donatista:
3513 900 3667 955 qua:—

2063 965 2285 1033 sierant,
2315 965 2579 1025 Catholici
2607 971 3013 1042 responderent.
3054 973 3124 1030 Et
3164 975 3564 1046 responderunt
3601 994 3667 1034 se

2065 1056 2168 1115 hoc
2211 1074 2534 1132 proponere,
2585 1069 2645 1119 ut
2689 1064 2914 1122 crimina
2965 1081 3086 1138 quas
3135 1067 3312 1124 solent
3368 1070 3664 1127 Donatista:

2063 1153 2431 1209 communioni
2473 1168 2661 1211 eorum
2703 1157 2939 1227 obiicere
2971 1159 3057 1216 vel
3095 1161 3416 1230 probentur,
3457 1163 3542 1220 vel
3569 1162 3668 1220 di-

2065 1242 2312 1312 luantur;
2353 1255 2413 1302 ut
2456 1248 2628 1318 possit
2666 1249 3067 1308 Donatistarum
3113 1256 3392 1326 separatio
3435 1257 3518 1314 vel
3559 1257 3666 1314 de-

2064 1334 2209 1392 fendi
2239 1337 2324 1392 vel
2348 1338 2564 1410 corrigi.
2589 1339 2738 1397 Tunc
2762 1339 3019 1414 Cognitor
3041 1360 3165 1401 cum
3195 1349 3605 1418 responsionem
3632 1366 3666 1407 a

2065 1427 2354 1486 Donatistis
2399 1431 2655 1503 exigeret,
2697 1435 3114 1507 responderunt,
3145 1438 3309 1495 Afros
3333 1441 3428 1512 qui
3469 1455 3532 1498 se
3567 1458 3671 1498 αι-

2065 1520 2292 1578 tholicos
2334 1523 2595 1592 dicerent,
2641 1527 2874 1584 alienam
2918 1544 3135 1587 causam
3159 1534 3300 1591 velle
3342 1534 3664 1604 defendere,

2065 1613 2170 1671 hoc
2215 1625 2318 1684 est,
2360 1618 2522 1674 totius
2564 1618 2712 1675 orbis
2757 1618 3098 1692 Ecclesiam;
3142 1623 3217 1682 de
3244 1641 3352 1698 qua
3385 1627 3489 1683 sibi
3529 1628 3670 1686 nihil

2064 1706 2264 1780 debere
2302 1708 2660 1780 prteiudicari,
2713 1727 2835 1769 cum
2881 1714 3023 1770 inter
3062 1715 3222 1773 Afros
3259 1717 3365 1774 hoc
3389 1722 3672 1792 negoti

2065 1801 2390 1870 ventiletur;
2433 1811 2489 1859 et
2515 1806 2816 1876 exspectari
2861 1809 3038 1878 potius
3066 1809 3364 1867 Ecclesiam
3396 1821 3672 1871 transma-

2064 1894 2258 1962 rinam,
2287 1897 2455 1968 utqui
2480 1899 2728 1968 vicerint,
2759 1900 2863 1970 ipsi
2891 1901 2959 1959 ad
2987 1917 3108 1960 eam
3135 1906 3409 1976 pertinere
3444 1909 3673 1966 videan-

2065 1994 2172 2054 tur,
2203 1997 2259 2043 et
2299 1988 2399 2061 ipsi
2440 1990 2674 2048 habeant
2699 1992 3026 2053 catholicum
3057 2013 3257 2056 nomen
3282 2018 3298 2056 :
3321 2001 3418 2057 sed
3457 2003 3515 2059 in
3557 2003 3670 2061 ﬁne

2065 2082 2457 2150 prosecutionis
2505 2099 2618 2140 suae
2669 2101 2855 2142 rttrsus
2902 2087 2972 2144 de
3023 2104 3256 2160 persona
3306 2093 3555 2163 petitoris
3607 2104 3673 2152 ut

2065 2173 2167 2229 sibi
2213 2175 2652 2247 responderetur,
2691 2180 3117 2250 postulaverunt.
3159 2183 3261 2240 Hic
3287 2183 3556 2244 Catholici
3599 2187 3670 2245 ad

2065 2276 2354 2341 utrumque
2393 2271 2631 2329 breviter
2674 2275 3107 2345 responderunt;
3137 2285 3195 2334 et
3222 2279 3347 2351 quia
3376 2279 3446 2337 de
3470 2296 3672 2353 perso-

2064 2365 2152 2421 nis
2171 2364 2280 2436 iam
2309 2365 2483 2437 primo
2519 2376 2576 2423 et
2616 2367 2856 2425 secundo
2876 2369 3080 2441 iudicio
3107 2373 3336 2443 qumstio
3364 2373 3528 2431 fuerit
3556 2385 3670 2434 ter-

2065 2464 2301 2531 minata;
2330 2474 2384 2522 et
2408 2467 2532 2538 quia
2565 2465 2825 2524 Ecclesia}
2855 2476 2969 2525 toto
2998 2469 3132 2527 orbe
3157 2470 3368 2528 diffusa:
3390 2473 3478 2529 cui
3506 2474 3671 2531 testi-

2065 2559 2306 2615 monium
2347 2559 2594 2631 perhibet
2634 2562 2914 2634 Scriptura
2947 2563 3152 2633 divina,
3193 2565 3318 2636 ipsi,
3351 2581 3460 2622 non
3490 2567 3671 2625 Dona-

2065 2649 2226 2717 tistae,
2253 2652 2670 2721 communicant,
2704 2653 2847 2711 unde
2876 2654 3126 2711 catholici
3154 2657 3352 2714 merito
3378 2668 3436 2714 et
3463 2667 3596 2715 sunt
3614 2667 3670 2716 et

2066 2751 2350 2799 vocantur.
2385 2743 2676 2802 Donatistae
2701 2755 2880 2803 autem
2904 2747 3320 2819 responderunt,
3349 2765 3456 2806 non
3476 2750 3669 2808 catho-

2068 2833 2231 2891 licum
2273 2852 2470 2894 nomen
2510 2853 2579 2896 ex
2620 2839 2967 2898 universitate
3003 2843 3267 2914 gentium,
3313 2844 3409 2901 sed
3446 2861 3510 2902 ex
3545 2846 3668 2918 ple-

2067 2928 2312 2984 nitudine
2357 2929 2827 2988 Sacramentorum
2871 2934 3174 3012 institutum
3204 2953 3218 2991 :
3246 2945 3303 2992 et
3354 2939 3670 3009 petiverunt

2067 3031 2127 3077 ut
2159 3022 2448 3092 probarent
2470 3025 2732 3082 Catholici
2759 3026 2862 3083 sibi
2892 3030 3291 3086 communicare
3310 3045 3500 3088 omnes
3529 3047 3671 3104 gen-

2067 3125 2150 3174 tes
2177 3117 2272 3191 (η).
2295 3119 2446 3187 Quod
2472 3120 2734 3178 Catholici
2773 3137 2897 3179 cum
2923 3124 3228 3194 gratissime
3247 3126 3580 3199 acciperent,
3610 3134 3668 3184 et

2067 3217 2312 3281 peterent
2336 3221 2394 3267 ut
2432 3211 2534 3268 hoc
2573 3213 2806 3285 probare
2835 3215 3307 3285 permitterentur;
3354 3233 3545 3274 rursus
3591 3218 3671 3277 illi

2065 3300 2134 3360 de
2188 3303 2439 3360 mandato
2487 3304 2601 3373 illo,
2653 3305 2798 3378 quod
2840 3306 3028 3378 legatis
3076 3307 3395 3379 iniunctum,
3424 3308 3511 3366 edi
3563 3309 3670 3367 sibi

2063 3395 2387 3466 petiverant,
2445 3397 2794 3468 quaestionem
2853 3398 3106 3456 refricare
3156 3409 3477 3472 cmperunt,
3521 3411 3584 3459 et
3636 3417 3669 3460 ι

2066 3500 2228 3542 causa
2256 3487 2535 3555 Ecclesia,
2560 3505 2680 3562 qua:
2695 3489 2806 3562 iam
2828 3489 2881 3546 in
2911 3490 3149 3548 medium
3178 3492 3511 3550 discutienda
3535 3510 3670 3567 per-

2063 3586 2319 3647 venerat,
2363 3579 2555 3636 iterum
2599 3581 2849 3651 resilire,
2900 3583 3062 3640 modo
3129 3584 3440 3642 mandatum
3491 3601 3661 3660 supra

2064 3669 2265 3727 dictum
2305 3672 2556 3743 petendo,
2602 3674 2765 3731 modo
2792 3674 2862 3732 de
2903 3677 3146 3748 petitoris
3173 3692 3407 3750 persona
3444 3686 3509 3736 ut
3535 3695 3668 3738 eon-

2064 3772 2232 3820 staret
2260 3764 2528 3834 instando,
2543 3766 2705 3823 modo
2728 3767 2863 3825 utde
2902 3767 2987 3824 his
3015 3768 3146 3840 ipsis
3170 3786 3290 3842 qua:
3304 3771 3667 3844 petierantiu-

2064 3856 2268 3913 dicaret
2282 3857 2553 3930 Cognitor,
2573 3859 2838 3931 exigendo
2858 3878 2873 3928 ;
2893 3861 2961 3918 de
2977 3862 3168 3933 quibus
3178 3862 3290 3934 iam
3310 3865 3473 3921 toties
3489 3863 3666 3923 fuerat

2064 3951 2429 4020 interlocutus,
2448 3962 2502 4010 et
2521 3968 2615 4010 eos
2642 3955 2730 4010 illa
2753 3956 2948 4012 frustra
2979 3965 3161 4027 petere
3187 3959 3658 4028 pronuntiaverat.

2136 4045 2360 4104 CAPUT
2400 4048 2489 4104 IV.
2513 4079 2584 4089 —
2607 4049 2662 4105 4.
2702 4049 2809 4106 Sed
2849 4047 3128 4122 Cognitor,
3174 4065 3482 4122 quanquam
3510 4053 3660 4111 vide-

2063 4149 2251 4196 rentur
2278 4156 2384 4196 non
2415 4150 2564 4197 recte
2594 4148 2777 4211 petere
2802 4141 2889 4198 edi
2918 4143 3021 4198 sibi
3064 4142 3375 4198 mandatum
3400 4144 3546 4215 quod
3585 4146 3662 4203 le-

2062 4233 2199 4305 gatis
2221 4233 2514 4304 injunctum
2536 4244 2652 4301 est;
2682 4234 2828 4304 quia,
2860 4233 2913 4290 id
2940 4234 3082 4306 quod
3107 4235 3410 4291 sufficiebat
3435 4237 3503 4294 ad
3529 4252 3659 4295 cau-

2063 4339 2199 4392 sam,
2246 4325 2594 4382 Collationem
2637 4326 2855 4395 petitam
2884 4329 3657 4398 concessamque,constabat;

2061 4433 2170 4473 non
2212 4417 2260 4474 ei
2291 4426 2468 4475 tamen
2493 4418 2790 4486 videbatur,
2821 4419 3020 4490 injuste
3054 4420 3173 4476 illos
3204 4429 3389 4491 petere
3432 4432 3494 4479 ut
3518 4425 3656 4495 peti-

2061 4511 2195 4567 toris
2238 4525 2466 4581 persona
2509 4521 2800 4568 constaret.
2843 4511 3106 4570 Catholici
3152 4521 3334 4568 autem
3383 4515 3650 4582 videntes,

2061 4602 2202 4674 quod
2225 4603 2335 4674 iam
2365 4602 2468 4658 sibi
2497 4602 2671 4660 fuerat
2698 4613 2854 4660 antea
2895 4606 3191 4661 nuntiatum
3222 4604 3297 4677 (et
3323 4606 3428 4663 hoc
3466 4624 3652 4666 eorum

2059 4695 2356 4750 intentione
2383 4695 2513 4749 satis
2543 4696 2949 4771 intelligebant),
2997 4713 3104 4753 non
3147 4697 3218 4753 ob
3246 4698 3394 4756 aliud
3432 4699 3652 4759 Donati-a

2059 4795 2172 4843 stas
2215 4801 2470 4858 personas
2497 4803 2740 4859 qureret‘e
2780 4791 3088 4861 petitorum,
3131 4790 3234 4846 nisi
3277 4801 3336 4848 ut
3363 4793 3554 4851 liceret
3578 4797 3654 4853 eis

2059 4893 2410 4950 personarum
2436 4878 2770 4936 discussione
2795 4880 3133 4954 longissimas
3159 4889 3463 4955 temporum
3493 4897 3552 4943 et
3574 4889 3654 4944 di-

2059 4969 2318 5026 lationum
2346 4985 2523 5026 moras
2549 4970 2818 5040 inserere;
2847 4973 3099 5043 quoniam
3123 4974 3477 5034 vehementer
3504 4980 3654 5038 nole-

2056 5063 2186 5120 bant
2212 5074 2268 5120 ut
2297 5065 2669 5136 perveniretur
2692 5064 2760 5121 ad
2782 5079 3022 5135 causam,
3066 5067 3120 5124 in
3146 5083 3250 5139 qua
3289 5084 3351 5126 se
3390 5070 3523 5128 nihil
3554 5073 3649 5128 ha-

2057 5156 2189 5213 bere
2231 5155 2374 5228 quod
2404 5157 2664 5224 dicerent,
2714 5157 2855 5214 sicut
2896 5174 2984 5216 res
3024 5159 3138 5230 ipsa
3177 5161 3260 5216 vel
3303 5176 3429 5218 sero
3465 5176 3650 5236 postea

2058 5249 2326 5321 patefecit,
2377 5250 2689 5320 plenissime
2732 5251 2975 5308 sciebant
3017 5271 3032 5309 :
3074 5253 3178 5310 hoc
3224 5270 3355 5327 ergo
3406 5257 3648 5316 videntes

2055 5342 2338 5409 Catholici,
2379 5343 2666 5399 noluerunt
2692 5359 2977 5416 personam
3023 5347 3300 5419 suscipere
3337 5350 3644 5419 petitorum,

2057 5443 2360 5493 asserentes
2397 5450 2507 5492 non
2548 5451 2608 5493 se
2635 5436 2871 5507 obiicere
2897 5438 3141 5507 crimina,
3169 5439 3267 5496 sed
3309 5441 3522 5514 obiecta
3551 5442 3646 5500 de-

2055 5528 2302 5599 fendere;
2327 5547 2447 5602 qua:
2468 5546 2590 5587 cum
2616 5529 3006 5602 defendissent,
3033 5543 3090 5590 et
3113 5531 3248 5593 falsa
3270 5549 3397 5595 esse
3421 5535 3646 5596 demon-

2119 5685 2193 5750 (a)
2223 5683 2394 5737 confer
2419 5684 2666 5749 Augustini
2691 5685 2835 5749 epist.
2852 5685 2932 5749 93,
2952 5699 3002 5737 n.
3025 5684 3104 5738 23.
