3778 6134
129 331 255 389 ωδ

131 449 431 511 strassent,
484 446 877 512 consequenter
927 449 1022 493 eos
1067 451 1325 508 apparere
1375 437 1466 509 qui
1504 436 1634 499 sint.
1682 443 1738 493 ct

129 543 350 605 quanta
381 532 664 604 iniquitate
701 545 762 587 se
785 528 854 586 ab
878 527 1082 585 unitate
1109 528 1406 585 diviserint.
1437 528 1535 585 llic
1557 528 1736 584 Dona-

131 629 292 684 tistae
335 625 667 694 asserebant,
716 635 1051 696 quocumque
1094 621 1255 679 modo
1301 622 1461 678 etiam
1498 619 1566 676 de
1608 620 1738 690 ipsis

132 719 467 777 criminibus
492 733 612 790 qua:
638 716 839 773 vellent
863 715 1092 780 diluere,
1121 713 1265 770 ultro
1300 712 1558 771 Catholici
1582 726 1739 783 coge-

137 820 268 870 rent
310 811 412 868 sibi
437 808 776 866 adversarios
814 805 1164 878 respondere,
1191 804 1478 876 petitorum
1523 817 1618 859 eos
1645 801 1740 857 ha-

134 901 276 959 bere
305 914 609 974 personam.
651 897 760 956 Sed
785 896 1046 955 Catholici
1082 895 1500 967 respondebant,
1527 893 1596 949 ad
1636 891 1738 948 hoc

132 1008 198 1050 se
230 993 438 1063 petisse
463 990 838 1057 Collationem,
869 1003 976 1044 non
1011 987 1103 1043 ubi
1141 986 1437 1056 objicerent
1464 982 1735 1048 diluenda,

132 1086 240 1143 sed
296 1085 390 1143 ubi
429 1085 639 1154 objecta
687 1081 955 1139 diluerent
984 1099 999 1136 :
1029 1078 1281 1150 quoniam
1324 1085 1381 1133 et
1429 1075 1739 1132 mandatum

131 1176 548 1234 Donatistarum
577 1174 834 1230 adversus
863 1169 1150 1227 traditores
1177 1177 1233 1226 et
1263 1176 1633 1240 persecutores
1656 1165 1738 1220 fa-

133 1278 295 1325 ctum
319 1277 474 1334 erat;
501 1275 558 1323 et
579 1265 743 1324 verba
770 1263 1045 1330 Primiani,
1075 1261 1290 1334 quando
1313 1261 1460 1330 prius
1487 1274 1516 1313 a
1541 1257 1742 1314 Catho-

136 1360 262 1416 licis
309 1359 380 1416 de
415 1356 714 1415 Collatione
761 1361 1056 1412 conventus
1094 1362 1200 1420 est,
1247 1351 1452 1407 crimen
1493 1350 1572 1406 eis
1614 1364 1740 1405 eum

137 1450 390 1521 objicere
417 1448 771 1512 testabantur,
816 1445 906 1500 ubi
931 1443 1160 1515 dixerat,
1189 1440 1470 1513 Indignum
1499 1447 1573 1495 est
1607 1440 1742 1494 utin

136 1558 309 1598 unum
349 1541 648 1597 conveniant
691 1539 788 1610 ﬁlii
816 1545 1096 1608 martyrum
1137 1544 1185 1590 et
1224 1533 1488 1606 progenies
1526 1531 1740 1586 tradito-

139 1651 264 1689 rnnt
291 1633 371 1706 (α)
401 1651 417 1689 :
448 1642 504 1689 et
531 1631 776 1704 quamvis
811 1639 939 1686 tunc
965 1626 1212 1684 conferre
1250 1626 1529 1692 noluisset,
1559 1632 1743 1695 postea

139 1737 330 1783 tamen
379 1726 435 1782 in
473 1724 676 1797 judicio
721 1721 1096 1794 praefectorum
1135 1734 1197 1775 se
1236 1716 1411 1774 audiri
1457 1725 1514 1774 et
1551 1715 1744 1772 discuti

140 1819 290 1876 velle
312 1818 542 1874 dixerat.
571 1816 742 1884 Quem
777 1828 967 1871 eorum
993 1811 1065 1868 de
1101 1809 1396 1866 Collatione
1421 1821 1743 1864 consensum

141 1917 402 1967 tenentes
428 1906 711 1976 Catholici,
756 1904 860 1962 hoc
884 1915 946 1960 ut
977 1902 1132 1960 ﬁeret
1156 1901 1225 1958 ab
1254 1901 1581 1971 lmperatore
1607 1897 1744 1970 peti-

143 2012 366 2062 verant.

217 2099 279 2155 5.
319 2096 474 2154 Tunc
491 2095 653 2168 jussit
689 2108 785 2150 eos
813 2089 1069 2163 Cognitor
1105 2088 1314 2159 objecta
1353 2100 1383 2140 a
1422 2099 1482 2142 se
1523 2083 1747 2140 crimina

141 2193 259 2265 jam
287 2190 540 2264 probare,
571 2202 675 2244 nec
701 2185 772 2242 de
799 2185 964 2256 petita
987 2179 1284 2238 Collatione
1310 2192 1590 2250 personam
1614 2176 1749 2246 peti-

147 2285 295 2342 toris
332 2281 562 2348 ostendi,
607 2279 655 2335 si
693 2279 854 2335 etiam
886 2277 1097 2347 utrique
1133 2275 1331 2346 petisse
1367 2271 1744 2342 probarentur.

147 2375 251 2432 llic
282 2373 578 2431 Donatista:
600 2369 892 2427 identidem
917 2375 1098 2438 petere
1123 2371 1421 2436 coeperunt,
1453 2371 1510 2418 ut
1535 2362 1601 2418 de
1626 2376 1749 2432 per-

151 2481 291 2523 sona
321 2464 714 2537 pronuntiaret.
743 2461 813 2517 Et
838 2458 1205 2533 pronuntiavit
1232 2456 1507 2528 Cognitor,
1535 2454 1744 2522 dicens,

148 2559 197 2616 si
251 2557 612 2614 Collationem
664 2569 791 2627 pars
841 2562 1066 2622 utraque
1111 2550 1408 2622 petivisset,
1455 2563 1577 2604 eum
1627 2561 1748 2602 esse

149 2651 442 2721 petitorem
470 2648 561 2720 qui
586 2647 812 2703 crimina
837 2643 1115 2714 objiceret.
1157 2640 1225 2696 Et
1248 2646 1540 2710 exegerunt
1570 2637 1748 2692 Dona-

156 2746 320 2810 tistze,
352 2748 414 2797 ut
438 2737 756 2812 probaretur
779 2751 811 2791 a
844 2732 1160 2798 Catholicis,
1191 2740 1370 2786 utrum
1395 2727 1747 2784 Collationem

155 2835 376 2905 utrique
407 2831 712 2904 petiverint.
755 2827 856 2886 Ubi
893 2825 1148 2898 Cognitor
1187 2837 1312 2879 cum
1353 2821 1597 2885 dixisset,
1635 2818 1749 2874 Hoc

159 2925 414 2982 Catholici
442 2924 656 2996 probare
680 2919 964 2985 debebunt;
988 2926 1139 2973 ortus
1166 2923 1250 2972 est
1288 2914 1482 2969 iterum
1510 2921 1748 2966 morato-

157 3020 269 3075 rius
297 3016 582 3076 conﬂictus
617 3015 686 3071 de
708 3011 972 3070 catholico
997 3008 1214 3065 nomine
1256 3015 1309 3062 et
1348 3004 1746 3062 Donatistarum

158 3120 212 3167 et
235 3108 735 3168 Ctecilianistarum.
777 3100 985 3163 Deinde
1012 3099 1323 3156 obtulerunt
1361 3095 1623 3152 Catholici
1651 3109 1746 3166 ge~

157 3211 240 3258 sta
286 3200 472 3257 habita
515 3200 569 3255 in
593 3197 796 3270 judicio
839 3192 1192 3266 praefectura},
1243 3190 1434 3262 quibus
1464 3187 1752 3260 probarent

159 3295 321 3356 etiam
348 3293 654 3350 Donatistas
689 3287 1044 3345 Collationem
1069 3283 1291 3355 petisse.
1320 3280 1451 3350 Quae
1489 3284 1610 3335 eum
1635 3279 1752 3349 jus-

157 3387 319 3444 sisset
352 3383 609 3456 Cognitor
646 3379 888 3444 recitari;
927 3390 1114 3432 rursus
1154 3373 1232 3429 illi
1271 3371 1337 3428 ad
1365 3369 1630 3442 praeterita
1659 3384 1750 3425 re-

159 3478 398 3546 dierunt,
437 3486 493 3533 et
521 3476 590 3532 de
626 3475 712 3531 his
746 3480 805 3528 ut
831 3469 1199 3543 pronuntiaret
1235 3463 1488 3536 Cognitor
1513 3462 1752 3535 ﬂagitare

160 3577 468 3643 creperum,
499 3568 568 3624 de
582 3566 774 3639 quibus
801 3564 960 3620 toties
985 3560 1445 3636 pronuntiaverat,
1470 3556 1523 3613 id
1551 3564 1656 3625 est,
1683 3555 1753 3612 de

162 3675 396 3733 persona
424 3667 480 3716 et
515 3658 584 3715 de
608 3655 861 3713 mandato
882 3655 1199 3726 legatorum,
1227 3648 1370 3722 quod
1408 3648 1507 3704 sibi
1537 3657 1596 3703 ut
1619 3646 1751 3704 ede.

161 3764 310 3811 retur
336 3753 496 3810 toties
527 3748 798 3821 superﬂuo
826 3746 1241 3819 postulaverant.
1274 3743 1388 3798 Hoc
1415 3751 1594 3797 autem
1627 3754 1754 3812 age-

163 3846 311 3914 bant,
342 3854 599 3919 quantum
631 3841 1044 3914 intelligebatur,
1073 3838 1322 3894 timentes
1345 3851 1415 3892 ne
1441 3843 1588 3907 gesta
1617 3848 1754 3904 prae-

163 3939 384 3996 fectoria
440 3938 780 4008 legerentur,
835 3931 925 3989 ubi
971 3945 1124 3988 suam
1168 3943 1384 3984 causam
1436 3924 1754 3998 quibusdam

163 4031 576 4088 inconsideratis
620 4038 675 4084 et
704 4024 1005 4084 temerariis
1033 4021 1473 4094 responsionibus
1501 4020 1752 4076 vulnera-

165 4133 376 4182 verant.
404 4123 503 4178 Diu
534 4122 714 4192 itaque
737 4118 1101 4176 conﬂictatum
1130 4123 1210 4171 est
1240 4113 1309 4169 ab
1328 4115 1426 4178 eis,
1445 4121 1497 4169 et
1521 4113 1754 4168 maxime

165 4233 286 4274 cum
313 4219 433 4289 ipso
455 4214 774 4286 Cognitore;
803 4227 926 4268 cum
959 4210 1058 4282 ipsi
1089 4217 1333 4280 peterent
1357 4207 1444 4263 edi
1473 4205 1576 4262 sibi
1603 4221 1754 4262 man-

167 4309 350 4366 datum
392 4307 580 4380 legatis
621 4306 938 4376 injunctum,
982 4309 1074 4358 aut
1097 4301 1476 4373 pronuntiaret
1518 4313 1612 4354 eos
1652 4298 1754 4354 hoc

169 4399 439 4472 superﬂuo
486 4399 737 4470 petivisse
770 4414 784 4452 :
837 4396 924 4450 ille
965 4401 1144 4448 autem
1185 4399 1241 4447 et
1283 4390 1654 4463 pronuntiasse
1695 4402 1755 4446 se

170 4491 394 4560 diceret,
437 4501 491 4548 et
514 4489 882 4562 pronuntiaret
909 4486 1012 4542 hoc
1042 4484 1262 4540 omnino
1287 4482 1353 4538 ad
1380 4496 1617 4553 praesens
1645 4495 1753 4536 non

172 4585 437 4656 pertinere
455 4582 732 4653 judicium,
752 4580 842 4636 ubi
853 4578 1212 4634 deelararetur
1229 4574 1591 4646 imperialibus
1614 4573 1754 4629 litte-

173 4676 246 4731 ris
277 4674 403 4746 quid
430 4673 653 4744 petitum
681 4678 826 4727 esset
851 4667 1045 4740 quidve
1068 4681 1405 4723 concessum.
1450 4665 1516 4720 Et
1541 4663 1752 4719 tandem

175 4767 456 4841 aliquando
480 4765 546 4821 ad
568 4765 776 4836 iussum
801 4761 918 4834 ejus
947 4767 1221 4832 cceperant
1243 4769 1390 4832 gesta
1420 4756 1754 4829 praefectoria

175 4861 403 4916 recitari.
456 4858 694 4926 Quorum
750 4863 1023 4926 gestorum
1066 4868 1188 4908 cum
1238 4852 1354 4908 dies
1403 4860 1458 4906 et
1507 4850 1754 4906 consules

178 4949 398 5007 fuissent
436 4948 643 5005 recitati
674 4946 776 5019 (b),
802 4945 1054 5002 continuo
1069 4959 1251 5000 rursus
1267 4943 1555 4998 Donatista:
1585 4943 1752 4998 inter-

179 5049 454 5113 rnperunt,
481 5049 535 5096 et
561 5036 748 5094 eadem
781 5035 873 5091 illa
911 5035 1179 5106 praeterita
1209 5048 1430 5104 poscere
1451 5041 1750 5104 coeperunt.

175 5128 276 5185 Sed
303 5143 426 5186 cum
453 5125 708 5197 Cognitor
734 5123 1202 5192 interloqueretur,
1249 5121 1450 5174 debere
1493 5127 1640 5189 gesta
1669 5132 1757 5174 re-

180 5223 349 5288 citari,
378 5229 438 5276 ut
477 5218 546 5274 de
575 5216 816 5289 petitoris
845 5228 1076 5287 persona
1120 5221 1422 5277 constaret;
1453 5211 1528 5266 illi
1569 5219 1757 5267 contra

209 5312 244 5368 b
271 5313 420 5369 initio
459 5318 739 5382 coeperunt
789 5307 988 5373 dicere,
1032 5319 1153 5361 esse
1196 5313 1341 5376 gesta
1389 5303 1589 5375 priora,
1638 5317 1758 5373 quae

192 5402 433 5462 deberent
459 5403 640 5475 potius
666 5399 900 5458 recitari.
941 5398 1137 5454 Contra
1166 5412 1198 5453 a
1235 5395 1524 5452 Catholicis
1555 5395 1758 5452 dictum

231 5571 299 5632 (α)
334 5570 451 5620 Vide
474 5562 723 5632 infra,lib.
749 5567 860 5626 post
876 5560 1310 5632 collationem,_un.
1338 5559 1385 5619 i,
1599 5631 1605 5632 γ

235 5620 302 5696 ξιὴ
334 5638 385 5682 tn
428 5620 682 5696 collat.'-5,
721 5620 827 5696 cap.
870 5625 975 5682 141,
1000 5637 1029 5672 a
1054 5620 1254 5696 ttar‘tiali
1272 5630 1536 5696 exceptare
1557 5620 1755 5696 recitari

203 5680 312 5758 αἷῥῇ
337 5680 412 5744 2".
433 5680 718 5753 Exemplum
755 5680 970 5736 actorum
1002 5686 1093 5734 sub
1123 5683 1208 5733 die
1242 5680 1650 5735 tertio'calendas
1683 5680 1756 5730 fe-

203 5757 435 5807 ibruarias
457 5762 716 5809 Ravennae,
737 5757 788 5799 ι).
815 5756 864 5797 N.
898 5748 1094 5809 Arcadio
1117 5754 1196 5797 PP.
1234 5753 1439 5809 Augusto
1463 5753 1514 5800 et
1535 5747 1688 5797 Probo
1707 5758 1754 5797 tv

187 5773 209 5803 ι
223 5757 435 5807 lit-uarias
457 5762 716 5810 Ravennte,
737 5757 788 5799 ι).
815 5757 864 5797 N.
898 5757 1094 5797 arcadio
1117 5757 1196 5797 PP.

188 5832 374 5888 smn
407 5818 453 5872 id
478 5824 573 5881 est,
601 5825 729 5866 anno
748 5812 915 5871 Christi
935 5808 1042 5861 ⁴406.

1008 317 1440 382 BREVICULUS
1476 317 1920 380 COLLATIONIS
1955 322 2098 383 CUM
2136 316 2558 386 DONATISTIS.

1842 446 1947 507 est,
1979 438 2101 496 ideo
2128 440 2246 496 illos
2278 442 2419 498 nolle
2463 451 2523 498 ut
2559 448 2706 513 gesta
2736 436 3066 513 prtefectoria
3097 443 3428 517 legerentur,

1841 531 1983 603 quod
2014 533 2064 588 in
2092 533 2173 589 eis
2194 537 2595 604 prosecutiones
2621 538 2864 610 proprias
2893 538 3260 599 formidarent.

1912 624 2141 683 CAPUT
2176 626 2243 681 ν.
2263 658 2336 670 -
2362 627 2416 684 6.
2455 622 2774 688 Obtulerunt
2801 646 2930 704 ergo
2958 632 3249 691 Donatistae
3277 641 3434 707 gesta

1845 719 2264 789 proconsularis,
2291 730 2345 776 et
2376 721 2589 778 vicariae
2627 724 2955 795 praefectura:
2981 725 3079 798 (a),
3113 728 3204 784 ubi
3232 728 3428 788 Catho-

1843 808 1932 864 lici
1962 810 2225 880 petierant
2271 825 2368 868 eos
2409 812 2542 869 actis
2587 815 2996 886 municipalibus
3039 818 3337 884 conveniri,
3369 831 3432 876 nt

1843 897 2140 958 Collatione
2172 911 2520 976 utrorumque
2562 905 2697 962 facta
2746 922 2899 963 error
2941 907 3010 964 de
3049 908 3228 966 medio
3269 908 3430 967 tolle-

1844 1001 2012 1060 retur,
2058 994 2216 1066 longe
2261 1005 2548 1068 antequam
2595 998 2762 1068 ipsam
2809 999 3162 1058 Collationem
3205 1002 3275 1058 ab
3325 1002 3430 1057 lm-

1843 1095 2094 1156 peratore
2120 1087 2434 1158 petivissent
2456 1108 2470 1145 :
2499 1099 2554 1146 et
2573 1090 2656 1147 bis
2675 1093 2840 1164 gestis
2857 1092 3161 1151 Catholicos
3181 1095 3432 1154 volebant

1845 1181 2151 1249 aStendere,
2201 1183 2322 1239 loco
2364 1184 2618 1242 assistere
2652 1187 2962 1257 petitorum,
3007 1189 3128 1259 quia
3176 1189 3288 1246 illic
3337 1205 3434 1247 eos

1844 1269 2092 1328 dixerant
2119 1274 2401 1344 Immites,
2448 1276 2613 1332 multa
2658 1288 2833 1333 contra
2859 1279 3056 1335 divinas
3087 1281 3220 1353 leges
3246 1283 3435 1337 huma-

1845 1377 2035 1434 nasque
2089 1367 2417 1423 committere.
2473 1368 2670 1424 Contra
2727 1370 2830 1426 hoc
2863 1371 3124 1428 Catholici
3163 1373 3434 1442 dicebant,

1846 1450 1968 1510 ideo
1991 1469 2053 1512 se
2084 1457 2244 1511 etiam
2274 1465 2401 1514 tunc
2441 1458 2710 1531 ﬂagitasse
2755 1460 3130 1531 Collationem,
3163 1473 3222 1520 ut
3248 1474 3437 1522 contra

1845 1559 2031 1601 eorum
2060 1546 2286 1605 crimina
2313 1565 2410 1621 pro
2434 1550 2673 1607 Ecclesia
2695 1554 3104 1624 responderent.
3134 1556 3318 1630 Itaque
3343 1575 3439 1630 pe-

1847 1640 2080 1696 tiverunt
2107 1643 2322 1714 saepius,
2353 1651 2412 1699 ut
2439 1645 2482 1700 si
2510 1660 2571 1700 ea
2600 1655 2748 1717 gesta
2777 1647 3055 1704 recitanda
3082 1661 3281 1716 essent,
3315 1668 3436 1723 quae

1847 1733 2026 1803 priora
2050 1747 2170 1789 esse
2196 1743 2501 1800 constaret;
2530 1737 2615 1791 illa
2647 1738 2825 1809 petius
2851 1740 3177 1811 legerentur,
3207 1742 3296 1798 ubi
3325 1744 3437 1799 Do-

1849 1826 2058 1881 natistae
2099 1828 2346 1897 primitus
2393 1844 2608 1885 causam
2635 1830 2906 1887 Cmciliani
2945 1832 3013 1889 ad
3053 1833 3437 1906 imperatorem

1848 1918 2252 1976 Constantinum
2286 1937 2383 1992 per
2410 1921 2697 1978 Anulinum
2732 1925 3105 1994 proconsulem
3133 1927 3437 1984 accusando

1848 2011 2110 2067 miserunt
2141 2029 2155 2066 :
2189 2013 2531 2084 recitatisque
2571 2015 2736 2085 gestis
2764 2031 2883 2086 quae
2925 2016 3028 2088 ipsi
3069 2018 3436 2088 proferebant,

1849 2117 1957 2158 non
1986 2111 2111 2159 sunt
2139 2107 2358 2160 recitata
2384 2106 2471 2159 illa
2501 2120 2620 2177 quae
2643 2107 2782 2177 apud
2813 2106 3095 2178 praefectos
3123 2108 3298 2165 habita
3325 2110 3439 2180 jam

1849 2203 2125 2265 coeperant
2152 2196 2384 2251 recitari.
2413 2197 2482 2251 Et
2507 2198 2668 2268 erepit
2693 2213 2814 2254 esse
2832 2198 3130 2266 conﬂictus,
3162 2210 3222 2256 ut
3247 2203 3294 2257 si
3318 2217 3443 2273 pro-

1851 2296 2030 2358 pterea
2062 2297 2207 2358 gesta
2235 2304 2355 2359 quae
2383 2289 2674 2344 Donatistae
2703 2292 3036 2362 protulerant
3066 2293 3284 2363 praelata
3311 2304 3441 2350 sunt

1851 2381 2017 2450 gestis
2042 2395 2161 2451 qua:
2189 2379 2482 2437 Catholicis
2503 2383 2707 2452 prolata
2733 2382 2966 2450 fuerant,
2993 2384 3115 2454 quia
3143 2385 3319 2456 priora
3349 2401 3441 2442 re-

1854 2482 2003 2542 perta
2041 2482 2188 2539 sunt,
2228 2482 2284 2528 ut
2311 2475 2424 2545 ipsa
2453 2476 2628 2545 potius
2665 2477 3049 2546 recitarentur;
3093 2479 3282 2535 saltem
3323 2490 3444 2551 post

1853 2566 2090 2638 ipsorum
2135 2568 2500 2624 recitationem
2549 2571 2905 2626 recitarentur
2945 2572 3105 2628 etiam
3151 2573 3240 2627 illa
3283 2573 3442 2644 longe

1856 2658 2062 2727 priora,
2108 2660 2197 2713 ubi
2239 2674 2333 2715 eos
2378 2670 2663 2730 appareret
2711 2663 2762 2717 in
2813 2663 2915 2718 hac
2955 2670 3064 2718 tota
3112 2679 3275 2720 causa
3321 2681 3443 2736 qua:

1851 2753 2120 2823 agebatur,
2163 2753 2404 2822 primitus
2426 2763 2767 2810 accusatores
2787 2757 3055 2812 exstitisse
3085 2771 3180 2827 per
3204 2771 3441 2828 procon-

1853 2843 2023 2898 sulcm
2063 2843 2202 2914 apud
2229 2843 2635 2913 Imperatorem.
2662 2845 2766 2900 ista
2811 2861 2938 2916 ergo
2966 2861 3034 2902 nc
3059 2848 3438 2918 recitarentur,

1851 2935 2201 2991 vehementer
2228 2937 2519 2992 Donatista:
2557 2937 2986 3005 obluctabantur,
3015 2938 3196 2994 multis
3224 2947 3278 2994 et
3302 2938 3446 2994 mul-

1855 3027 2120 3098 tiplicibus
2151 3029 2612 3098 prosecutionibus
2643 3030 2979 3096 resistentes,
3019 3030 3160 3087 sicut
3183 3030 3444 3087 obluctati

1855 3121 2064 3176 fuerant
2088 3129 2142 3176 et
2167 3130 2504 3177 extorserant
2529 3138 2597 3177 ne
2636 3123 2722 3177 illa
2749 3123 3082 3192 praefoctoria
3112 3125 3443 3196 legerentur.

1857 3215 1915 3269 ln
1941 3214 2041 3271 hac
2067 3224 2244 3270 autem
2273 3215 2637 3272 obluctatione
2667 3231 2810 3286 Stepe
2837 3215 3152 3286 repetebant
3175 3216 3305 3272 illud
3327 3216 3444 3287 jam

1854 3306 2130 3375 detritum,
2176 3316 2229 3363 et
2260 3315 2338 3361 tot
2378 3307 2879 3363 interlocutionibus
2922 3306 3226 3378 Cognitoris
3261 3309 3445 3379 repul-

1855 3415 1996 3466 sum,
2022 3398 2091 3453 de
2116 3397 2365 3453 mandato
2400 3399 2694 3469 legatorum
2722 3399 2821 3453 sibi
2847 3397 3076 3454 edendo.
3107 3398 3444 3470 Repetebant

1856 3494 2016 3548 etiam
2056 3493 2426 3562 quaestionem,
2470 3507 2589 3561 quae
2632 3490 2805 3547 fuerat
2840 3491 2953 3562 jam
2996 3499 3121 3547 ante
3149 3499 3442 3562 transacta,

1857 3587 2046 3643 Utrum
2073 3586 2394 3642 testimoniis
2424 3585 2600 3657 Legis,
2629 3601 2697 3642 an
2739 3585 2964 3656 publicis
2993 3588 3154 3657 gestis
3178 3584 3444 3642 Catholici

1858 3693 2018 3749 agere
2058 3679 2295 3733 mallent.
2328 3678 2395 3733 Et
2423 3677 2692 3746 dicebant,
2736 3687 2796 3734 ut
2839 3684 2884 3733 si
2913 3679 3216 3735 testimonia
3245 3679 3442 3738 divina:

1858 3773 2014 3845 Legis
2053 3773 2332 3845 eligerent,
2361 3772 2599 3828 facerent
2642 3772 2882 3827 omnium
2907 3772 3083 3844 legum
3111 3773 3444 3845 publicarum

1857 3879 2234 3942 gestorumque
2251 3867 2547 3938 jacturam;
2592 3867 2638 3922 si
2680 3875 2857 3924 autem
2900 3867 3121 3938 publicis
3158 3866 3363 3940 legibus
3388 3876 3449 3925 et

1857 3964 2020 4036 gestis
2057 3979 2216 4034 agere
2254 3963 2429 4032 potius
2436 3961 2678 4031 ,vellent,
2716 3963 3026 4017 omitterent
3062 3961 3240 4017 divina
3275 3958 3448 4017 docu-

1859 4066 2058 4114 menta.
2105 4056 2173 4112 Et
2207 4063 2384 4110 tamen
2423 4054 2468 4110 si
2511 4053 2614 4108 hoc
2640 4054 2900 4124 eligerent
2927 4052 3209 4118 Catholici,
3253 4061 3311 4108 ut
3339 4067 3442 4123 pu-

1859 4149 2115 4204 blicorum
2146 4155 2419 4218 gestorum
2447 4145 2780 4200 docttmentis
2807 4143 2980 4214 potius
3018 4153 3258 4217 agerent,
3289 4143 3444 4200 dice-

1857 4240 1984 4296 bant
2008 4253 2066 4294 se
2095 4239 2386 4294 Donatista:
2411 4251 2510 4292 nec
2534 4236 2636 4291 hoc
2661 4235 3036 4307 permissuros,
3081 4243 3136 4290 ut
3170 4250 3232 4291 ea
3263 4251 3381 4306 qua:
3408 4252 3444 4294 a

1857 4330 2145 4387 Catholicis
2188 4329 2546 4384 offerebantur
2588 4336 2737 4398 gesta
2789 4328 3132 4398 legerentur;
3188 4342 3254 4383 eo
3295 4327 3444 4398 quod

1859 4423 2119 4478 haberent
2174 4419 2405 4475 validam
2454 4418 2710 4490 temporis
2756 4419 3234 4490 praescriptionem,
3293 4421 3446 4479 illam

1858 4516 2081 4582 scilicet,
2111 4513 2179 4570 de
2206 4528 2308 4584 qua
2356 4513 2434 4569 eis
2464 4511 2634 4567 fuerat
2672 4510 3005 4569 sufﬁcienter
3043 4522 3099 4569 et
3133 4529 3162 4568 a
3209 4513 3450 4570 Catholi-

1859 4609 1959 4676 cis,
2004 4616 2059 4663 et
2096 4607 2162 4663 ab
2219 4606 2336 4676 ipso
2376 4605 2664 4677 Cognitore
2710 4619 3052 4676 responsum,
3102 4607 3224 4678 quia
3273 4605 3444 4676 ipsnm

1859 4715 2076 4758 causam
2105 4700 2310 4770 lapsam
2337 4708 2391 4755 et
2428 4699 2514 4769 agi
2534 4700 2646 4767 jam
2677 4713 2782 4754 non
2821 4712 2980 4768 posse
3017 4697 3287 4763 dicebant,
3321 4698 3449 4768 quia

1859 4793 1975 4850 dies
2021 4793 2302 4848 transierat
2350 4806 2456 4864 quo
2500 4806 2713 4847 menses
2750 4799 2978 4862 quatuor
3021 4791 3449 4862 complerentur.

1860 4887 2219 4942 Vehementer
2247 4883 2388 4939 enim
2413 4898 2507 4939 eos
2534 4883 2723 4939 timere
2755 4883 3065 4953 apparebat,
3097 4898 3166 4939 ne
3193 4892 3343 4954 gesta
3369 4882 3449 4937 le-

1861 4988 2128 5050 gerentur,
2159 4976 2352 5048 quibus
2380 4976 2661 5031 doceretur
2686 4990 2717 5030 a
2747 4974 3040 5045 majoribus
3067 4990 3252 5032 eorum
3275 4976 3448 5032 Czcci-

1861 5070 2059 5125 lianum
2094 5067 2234 5138 apud
2272 5067 2654 5139 imperatorem
2703 5066 2948 5136 primitus
3006 5077 3347 5136 accusatum,
3393 5077 3452 5124 et

1862 5161 2055 5218 deinde
2067 5160 2280 5231 judiciis
2297 5167 2350 5215 et
2369 5158 2745 5215 ecclesiasticis
2765 5167 2820 5213 et
2837 5158 3201 5230 imperialibus
3227 5160 3450 5215 absolu-

1865 5263 1973 5310 tum
2002 5263 2161 5325 atque
2185 5261 2467 5325 purgatum
2495 5269 2508 5304 :
2539 5251 2641 5307 hoc
2665 5260 2768 5321 est,
2791 5267 2861 5307 ne
2885 5251 2998 5324 ipsa
3019 5267 3176 5309 causa
3206 5252 3450 5317 omnino,

1864 5354 2080 5418 propter
2112 5360 2272 5416 quam
2311 5352 2528 5401 ventum
2571 5343 2763 5412 fuerat,
2809 5355 3080 5417 ageretur,
3122 5345 3210 5401 ubi
3248 5358 3308 5400 se
3336 5345 3453 5400 evi-

1864 5439 2174 5496 dentissime
2199 5437 2438 5509 superari
2465 5452 2625 5508 posse
2665 5439 2989 5494 sentiebant.
3030 5437 3120 5494 Sic
3140 5445 3318 5493 autem
3345 5452 3451 5492 no-

1865 5532 2045 5588 lebant
2067 5539 2120 5586 et
2151 5529 2426 5596 timebant,
2455 5539 2513 5585 ut
2535 5530 2638 5586 hoc
2658 5531 2819 5586 etiam
2837 5529 3079 5586 confiteri
3101 5537 3445 5600 cogerentur,

1865 5625 2104 5683 dicentes
2130 5624 2272 5697 quod
2303 5624 2523 5694 sensim,
2557 5624 2611 5680 id
2631 5632 2734 5692 est,
2758 5623 3038 5696 paulatim,
3067 5621 3451 5688 inducerentur

1930 5807 2002 5872 (α)
2035 5805 2331 5860 Exhibentur
2352 5803 2472 5856 infra
2493 5804 2543 5856 in
2572 5802 2861 5871 Appendtce.
