3784 6138
396 303 498 360 637

393 419 710 486 in‘causam,
743 429 796 475 et
818 419 885 475 ad
913 434 1087 477 causae
1114 421 1324 478 interna
1362 422 1797 481 deducerentur:
1827 417 1969 492 quod

394 510 575 580 utique
617 521 804 582 optare
832 511 1111 581 deberem,
1143 515 1188 571 si
1217 530 1325 572 non
1365 516 1436 573 de
1475 517 1725 574 inanibus
1765 528 1820 576 et
1859 534 1981 576 mo-

390 604 603 659 ratoriis
633 604 1139 678 praescriptionibus,
1187 610 1282 668 sed
1325 610 1394 669 de
1421 611 1593 683 ipsius
1633 628 1811 671 causa:
1840 616 1979 672 veri-

389 701 496 750 tate
520 694 868 750 confiderent.

455 785 684 842 CAPUT
706 786 791 843 Vl.
815 819 887 830 --
910 790 967 846 7.
994 790 1189 850 Contra
1215 810 1344 866 ergo
1371 795 1636 854 Catholici
1659 813 1782 856 cum
1809 800 1973 858 vehe-

387 889 593 936 menter
617 895 939 941 conarentur
959 927 975 955 ,
1003 896 1060 942 ut
1081 888 1149 944 ad
1180 905 1394 947 causam
1419 896 1814 964 perveniretur,
1869 914 1977 969 quo

386 987 479 1027 eos
501 989 717 1043 prorsus
746 976 1198 1049 nollepervenire
1227 984 1535 1053 cernebant,
1574 989 1973 1058 respondebant

387 1072 561 1120 tamen
607 1067 798 1124 iterum
823 1080 985 1142 atque
1015 1073 1206 1130 iterum
1242 1076 1445 1132 eisdem
1476 1078 1606 1148 ipsis
1636 1095 1753 1150 qua:
1783 1081 1857 1136 illi
1887 1091 1970 1138 to-

386 1154 483 1210 ties
506 1156 616 1226 jam
649 1165 913 1218 transacta
940 1165 1273 1235 repetebant.
1304 1167 1370 1222 Et
1398 1169 1652 1239 quoniam
1681 1171 1788 1227 duo
1821 1184 1975 1231 erant

380 1264 499 1317 quae
524 1251 578 1304 in
607 1253 842 1310 medium
872 1269 1162 1324 venerant,
1196 1277 1358 1317 unum
1384 1262 1450 1318 de
1478 1264 1711 1322 editione
1735 1267 1973 1323 mandati

380 1344 522 1414 quod
564 1346 749 1418 legatis
780 1350 1074 1421 injunctum
1114 1365 1229 1422 est,
1274 1357 1502 1413 alterum
1549 1369 1723 1416 utrum
1778 1362 1973 1417 divinis

380 1437 720 1508 teSIimoniis,
743 1457 808 1496 an
825 1445 989 1513 gestis
1010 1447 1235 1515 publicis
1256 1448 1514 1508 Catholici
1531 1469 1690 1524 agere
1711 1456 1932 1512 mallent
1954 1475 1968 1525 ;

381 1527 447 1584 de
477 1531 711 1586 mandati
735 1533 881 1589 illius
906 1537 1142 1596 editione
1169 1551 1222 1597 et
1239 1542 1502 1602 Catholici
1533 1549 1968 1619 responderunt,

379 1635 486 1675 non
517 1621 584 1677 ad
615 1638 735 1690 eos,
791 1643 966 1698 neque
1011 1631 1077 1686 ad
1126 1646 1445 1704 praesentem
1491 1654 1709 1695 causam
1751 1643 1970 1698 omnino

377 1712 682 1784 pertinere;
710 1725 764 1772 et
789 1717 904 1790 ipse
931 1719 1188 1792 Cognitor
1207 1765 1222 1790 ,
1253 1727 1396 1796 quod
1422 1730 1620 1799 saepius
1658 1734 1970 1802 pronuntia—

376 1814 563 1871 verat,
603 1808 794 1866 iterum
825 1816 1224 1884 pronuntiavit,
1256 1819 1552 1890 legatorum
1602 1839 1883 1894 personam
1913 1835 1970 1883 et

373 1897 683 1955 mandatum
724 1903 867 1974 quod
907 1920 1262 1978 susceperunt
1305 1914 1524 1970 omnino
1552 1931 1612 1972 se
1653 1932 1760 1972 non
1809 1933 1967 1988 posse

374 1985 642 2046 discutere
659 2033 676 2059 ,
704 2001 759 2048 et
786 1995 855 2052 ab
881 2011 948 2052 eo
971 1999 1113 2069 quod
1156 2002 1258 2057 sibi
1287 2003 1582 2076 injunctum
1627 2018 1710 2064 est
1739 1985 1846 2064 non
1872 2011 1969 2067 de-

372 2077 503 2136 bere
530 2081 848 2142 discedere:
893 2090 1321 2163 quandoquidem
1354 2097 1486 2152 salis
1525 2099 1819 2169 apparebat
1861 2101 1965 2156 im-

372 2171 663 2240 perialibus
711 2177 904 2233 litteris
955 2182 1146 2251 quibus
1191 2184 1356 2254 iudex
1386 2187 1510 2245 huic
1565 2205 1742 2247 causa;
1792 2192 1968 2249 fuerat

370 2265 726 2336 constitutus,
761 2267 1111 2329 Collationem
1147 2275 1218 2331 ab
1256 2276 1584 2346 lmperatore
1627 2297 1961 2341 concessam.

371 2353 450 2411 De
486 2358 580 2414 illo
613 2368 790 2416 autem
821 2363 989 2420 altero
1009 2407 1024 2434 ,
1057 2367 1148 2423 ubi
1177 2371 1488 2439 quaerebant
1531 2375 1659 2446 quid
1698 2378 1958 2449 eligerent

369 2445 667 2518 Catholici,
697 2460 875 2509 utrum
919 2456 1098 2514 divina
1127 2459 1480 2534 documenta,
1537 2445 1605 2522 an
1656 2445 1807 2540 gesta
1853 2487 1954 2542 pu-

370 2536 508 2594 blica
534 2556 548 2607 ;
579 2542 773 2614 saepius
799 2543 1061 2604 Catholici
1105 2553 1529 2624 responderunt,
1579 2561 1626 2615 si
1662 2536 1962 2622 Donatista:

369 2625 649 2685 hominum
679 2633 902 2692 crimina
933 2654 1039 2694 non
1063 2641 1391 2714 objicerent,
1419 2663 1539 2718 quae
1558 2651 1704 2707 velut
1735 2655 1960 2712 tradito-

366 2717 514 2775 ribus
534 2721 768 2793 objicere
782 2742 1195 2801 consueverunt,
1221 2737 1317 2792 sed
1339 2717 1706 2800 tantummodo
1735 2747 1789 2802 id
1814 2765 1962 2819 qua:-

365 2820 577 2868 reretur
594 2856 609 2881 ,
635 2832 753 2888 quae
772 2860 787 2885 ,
817 2820 902 2877 vel
930 2823 1017 2878 ubi
1040 2835 1183 2882 esset
1210 2827 1474 2900 Ecclesia,
1501 2834 1634 2890 nihil
1661 2853 1720 2893 se
1747 2849 1959 2898 acturos

365 2902 596 2974 publicis
622 2910 787 2979 gestis
806 2952 820 2976 ,
849 2913 945 2968 sed
959 2914 1356 2987 Scripturarum
1386 2923 1687 2982 divinarum
1719 2938 1958 2988 tantum-

363 2995 528 3052 modo
560 3001 880 3058 testimoniis
909 3023 923 3059 :
953 3007 996 3062 si
1018 3017 1196 3065 autem
1232 3012 1287 3066 in
1316 3014 1403 3070 illa
1434 3016 1710 3076 hominum
1739 3037 1960 3081 accusa-

367 3083 517 3142 tione
543 3096 597 3144 et
626 3091 1000 3153 criminatione
1046 3101 1397 3170 persistercnt
1418 3147 1433 3172 ,
1475 3110 1597 3178 quia
1623 3121 1678 3168 et
1725 3113 1825 3184 ipsi
1855 3117 1959 3174 ista

363 3174 470 3248 nisi
520 3179 713 3238 talibus
756 3187 920 3256 gestis
949 3188 1319 3252 demonstrare
1374 3213 1482 3255 non
1535 3214 1787 3272 possent,
1840 3211 1958 3266 sine

363 3266 526 3327 dubio
555 3282 611 3329 et
636 3275 942 3335 Catholicos
968 3281 1271 3354 hujusmodi
1297 3291 1521 3348 crimina
1536 3266 1706 3364 gestis
1732 3266 1957 3367 publicis

364 3361 713 3435 defensuros;
751 3370 910 3428 aliter
939 3375 1081 3430 enim
1113 3377 1213 3433 ista
1244 3396 1345 3437 nec
1379 3385 1620 3441 accusari
1658 3397 1905 3458 poterant
1936 3434 1952 3460 ,

360 3468 463 3553 nec
492 3456 722 3514 defendi.
754 3461 881 3519 llaec
905 3465 984 3521 eis
1003 3469 1198 3539 sa‘pius
1215 3480 1268 3526 et
1293 3488 1323 3526 a
1343 3472 1633 3534 Catholicis
1659 3456 1714 3535 et
1741 3479 1810 3536 ab
1837 3456 1956 3553 ipso

360 3533 651 3618 Cognitore
691 3555 918 3622 repetita
945 3567 1000 3612 et
1029 3533 1292 3618 inculcata
1317 3576 1478 3636 sunt,
1506 3571 1688 3626 multis
1715 3581 1770 3628 et
1792 3533 1955 3630 variis

359 3639 533 3695 modis
553 3643 835 3700 multarum
855 3653 1289 3718 prosecutionqu
1307 3657 1412 3714 illis
1427 3659 1494 3714 ad
1515 3662 1702 3719 eadem
1723 3665 1956 3723 redeun-

359 3729 502 3786 tibus
520 3773 536 3800 ,
563 3742 619 3788 et
645 3735 830 3792 eadem
870 3745 1234 3812 repetentibus
1253 3788 1270 3816 ,
1301 3765 1370 3806 ne
1395 3763 1646 3822 ageretur
1671 3772 1831 3816 causa
1850 3802 1866 3829 ,
1899 3771 1953 3818 et

359 3835 430 3875 ne
449 3831 596 3892 gesta
626 3823 930 3902 legerentur
960 3847 1079 3902 quae
1099 3835 1210 3904 jam
1238 3839 1292 3893 in
1332 3843 1578 3901 manibus
1603 3862 1724 3905 esse
1767 3867 1956 3908 cerne-

359 3908 508 3966 bant.
537 3912 642 3969 Sed
665 3916 949 3988 aliquando
978 3923 1102 3980 vicit
1132 3926 1390 4000 Cognitor
1436 3942 1542 3990 tam
1578 3937 1762 4010 longas
1789 3941 1957 4000 obsti-

360 4003 626 4075 nationes,
644 4015 700 4063 et
719 4008 884 4080 jussit
903 4015 1115 4073 recitari
1134 4035 1255 4090 qua:
1275 4036 1306 4077 a
1330 4022 1623 4085 Catholicis
1646 4003 1768 4088 data
1793 4045 1951 4105 sunt;

359 4101 416 4151 et
439 4099 599 4169 cmpit
621 4101 831 4160 tandem
859 4107 944 4179 agi
965 4124 1142 4181 causa,
1177 4125 1400 4188 propter
1428 4135 1585 4194 quam
1611 4133 1689 4181 tot
1714 4099 1954 4203 episcOpi

357 4189 528 4260 partis
557 4194 836 4268 utriusque
865 4215 1246 4264 convenerant.
1291 4189 1462 4278 Quod—
1486 4217 1800 4278 mirabiliter
1843 4189 1957 4283 fac-

357 4291 472 4340 tum
499 4295 613 4355 est,
641 4298 700 4344 ut
725 4305 846 4348 cum
893 4297 1180 4358 Donatista:
1211 4313 1494 4374 propterea
1525 4325 1830 4382 quaererent
1859 4334 1956 4389 pe-

357 4377 532 4434 titoris
575 4397 860 4454 personam
899 4407 969 4448 ne
1018 4399 1390 4464 perveniretur
1431 4404 1499 4460 ad
1535 4421 1782 4477 causam,
1838 4413 1953 4483 ipsa

356 4471 631 4546 inquisitio
679 4484 927 4552 petitoris
968 4489 1146 4547 subito
1175 4493 1229 4549 in
1279 4496 1521 4556 medium
1563 4471 1802 4562 mitteret
1829 4471 1954 4566 cau-

356 4579 493 4624 sam.
1086 4627 1088 4629 .

429 4659 656 4722 CAPUT
686 4667 796 4724 VII.
822 4701 897 4713 --
920 4671 974 4728 8.
1003 4674 1188 4734 Tertio
1212 4695 1344 4752 ergo
1369 4684 1491 4742 loco
1510 4689 1627 4746 haec
1649 4703 1767 4750 acta
1801 4708 1949 4754 sunt.

355 4749 519 4809 Lecta
549 4765 631 4812 est
659 4760 849 4820 relatio
867 4765 1084 4824 Anulini
1113 4749 1448 4840 proconsulis
1473 4779 1542 4835 ad
1569 4781 1951 4853 imperatorem

358 4844 809 4910 Constantinum:
860 4873 1020 4929 quam
1071 4866 1434 4934 quaerentibus
1479 4844 1772 4934 Donat-istis
1809 4881 1952 4939 unde

355 4940 562 5012 prolata
578 4942 648 4997 sit
665 4961 680 5010 ;
708 4945 968 5007 Catholici
994 4956 1388 5024 responderunt
1415 4962 1468 5018 in
1484 4965 1702 5026 archivo
1722 4986 1951 5040 procon-

355 5031 509 5099 sulis,
533 5033 578 5088 si
605 5034 929 5109 dubitarent,
947 5058 1068 5102 esse
1087 5051 1455 5117 quaerendum.
1485 5054 1542 5112 In
1564 5073 1667 5129 qua
1691 5031 1950 5123 relatione

357 5124 760 5204 evidentissime
784 5134 1120 5207 continetur,
1169 5141 1316 5214 ipsos
1344 5148 1591 5216 primitus
1619 5152 1686 5207 ad
1715 5155 1948 5226 impera-

353 5229 527 5278 torem
554 5222 957 5286 Constantinum
985 5247 1081 5304 per
1107 5250 1460 5296 memoratum
1488 5249 1862 5314 proconsulem
1884 5267 1947 5309 ea

353 5329 471 5384 qua:
487 5315 773 5374 Casciliano
799 5321 1018 5382 crimina
1040 5327 1366 5400 objiciebanl.
1393 5341 1697 5397 accusando
1713 5344 1943 5403 misisse.

351 5406 466 5476 Qua
493 5409 725 5482 perlecta
753 5412 1042 5476 Donatista:
1066 5437 1311 5493 quzerere
1337 5443 1635 5500 cmpcrunt,
1660 5452 1817 5507 quem
1843 5441 1945 5498 sibi

351 5498 606 5556 Catholici
638 5503 877 5563 dicerent
914 5521 1142 5581 patrem.
1185 5515 1388 5585 Quibus
1425 5498 1547 5580 cum
1587 5498 1655 5583 ab
1676 5498 1762 5586 eis
1801 5543 1944 5591 esset

349 5604 665 5662 responsum
690 5600 984 5657 secundum
1015 5605 1357 5677 Evangelium
1381 5657 1395 5677 ,
1428 5616 1515 5673 ubi
1545 5620 1805 5692 scriptum
1834 5637 1936 5697 est,

349 5679 436 5736 Ne
459 5687 592 5740 vobis
619 5690 797 5745 dicatis
825 5703 1021 5762 patrem
1049 5697 1103 5752 in
1133 5709 1303 5768 terra;
1329 5722 1460 5761 unus
1509 5723 1580 5766 est
1625 5718 1758 5770 enim
1799 5731 1940 5789 pater

346 5781 506 5828 vester
533 5776 671 5834 Deus
691 5780 903 5854 (Matth.
935 5801 1061 5847 χχιιι
1083 5831 1099 5861 ,
1123 5788 1180 5866 9)
1214 5810 1228 5848 :
1261 5799 1423 5856 etiam
1454 5799 1559 5860 hoc
1584 5807 1766 5866 audito
1795 5776 1936 5869 nihi-

1617 306 1676 364 S.
1717 299 2090 364 AUGUSTINI
2131 303 2434 365 EPISCOPI

2097 419 2328 479 lominus
2380 439 2622 494 quaerere
2665 437 2974 498 coeperunt,
3007 438 3187 488 utrum
3231 433 3311 489 eis
3365 435 3680 499 Caeciiianns

2090 522 2240 584 pater
2270 526 2442 584 esset,
2474 533 2540 574 an
2572 527 2762 575 mater.
2793 521 2926 577 Cum
2943 523 3054 593 jam
3082 525 3282 582 dictum
3309 527 3509 586 fuisset
3535 547 3567 587 a
3586 533 3666 590 Ca.

2088 605 2297 663 tholieis
2317 651 2331 676 ,
2368 620 2468 664 nec
2497 618 2700 680 patrem
2730 613 2831 668 sibi
2859 629 2981 670 eum
3009 632 3131 674 esse
3161 634 3261 676 nec
3288 629 3558 690 matrem;
3591 628 3675 682 sed

2087 699 2307 758 fratrem
2326 744 2340 768 ,
2372 704 2490 760 sive
2517 705 2713 762 bonum
2735 747 2748 772 ,
2781 708 2827 762 si
2856 709 3032 766 bonus
3055 721 3226 780 esset,
3247 715 3363 772 sive
3384 717 3611 782 malum.
3641 722 3676 776 si

2085 792 2257 850 malus
2283 805 2458 863 esset,
2491 798 2611 867 quia
2637 807 2690 854 et
2715 800 2890 857 maius
2917 815 3136 874 propter
3160 805 3509 865 Sacramenta
3541 825 3678 866 com-

2086 887 2265 942 munia
2309 886 2478 945 frater
2503 903 2647 947 esset
2680 912 2694 947 :
2740 893 2863 950 hinc
2889 897 3166 968 aliquanto
3193 901 3392 958 diutius
3420 904 3676 962 conflixe-

2083 991 2238 1047 runt,
2270 980 2562 1038 Donatistis
2614 985 2800 1042 eadem
2842 993 3244 1060 repetentibus,
3285 1007 3341 1052 et
3388 997 3676 1058 Catholicis

2082 1071 2269 1127 eadem
2298 1075 2764 1143 respondentibus.
2793 1080 2926 1137 Nam
2954 1092 3009 1139 et
3031 1083 3134 1141 hoc
3161 1087 3479 1159 obiecerunt
3507 1093 3678 1148 Dona-

2083 1162 2222 1219 tistae
2241 1206 2256 1231 ,
2286 1165 2552 1235 quomodo
2579 1167 2784 1227 diceret
2813 1176 3131 1243 Apostolus,
3169 1176 3238 1232 Et
3270 1180 3316 1233 si
3343 1181 3539 1238 multos
3579 1201 3674 1255 pte-

2081 1253 2304 1326 dagogos
2326 1258 2518 1314 habetis
2540 1262 2592 1315 in
2612 1260 2845 1331 Christo,
2874 1266 2965 1320 sed
3010 1283 3113 1323 non
3147 1270 3333 1327 multos
3371 1253 3590 1344 patress
3631 1277 3674 1331 in

2082 1343 2282 1401 Christo
2307 1351 2439 1404 enim
2457 1351 2580 1406 Iesu
2604 1365 2693 1422 per
2713 1354 3053 1429 Evangelium
3074 1377 3164 1432 ego
3191 1377 3277 1417 vos
3307 1343 3465 1435 genui
3489 1367 3535 1438 (Ι
3563 1367 3672 1425 Cor.

2081 1451 2167 1503 IV,
2192 1438 2302 1510 15).
2326 1441 2393 1495 Et
2418 1457 2736 1514 responsum
2765 1459 2846 1503 est
2869 1466 2898 1504 a
2927 1449 3218 1509 Catholicis
3237 1497 3251 1522 ,
3282 1455 3385 1513 hoc
3414 1457 3673 1516 honoriﬁ-

2079 1531 2268 1587 centia:
2297 1547 2456 1590 causa
2483 1537 2680 1592 dictum
2701 1548 2920 1610 propter
2935 1545 3300 1614 evangelicum
3319 1549 3671 1606 ministerium

2076 1623 2219 1693 quod
2257 1624 2599 1695 dispensabat
2637 1633 2947 1700 Apostolus.
2981 1635 3114 1690 Nam
3155 1646 3362 1709 patrem
3405 1641 3475 1696 ad
3519 1642 3672 1699 ﬁdem

2076 1715 2410 1789 salutemque
2435 1731 2689 1777 aeternam
2712 1739 2818 1780 non
2839 1741 2960 1782 esse
2985 1728 3086 1784 nisi
3107 1730 3291 1785 Deum.
3320 1732 3509 1804 Neque
3535 1737 3672 1791 enim

2075 1818 2260 1878 posset
2283 1811 2609 1868 contrarium
2657 1811 2874 1872 Christo
2902 1819 3194 1890 Apostolus
3237 1824 3419 1894 loqui,
3470 1837 3529 1881 ut
3557 1843 3672 1882 cum

2074 1897 2166 1955 ille
2179 1899 2399 1968 diceret,
2426 1902 2509 1957 Ne
2531 1904 2665 1960 vobis
2690 1905 2875 1963 dicatis
2895 1920 3094 1980 patrem
3113 1914 3168 1967 in
3190 1922 3324 1968 terra
3337 1931 3359 1980 ;
3385 1933 3521 1973 unus
3545 1920 3673 1974 enim

2075 2001 2220 2061 pater
2247 2004 2404 2048 vester
2431 1995 2572 2050 Deus
2595 2014 2615 2062 ;
2635 2007 2824 2053 contra
2852 2001 3139 2071 Apostolus
3158 2044 3174 2070 ,
3211 2015 3467 2077 tanquam
3507 2011 3668 2064 resis-

2073 2090 2195 2137 lens
2222 2085 2398 2140 verbis
2423 2085 2653 2156 Christi,
2677 2101 2886 2160 patrem
2912 2107 2971 2146 se
2986 2093 3193 2150 diceret
3222 2111 3410 2152 eorum
3436 2141 3452 2166 ,
3483 2101 3670 2170 quibus

2073 2175 2482 2232 annuntiaverat
2507 2179 2894 2250 Evangelium:
2927 2183 3030 2238 nisi
3059 2194 3207 2241 esset
3247 2187 3436 2258 utique
3479 2189 3668 2247 distin-

2073 2268 2340 2337 guendum
2362 2311 2378 2335 ,
2409 2270 2534 2340 quid
2559 2271 2756 2328 divinat
2795 2276 3015 2345 gratia,
3047 2277 3176 2348 quid
3206 2279 3458 2338 humanae
3498 2282 3666 2342 hono-

2072 2359 2350 2416 rificentius
2379 2378 2536 2419 causa
2564 2365 2857 2423 diceretur.

2145 2455 2199 2512 9.
2228 2457 2564 2522 Qutesieruut
2592 2462 2775 2527 etiam,
2792 2464 2911 2534 quis
2927 2465 3256 2524 erdinaverit
3283 2471 3660 2543 Augustinum,

2071 2548 2256 2604 nescio
2285 2565 2417 2620 quas
2437 2594 2451 2620 ,
2481 2555 2618 2610 sicut
2641 2557 2976 2630 jactabatur,
3009 2563 3306 2622 calumnias
3351 2581 3662 2638 praeparan-

2071 2650 2172 2698 tes.
2196 2642 2298 2699 Ubi
2323 2660 2444 2700 cum
2476 2649 2552 2702 eis
2578 2649 2844 2722 intrepide
2883 2656 3264 2725 responderet,
3295 2674 3324 2713 a
3354 2660 3582 2732 Megalio
3606 2679 3664 2719 se

2074 2734 2398 2806 ordinatum,
2424 2740 2510 2810 qui
2536 2750 2660 2797 tunc
2681 2743 2843 2800 fuerit.
2860 2749 3056 2816 primas
3083 2750 3456 2823 episcoporum
3491 2755 3544 2810 in
3566 2755 3665 2812 Nu-

2068 2827 2228 2882 midia
2261 2829 2512 2887 Ecclesia:
2549 2834 2856 2903 catholica;
2901 2846 2954 2893 et
2997 2851 3210 2911 urgeret
3258 2845 3562 2919 instanter,
3604 2859 3666 2905 ut

2062 2919 2174 2991 jam
2207 2922 2507 2990 proferrent
2536 2942 2654 2996 qua:
2690 2943 3157 3001 prteparaverttnt,
3187 2943 3244 2990 ut
3270 2937 3342 2993 ibi
3375 2941 3538 2996 etiam
3569 2957 3658 2997 ca-

2066 3011 2317 3068 lumniosi
2347 3014 2839 3075 demonstrarentur
2873 3041 2886 3077 :
2919 3023 2994 3078 illi
3024 3025 3377 3085 intentionem
3421 3031 3476 3086 in
3518 3031 3660 3090 aliud

2067 3102 2408 3161 detorserunt
2428 3150 2440 3172 ,
2474 3109 2757 3166 redeuntes
2777 3111 2842 3166 ad
2868 3113 3132 3172 Caeciliani
3161 3135 3469 3190 personam,
3503 3140 3660 3196 quam

2065 3193 2314 3252 dicebant
2340 3199 2615 3256 catholicae
2642 3202 2716 3274 (a)
2763 3205 3014 3263 Ecclesia:
3053 3226 3158 3266 non
3185 3212 3411 3281 obesse,
3449 3193 3660 3274 etiamsi

2065 3294 2190 3342 vera
2213 3289 2330 3358 ejus
2346 3291 2570 3348 crimina
2591 3305 3048 3367 monstrarentur;
3082 3312 3135 3357 et
3166 3313 3341 3361 tamen
3368 3308 3531 3364 etiam
3550 3311 3659 3380 ipsa

2067 3394 2173 3432 non
2207 3395 2362 3449 posse
2391 3399 2514 3438 vera
2546 3389 2854 3445 monstrari.
3407 3383 3412 3388 ’

2135 3467 2364 3528 CAPUT
2395 3473 2526 3530 Vlll.
2554 3507 2626 3516 ——
2655 3478 2742 3535 10.
2771 3480 2923 3538 Tunc
2949 3483 3128 3555 itaque
3153 3487 3448 3546 Donatista:
3474 3502 3660 3562 protu-

2066 3561 2244 3617 lerunt
2271 3565 2499 3634 litteras,
2530 3583 2661 3639 quas
2681 3573 2749 3627 ab
2770 3573 3020 3633 universo
3048 3579 3276 3637 concilio
3302 3598 3400 3639 suo
3425 3582 3486 3641 se
3508 3600 3660 3642 acce-

2061 3657 2207 3726 pisse
2255 3659 2503 3718 dicebant
2548 3663 2655 3739 (b),
2688 3667 2881 3738 quibus
2933 3676 3352 3743 responderetur
3403 3681 3659 3739 mandato

2061 3747 2483 3822 Catholicorum,
2513 3756 2656 3825 quod
2687 3759 2862 3830 primo
2888 3761 2976 3818 die
3005 3765 3230 3823 aetionis
3256 3765 3428 3825 fuerat
3455 3772 3658 3845 allega-

2063 3850 2176 3894 tum
2201 3858 2215 3907 ;
2245 3850 2300 3898 et
2325 3844 2412 3900 die
2443 3850 2687 3918 sequenti
2731 3859 3020 3926 antequam
3056 3857 3122 3913 ad
3161 3861 3451 3917 secundam
3494 3865 3658 3920 actio-

2062 3947 2187 3989 nem
2205 3934 2290 3990 die
2317 3937 2475 3993 tertio
2512 3940 2784 3998 veniretur
2803 3985 2818 4011 ,
2847 3946 2970 4003 data
3002 3951 3210 4005 notoria
3239 3949 3536 4011 Donatistae
3572 3956 3657 4013 edi

2061 4025 2163 4080 sibi
2194 4041 2550 4098 peposcerant
2570 4075 2584 4101 ,
2610 4043 2668 4088 ut
2691 4035 2936 4095 instructi
2961 4051 3182 4112 possent
3207 4044 3272 4100 ad
3295 4049 3654 4117 cognitionem

2059 4120 2264 4176 venire.
2300 4121 2366 4178 Et
2392 4123 2617 4182 fortasse
2638 4139 2856 4200 propter
2880 4133 2976 4190 has
3003 4135 3210 4193 litteras
3227 4139 3513 4213 diligenter
3525 4145 3656 4201 scri-

2061 4211 2265 4269 bendas
2294 4216 2452 4272 etiam
2481 4218 2596 4289 ipsa
2649 4225 2884 4281 secunda
2931 4229 3140 4286 actione
3169 4211 3485 4291 dilationem
3519 4239 3655 4308 peti-

2060 4315 2281 4374 verunt,
2311 4325 2429 4379 qua:
2473 4309 2576 4367 illis
2608 4329 2702 4370 sex
2753 4316 2958 4375 dierum
3015 4336 3267 4380 concessa
3316 4337 3418 4383 est.
3450 4329 3653 4398 Quarto

2061 4398 2369 4470 itaqueloco
2397 4402 2514 4460 haec
2533 4414 2648 4463 acta
2675 4420 2799 4464 sunt
2831 4429 2844 4465 :
2879 4412 3029 4469 lecta:
3055 4426 3178 4471 sunt
3203 4433 3362 4488 supra
3383 4420 3542 4480 dictae
3571 4425 3655 4482 lit-

2063 4498 2194 4574 terae
2244 4493 2669 4567 Donatistarum,
2710 4502 2902 4571 quibus
2952 4508 3131 4562 conati
3174 4520 3298 4566 sunt
3325 4517 3654 4584 respondere

2059 4585 2316 4643 mandato
2355 4587 2780 4660 Catholicorum,
2810 4596 2952 4667 quod
2990 4595 3152 4670 gestis
3192 4603 3385 4674 prima:
3425 4608 3652 4665 actionis

2060 4678 2316 4736 insertum
2341 4692 2441 4738 est.
2474 4685 2570 4741 Cui
2591 4689 2840 4744 mandato
2867 4706 2974 4746 non
3004 4707 3098 4748 eos
3134 4697 3373 4764 potuisse
3421 4714 3650 4772 respon-

2060 4771 2188 4829 dere
2223 4774 2456 4831 inveniet
2487 4779 2578 4849 qui
2616 4789 2837 4852 utraque
2882 4783 3062 4854 legere
3093 4794 3148 4841 et
3192 4789 3539 4848 considerare
3565 4809 3644 4849 vo-

2058 4863 2219 4919 luerit
2249 4884 2261 4919 :
2305 4867 2532 4938 primum
2562 4870 2581 4902 ¹
2607 4913 2620 4938 ,
2666 4873 2791 4942 quia
2822 4875 3126 4932 testimonia
3156 4891 3220 4933 ex
3267 4877 3410 4952 Lege
3436 4891 3492 4938 et
3519 4883 3643 4940 Pro-
3702 4959 3706 4966 ι

2057 4955 2233 5027 phetis
2253 4968 2305 5015 et
2326 4959 2550 5018 Psalmis
2589 4971 2644 5019 et
2671 4967 2973 5036 apostolicis
3002 4978 3161 5040 atque
3190 4973 3511 5043 evangelicis
3538 4975 3644 5032 Lit—

2058 5049 2187 5106 teris
2213 5051 2548 5125 deprompta,
2579 5058 2770 5127 quibus
2800 5061 3098 5118 ostenditur
3125 5063 3360 5122 Ecclesia
3388 5067 3646 5124 catholica

2054 5155 2154 5211 per
2181 5151 2345 5198 totum
2381 5147 2636 5203 mundum
2666 5149 2919 5220 diffundi,
2953 5154 3211 5226 incipiens
3231 5158 3298 5213 ab
3325 5155 3644 5226 Jerusalem,

2055 5234 2196 5290 unde
2223 5236 2274 5291 in
2316 5241 2611 5311 propinqua
2642 5251 2695 5299 et
2735 5243 3017 5318 longinqua
3065 5251 3358 5307 crescendo
3383 5253 3544 5309 etiam
3593 5256 3644 5310 in

2053 5325 2290 5385 Africam
2317 5333 2492 5401 venit,
2525 5343 2581 5390 et
2617 5336 2668 5390 in
2715 5339 2818 5393 alia
2857 5339 2974 5396 loca
3015 5351 3070 5398 et
3102 5343 3343 5401 civitates
3387 5363 3487 5420 per
3516 5365 3645 5421 quas

2053 5419 2299 5488 primitus
2325 5423 2538 5482 dilatata
2568 5437 2685 5496 est,
2718 5431 2769 5484 in
2825 5434 3017 5502 quibus
3069 5433 3250 5493 multae
3293 5419 3549 5498 Ecclesiae
3579 5443 3642 5497 ad

2113 5577 2247 5660 πληξο
2285 5580 2602 5644 restituimus,
2649 5586 2876 5660 primum,
2920 5601 2982 5656 ex
3013 5591 3226 5642 editione
3267 5601 3366 5660 Am.
3411 5608 3501 5658 pro
3545 5609 3642 5660 quo

2047 5637 2179 5720 apud
2203 5646 2322 5720 L_ov.‘
2338 5637 2599 5720 perperam
2618 5637 2941 5720 substitutum

2098 5701 2181 5811 5a)
2217 5701 2358 5754 Juxta
2375 5701 2515 5755 Morel
2542 5707 2803 5772 legendum
2830 5721 2920 5774 est,
2939 5701 3082 5779 quant
3104 5701 3638 5778 -ἇῖἑὲὖῶἷῖσαωοάα,

2133 5778 2160 5811 e
2186 5765 2420 5811 Element.
2441 5770 2614 5811 (ξι-ἰείη--
2643 5785 2735 5811 pm,
2779 5774 2871 5811 9;”
2952 5784 2992 5811 υ

2043 5764 2425 5836 vide‘Elemcnt.
2441 5764 2618 5836 critici;
2643 5785 2752 5836 pag.
2779 5764 2919 5824 ’
2951 5764 3008 5828 tu.

2107 5825 2178 5890 (b)
2205 5835 2399 5882 Exstant
2412 5831 2534 5882 infra
2549 5825 2908 5899 in'A'ppUeudicc.
