3778 6168
48 329 148 388 629

51 451 210 519 ipsam
238 449 457 506 unicam
486 448 818 520 pertinentes
838 491 852 514 ,
884 446 1177 518 apostolico
1194 444 1378 500 labore
1406 438 1640 496 fundatae

50 553 196 609 sunt,
233 543 435 614 quibus
462 542 767 598 Donatistae
812 556 918 596 non
950 538 1348 594 communicare
1378 531 1634 590 manifes-

52 646 152 690 tum
168 645 288 702 est;
322 650 432 692 non
460 635 635 690 solum
666 649 772 690 non
797 642 1146 704 pertractare,
1178 630 1272 685 sed
1300 628 1520 683 omnino
1540 640 1640 682 nec

49 729 302 798 attingere
334 727 652 794 voluerunt;
685 741 784 782 nec
811 725 1026 796 aliquod
1053 722 1416 780 testimonium
1445 721 1498 776 in
1529 729 1636 775 tam

53 819 246 890 prolixa
271 819 506 890 epistola
531 833 627 874 sua
668 818 910 890 proferre
947 817 1062 874 ausi
1099 825 1222 872 sunt
1241 815 1318 871 de
1347 813 1638 884 Scripturis

49 911 238 968 sanctis
257 953 273 977 ,
305 927 419 983 quo
448 919 755 968 assererem
779 910 1075 967 Ecclesiam
1103 909 1272 980 partis
1298 906 1487 962 Donati
1512 919 1635 961 esse

51 1003 353 1070 prtedictam
383 1012 438 1059 et
459 1004 866 1075 praenuntiatam
896 1021 913 1057 :
949 1002 1090 1059 sicut
1111 1011 1216 1055 tam
1243 1000 1410 1054 multa
1435 998 1639 1055 Catho-

49 1095 124 1148 lici
155 1096 496 1165 protulerunt
528 1110 627 1166 pro
656 1094 893 1152 Ecclesia
933 1095 1016 1150 cui
1045 1093 1478 1157 communicant,
1508 1104 1632 1162 quae

50 1187 297 1259 incipiens
324 1189 395 1244 ab
415 1188 710 1245 Jerusalem
737 1197 850 1246 toto
869 1186 1002 1242 orbe
1027 1185 1354 1242 diﬁunditur.
1386 1184 1493 1240 Has
1506 1196 1637 1254 ergo

50 1289 214 1347 partes
232 1279 666 1336 testimoniorum
689 1287 956 1335 tantorum
982 1294 1104 1336 cum
1130 1277 1350 1333 omnino
1376 1291 1482 1332 non
1513 1276 1639 1331 atti-

50 1375 269 1444 gissent,
303 1373 402 1430 sed
433 1385 685 1446 tanquam
712 1373 770 1429 in
795 1374 888 1429 illo
916 1373 1168 1429 mandato
1199 1370 1594 1430 Catholicorum
1615 1411 1630 1436 ,

51 1467 124 1521 cui
149 1465 482 1537 respondere
509 1466 861 1532 videbantur,
892 1467 1032 1522 dicta
1083 1480 1190 1521 non
1219 1465 1414 1520 fuerint
1438 1507 1453 1530 ,
1497 1479 1634 1535 prae-

50 1562 324 1626 terissent;
363 1559 493 1614 illud
515 1559 799 1615 ostendere
830 1565 1177 1614 tentaverunt
1204 1557 1423 1627 prolatis
1450 1555 1632 1610 multis

53 1651 363 1706 testimoniis
389 1650 691 1706 divinarum
735 1650 1163 1721 Scripturarum,
1209 1649 1350 1719 quod
1396 1647 1636 1703 Ecclesia

52 1741 134 1799 Dei
165 1758 272 1799 non
295 1758 424 1799 cum
445 1743 706 1799 malorum
737 1742 1013 1798 hominum
1042 1742 1421 1796 commixtione
1459 1739 1636 1794 futura

53 1835 288 1906 prmdicta
312 1837 406 1892 sit.
439 1837 506 1892 Et
531 1845 708 1891 tamen
737 1843 921 1906 postea
937 1849 1059 1890 cum
1077 1833 1142 1889 ad
1172 1833 1529 1904 evangelicam
1562 1831 1636 1886 si-

51 1927 395 1984 militudinem
440 1928 752 1995 venissent,
797 1941 957 1999 quam
997 1926 1259 1982 Catholici
1293 1927 1345 1980 in
1381 1924 1634 1982 mandato

53 2037 138 2078 suo
179 2031 477 2094 posuerant
501 2024 571 2079 de
617 2023 821 2079 retibus
865 2026 918 2077 in
965 2037 1113 2077 mare
1164 2021 1384 2090 missis,
1441 2018 1634 2090 quibus

52 2117 350 2188 congregari
391 2115 526 2171 dixit
554 2116 814 2171 Dominus
843 2115 1022 2169 omnia
1059 2127 1253 2185 genera
1291 2113 1514 2184 piscium
1535 2156 1551 2182 ,
1581 2121 1637 2168 et

53 2208 205 2264 bonos
228 2223 260 2264 a
289 2209 450 2265 malis
477 2209 533 2264 in
561 2209 740 2264 littore
760 2251 776 2275 ,
808 2207 912 2263 hoc
939 2214 1022 2263 est
1046 2207 1100 2261 in
1128 2206 1233 2261 iine
1259 2204 1440 2261 saeculi
1475 2217 1635 2275 sepa-

53 2300 178 2354 rari:
206 2301 374 2356 etiam
406 2301 504 2371 ipsi
531 2299 658 2356 lassi
687 2308 831 2363 sunt,
856 2299 912 2353 in
930 2297 1168 2354 Ecclesia
1197 2313 1318 2353 esse
1340 2296 1637 2370 permixtos

55 2392 222 2447 saltem
247 2392 494 2448 occultos
521 2392 710 2447 malos.
728 2391 940 2446 Zizania
957 2405 1086 2446 vero
1114 2390 1254 2446 inter
1275 2391 1507 2445 triticum
1527 2405 1636 2445 non

57 2484 98 2536 in
129 2483 368 2541 Ecclesia
390 2525 406 2550 ,
449 2484 544 2540 sed
584 2484 636 2538 in
678 2485 796 2554 ipso
825 2483 1027 2538 mundo
1055 2483 1318 2553 permixta
1345 2481 1632 2550 dixerunt;

57 2577 283 2645 quoniam
329 2577 590 2631 Dominus
623 2577 736 2642 ait,
779 2576 912 2648 Ager
941 2585 1013 2631 est
1043 2575 1126 2630 hic
1157 2576 1376 2630 mundus
1408 2573 1628 2647 (Matth.

59 2683 171 2735 xm,
197 2669 360 2725 47-50
387 2710 401 2735 ,
431 2668 544 2738 58).
569 2669 644 2724 De
665 2683 788 2724 area
817 2683 946 2724 sane
969 2711 984 2736 ,
1018 2669 1102 2724 cui
1134 2669 1341 2738 paleam
1370 2665 1638 2723 Catholici

58 2759 282 2818 dixerant
319 2777 496 2833 usque
524 2763 590 2818 ad
635 2770 845 2834 tempus
888 2761 1248 2818 ventilationis
1292 2761 1581 2816 admixtam
1613 2803 1630 2829 ,

58 2862 286 2925 tanquam
307 2855 535 2910 omnino
561 2855 612 2909 in
645 2854 934 2925 Evangelio
963 2853 1092 2910 nihil
1122 2855 1226 2910 tale
1250 2853 1503 2924 scriptum
1523 2853 1594 2909 sit
1616 2894 1632 2919 ,

59 2959 303 3014 exponere
332 2945 741 3001 similitudinem
763 2946 918 3000 istam
938 2961 1037 3001 nec
1053 2945 1228 3000 conati
1251 2944 1463 3016 quidem
1478 2952 1630 3009 sunt;

58 3035 136 3088 sed
160 3037 306 3107 quasi
336 3036 442 3091 hoc
480 3053 509 3090 a
535 3052 595 3092 se
622 3038 751 3106 ipsis
779 3035 1041 3093 Catholici
1069 3037 1332 3104 dixerint,
1367 3052 1486 3093 eam
1515 3046 1634 3091 tan-

61 3127 314 3183 tummodo
334 3128 839 3198 reprehenderunt,
879 3127 1026 3185 velut
1055 3143 1120 3183 ex
1150 3127 1454 3183 testimonio
1479 3127 1631 3183 Jere-

63 3219 167 3273 mia:
227 3219 541 3292 prophetas,
589 3222 677 3292 qui
743 3221 854 3289 ait,
910 3221 1048 3289 Quid
1092 3221 1250 3292 paleis
1306 3221 1374 3274 ad
1412 3221 1636 3275 triticum

61 3309 246 3383 (1mm.
268 3329 436 3382 χχιιι,
461 3313 598 3388 28)?
624 3330 732 3369 non
762 3314 1100 3371 attendentes
1129 3314 1270 3370 unde
1308 3315 1412 3371 hoc
1441 3314 1532 3370 ille
1551 3313 1636 3369 di-

60 3403 220 3460 xisset.
248 3405 366 3463 Non
390 3407 533 3462 enim
577 3406 755 3463 aiebat
801 3406 868 3463 de
895 3406 1136 3463 Ecclesia
1158 3451 1172 3475 ,
1204 3405 1299 3463 sed
1329 3403 1396 3463 de
1437 3403 1634 3462 divinis

61 3493 431 3566 Prophetarum
458 3499 754 3557 visionibus
781 3508 837 3556 et
865 3499 1115 3556 humanis
1144 3501 1366 3556 somniis
1386 3543 1400 3564 ,
1425 3516 1494 3556 ne
1523 3499 1635 3556 ullo

59 3589 201 3644 modo
223 3601 688 3662 compararentur.
718 3593 868 3648 Illam
896 3609 1110 3665 quoque
1134 3593 1535 3650 similitudinem
1564 3594 1634 3650 de

56 3681 224 3739 ovibus
248 3693 303 3742 et
351 3685 524 3742 hmdis
552 3687 642 3758 qui
681 3687 840 3744 simul
887 3698 1207 3760 pascuntur,
1247 3697 1302 3747 et
1347 3690 1402 3746 in
1452 3690 1634 3746 saeculi

60 3772 150 3829 line
195 3778 662 3849 segregahuntur,
717 3795 876 3852 quam
925 3781 1065 3836 inter
1101 3781 1233 3838 alias
1275 3781 1536 3838 Catholici
1565 3798 1634 3838 ex

59 3859 324 3938 Evangelio
346 3880 639 3941 posuerant
666 3871 880 3945 (Matth.
912 3888 1025 3929 xxv
1045 3915 1060 3940 ,
1089 3871 1188 3938 52,
1223 3872 1313 3946 55)
1339 3914 1354 3941 ,
1410 3875 1632 3930 omnino

59 3959 295 4032 attingere
321 3963 632 4020 noluerunt.
660 3965 844 4037 Neque
865 3966 1006 4022 enim
1027 3975 1272 4037 poterant
1297 3968 1404 4023 illic
1428 3968 1629 4036 dicere,

60 4049 198 4107 etiam
247 4053 434 4110 haedos
488 4071 518 4110 a
565 4057 872 4126 pastoribus
915 4058 970 4113 in
1018 4059 1392 4114 communibus
1419 4060 1633 4132 pascuis

60 4140 298 4215 ignorari,
330 4147 476 4206 sicut
520 4149 768 4207 dixerant
808 4153 947 4207 inter
978 4151 1111 4208 retia
1149 4153 1326 4224 pisces
1360 4154 1532 4212 malos
1575 4155 1633 4211 in

59 4236 221 4292 maria
246 4240 608 4310 piscatoribus
625 4257 730 4297 non
759 4241 948 4298 videri.

904 319 1336 384 BREVlCULUS
1373 315 1822 379 COLLA’I‘lONlS
1859 319 2000 378 CUM
2039 322 2458 385 DONATISTIS.

3235 331 3343 391 830

1753 438 1911 494 etiam
1942 440 2112 511 ipsum
2132 485 2148 512 ,
2178 459 2210 500 a
2237 460 2461 515 quorum
2500 444 2653 502 malis
2678 445 2920 502 moribus
2945 447 3104 519 longe
3133 450 3339 506 abhor-

1751 532 1920 597 rebat,
1949 543 2004 588 et
2039 534 2109 592 de
2145 551 2372 606 quorum
2401 535 2554 594 iactis
2595 538 2842 608 pessimis
2869 555 2975 595 non
3007 541 3245 606 tacebat,
3281 542 3336 598 in

1750 625 1987 682 Ecclesia
2018 628 2272 685 tolerasse
2298 631 2505 698 (Serm.
2529 631 2593 685 de
2614 631 2796 704 Lapsis
2812 633 2854 704 ).
2889 634 3056 700 Hujus
3081 649 3210 706 ergo
3236 650 3343 690 au—

1749 720 1994 776 ctoritate
2039 723 2281 792 oppressi
2327 723 2638 792 Donatistae,
2686 741 2807 781 cum
2853 727 2921 783 de
2960 726 3242 796 Prophetis
3285 743 3339 784 ρ.

1750 813 1982 870 Domino
2019 816 2231 872 Christo
2275 827 2331 872 et
2372 819 2640 888 Apostoiis
2684 820 2882 891 aliquid
2926 820 3219 887 dixissent,
3268 836 3338 878 au

1747 902 1850 960 hoc
1880 914 2089 973 tamen,
2133 922 2241 964 non
2285 909 2593 965 tolerandos
2623 912 2715 966 ‘in
2761 912 2997 968 Ecclesia
3037 915 3335 984 permixtos

1747 997 1954 1066 malos,
1984 998 2052 1054 de
2092 1001 2359 1072 episcopis
2399 1004 2618 1059 omnino
2647 1004 2779 1060 nihil
2819 1006 2998 1062 dicere
3026 1007 3337 1062 voluerunt.

1748 1090 1817 1146 Et
1860 1101 2038 1148 tamen
2081 1095 2242 1150 etiam
2284 1095 2352 1152 de
2393 1096 2526 1152 Juda
2572 1099 2847 1167 traditore,
2893 1109 2950 1156 et
2991 1101 3058 1157 de
3088 1101 3170 1157 his
3199 1116 3336 1172 quos

1746 1183 1943 1240 Paulus
1973 1185 2219 1242 toleravit
2245 1203 2340 1257 per
2363 1189 2613 1244 invidiam
2635 1189 2904 1246 Christum
2930 1193 3335 1261 annuntiantes,

1747 1275 1860 1346 ipse
1887 1275 2188 1348 Cyprianus
2229 1279 2308 1335 sic
2337 1281 2618 1349 intellexit,
2667 1281 2746 1338 sic
2790 1284 3022 1355 scripsit,
3071 1287 3339 1357 quemad-

1745 1368 1964 1424 modum
1989 1384 2052 1426 ea
2071 1370 2332 1429 Catholici
2359 1373 2412 1428 in
2433 1388 2531 1429 suo
2558 1376 2809 1432 mandato
2837 1388 3130 1449 posuerunt
3154 1398 3168 1434 :
3192 1381 3338 1450 quod

1745 1469 1801 1517 et
1827 1462 2084 1518 Dominus
2111 1463 2300 1520 Judam
2331 1465 2398 1521 ad
2441 1470 2744 1538 exemplum
2772 1470 3035 1526 malorum
3064 1472 3116 1527 in
3145 1472 3338 1529 Eccle-

1746 1555 1820 1610 sia
1856 1555 2250 1612 tolerandorum
2298 1559 2574 1628 pertulerit
2623 1560 2809 1632 (Joan.
2839 1580 2927 1634 vt,
2960 1565 3019 1620 7i
3047 1607 3061 1632 ,
3092 1565 3240 1636 72);
3286 1577 3342 1622 et

1745 1645 1943 1702 Paulus
1967 1662 2064 1704 eos
2087 1648 2155 1704 de
2183 1649 2374 1720 quibus
2405 1651 2530 1707 talia
2560 1652 2712 1718 dixit,
2743 1670 2848 1709 non
2875 1664 3048 1723 extra,
3077 1656 3170 1712 sed
3200 1659 3340 1713 intra

1745 1739 2038 1796 Ecclesiam
2069 1743 2379 1800 sustinuerit
2405 1743 2679 1818 (Philipp.
2712 1763 2764 1813 ι,
2795 1748 3024 1823 15-18).
3056 1751 3132 1805 De
3161 1750 3333 1806 Maxi-

1743 1835 2008 1891 mianistis
2033 1845 2210 1893 autem
2239 1839 2365 1909 quid
2403 1841 2826 1912 responderent,
2862 1859 2981 1899 cum
3014 1842 3189 1899 adhuc
3234 1844 3336 1898 ho-

1744 1928 1916 1986 mines
1942 1929 2217 1998 viverent,
2247 1931 2314 1987 de
2342 1933 2536 2005 quibus
2573 1944 2790 2004 possent
2817 1936 3154 2006 apertissime
3182 1936 3336 1992 facil-

1744 2019 1979 2091 limeque
2001 2021 2290 2080 convinci?
2324 2025 2556 2081 Proinde
2581 2026 2649 2081 ad
2676 2026 2805 2081 illud
2830 2025 2971 2099 quod
3004 2028 3054 2082 in
3083 2028 3336 2085 mandato

1744 2126 1844 2168 suo
1869 2113 2129 2172 Catholici
2157 2116 2403 2174 dixerant
2422 2161 2438 2188 ,
2479 2119 2695 2176 eosdem
2721 2119 3140 2177 Maximianistas
3169 2138 3199 2177 a
3225 2121 3336 2178 Do-

1743 2207 1956 2264 natistis
1982 2225 2077 2280 per
2097 2209 2292 2277 judicia
2321 2211 2532 2282 publica
2558 2213 2791 2268 basilicis
2815 2214 3017 2287 pulsos,
3043 2223 3336 2286 utcumque

1744 2300 2071 2370 respondere
2091 2302 2270 2359 conati
2290 2313 2435 2372 sunt,
2460 2319 2563 2360 non
2586 2320 2643 2360 se
2663 2305 3011 2362 criminaliter
3031 2321 3338 2376 accusasse,

1745 2399 1837 2446 aut
1856 2391 1922 2447 ad
1944 2393 2375 2451 communionem
2398 2409 2548 2450 suam
2573 2396 2794 2452 invitum
2817 2395 3045 2468 aliquem
3071 2397 3341 2468 coegisse,

1744 2485 1836 2539 sed
1862 2502 1941 2540 res
1966 2502 2084 2540 suas
2113 2486 2191 2541 vel
2228 2503 2435 2542 suorum
2467 2488 2678 2543 civiliter
2704 2490 2941 2559 repetisse
2966 2506 2984 2544 :
3015 2487 3162 2544 obliti
3191 2489 3341 2560 quod

1745 2577 2046 2633 Primianus
2094 2577 2379 2649 aliquando
2421 2580 2707 2636 dicendum
2753 2579 2894 2652 apud
2933 2583 3065 2636 Acta
3109 2580 3337 2635 manda-

1743 2669 1820 2724 vit
1846 2667 1922 2743 (a)
1944 2713 1959 2737 ,
1987 2669 2082 2725 Illi
2109 2675 2348 2744 auferunt
2374 2671 2542 2727 aliena
2562 2714 2576 2736 ,
2607 2689 2700 2728 nos
2736 2673 3111 2727 intermittimus
3139 2673 3333 2729 ablata.

1743 2760 1826 2817 Ad
1855 2761 1944 2817 illa
1972 2778 2103 2819 vero
2141 2779 2262 2834 quae
2300 2763 2370 2820 de
2407 2763 2812 2820 Maximianistis
2851 2765 2905 2820 in
2935 2765 3332 2821 Catholicorum

1743 2853 1995 2911 mandato
2024 2854 2165 2911 dicta
2191 2864 2345 2925 sunt,
2373 2855 2515 2927 quod
2543 2871 2574 2911 a
2617 2871 2674 2912 se
2714 2855 2995 2912 damnatos
3033 2857 3087 2912 in
3127 2857 3338 2928 integro

1743 2947 1950 3005 honore
1988 2947 2362 3020 susceperint,
2403 2948 2545 3020 quod
2584 2948 2889 3005 Maximiani
2936 2949 3112 3006 socios
3146 2950 3338 3005 abillo

1742 3039 1975 3111 pollutos
2015 3054 2134 3096 esse
2173 3041 2519 3112 negaverint,
2552 3040 2695 3112 quod
2721 3039 3050 3111 Baptismum
3077 3041 3146 3097 ab
3176 3041 3252 3096 eis
3282 3041 3336 3097 in

1743 3132 2032 3189 schismate
2059 3133 2244 3189 datum
2273 3133 2572 3205 approbare
2614 3134 2791 3205 potius
2826 3149 2985 3206 quam
3032 3133 3340 3189 rescindere

1743 3232 1907 3298 atque
1933 3224 2126 3280 iterare
2150 3225 2470 3293 maluerint;
2501 3240 2602 3281 nec
2639 3226 2829 3281 leviter
2858 3226 3185 3297 respondere
3216 3234 3337 3281 ten-

1743 3323 1990 3371 taverunt
2021 3333 2036 3370 :
2064 3315 2161 3372 sed
2187 3316 2276 3372 illa
2304 3317 2484 3372 omnia
2515 3316 2654 3372 miro
2682 3315 2913 3388 quodam
2940 3315 3187 3384 silentio,
3221 3324 3339 3370 tan-

1741 3423 1902 3480 quam
1929 3407 2070 3464 dicta
2097 3423 2202 3464 non
2232 3407 2461 3475 fuerint,
2487 3410 2833 3465 transierunt.

1817 3500 1907 3556 12.
1951 3500 2024 3556 De
2055 3501 2172 3571 ipso
2198 3498 2360 3556 etiam
2391 3499 2667 3571 Baptismo
2695 3498 2838 3572 quod
2868 3500 2921 3556 in
2961 3499 3054 3556 illo
3085 3500 3338 3557 mandato

1743 3610 1775 3650 a
1822 3592 2109 3650 Catholicis
2159 3593 2363 3656 dictum
2407 3601 2491 3650 est
2533 3593 2846 3665 Apostolum
2894 3592 2961 3649 de
3016 3592 3337 3664 quibusdam

1743 3686 1964 3753 dixisse,
1995 3683 2268 3742 Veritatem
2303 3685 2358 3741 in
2397 3685 2661 3758 iniquitate
2699 3684 2920 3740 detinent
2947 3683 3122 3758 (Rom.
3151 3701 3189 3752 ι,
3220 3683 3334 3756 18),

1742 3787 1803 3834 ιιι
1826 3776 2200 3834 omenderetur
2226 3777 2344 3834 ﬁeri
2373 3793 2556 3850 posse,
2579 3785 2770 3834 utnon
2795 3776 3116 3834 destruenda
3138 3778 3338 3832 veritas

1692 3872 1699 3936 ί
1743 3872 1797 3927 in
1827 3871 2151 3928 destruenda
2185 3871 2464 3943 iniquitate
2491 3879 2771 3938 teneatur;
2800 3880 2891 3927 aut
2918 3887 3023 3925 non
3054 3870 3338 3925 intellexe-

1691 3955 1695 3960 ’
1740 3973 1888 4031 runt,
1914 3972 2007 4020 aut
2034 3963 2088 4020 id
2113 3962 2254 4036 quod
2284 3963 2386 4036 ipsi
2416 3963 2814 4029 intellexerant,
2843 3977 2911 4017 ne
2934 3961 3001 4018 ab
3027 3959 3146 4015 aliis
3176 3961 3336 4016 intel-

1742 4055 2029 4128 ligeretur,
2059 4057 2238 4113 verbis
2266 4056 2380 4111 suis
2404 4055 2694 4112 obscurare
2721 4053 3035 4117 voluerunt,
3068 4052 3330 4118 dicentes,

1739 4149 1846 4203 hoc
1879 4148 2192 4218 Apostolum
2236 4147 2304 4202 de
2344 4146 2634 4203 Gentilium
2677 4161 2864 4202 errore
2892 4144 3094 4199 dixisse
3135 4162 3148 4197 :
3183 4144 3336 4213 quasi

1739 4239 1808 4294 ad
1837 4254 1952 4294 rem
1981 4238 2242 4309 pertineat
2278 4237 2346 4294 de
2371 4253 2599 4309 quorum
2625 4251 2811 4293 errore
2839 4235 3067 4301 dixerit,
3099 4249 3222 4289 cum
3250 4242 3335 4288 ta-

117 4330 198 4386 ll.
238 4333 372 4391 item
411 4351 535 4391 cum
564 4333 820 4392 Catholici
869 4337 923 4392 in
965 4336 1212 4393 mandato
1255 4353 1352 4393 suo
1380 4326 1704 4418 volentes
1739 4347 1863 4388 men
1886 4331 2181 4387 ostenderit
2200 4345 2359 4402 posse
2377 4331 2657 4387 veritatem
2685 4329 2738 4384 in
2767 4329 3043 4400 iniquitate
3067 4326 3334 4393 detineri;

61 4422 320 4482 ostendere
363 4426 624 4483 toleratos
662 4443 693 4482 a
731 4426 886 4482 bonis
925 4427 978 4482 in
1010 4426 1249 4484 Ecclesia
1293 4428 1499 4495 malos,
1530 4443 1632 4485 nec

1739 4432 1802 4479 ut
1827 4423 1944 4479 haec
1972 4422 2080 4478 duo
2117 4436 2238 4477 cum
2277 4422 2333 4477 in
2361 4436 2470 4476 uno
2515 4422 2735 4477 homine
2763 4421 2976 4476 inventa
3020 4417 3237 4486 fuerint,
3273 4427 3337 4497 (et

61 4511 210 4572 bonos
246 4517 512 4575 malorum
559 4521 876 4592 contagione
919 4521 1178 4592 pollutos,
1208 4537 1631 4578 commemoras-
1740 4516 2065 4588 approbatur
2093 4515 2288 4570 veritas
2324 4522 2380 4571 et
2421 4514 2673 4585 iniquitas
2700 4512 3036 4584 corrigatur:
3069 4513 3207 4567 sicut
3233 4509 3339 4566 Ca-

61 4617 163 4662 sent
196 4613 440 4682 exempla
470 4612 860 4683 Prophetarum
890 4621 944 4667 et
986 4612 1153 4683 ipsius
1195 4613 1406 4669 Domini
1433 4612 1632 4669 Christi

1741 4609 1938 4665 tholica
1967 4608 2112 4676 facit,
2141 4623 2262 4663 cum
2291 4606 2531 4679 agnoscit
2557 4607 2610 4662 in
2643 4605 2955 4672 Donatistis,
2979 4613 3033 4660 et
3058 4603 3335 4673 amplecti-

63 4705 106 4749 et
130 4700 498 4770 Apostolorum
519 4745 534 4770 ,
566 4714 618 4759 et
645 4711 769 4776 post
794 4703 909 4760 haec
939 4705 1098 4760 etiam
1130 4704 1392 4762 bonorum
1418 4705 1631 4778 episco-
1740 4714 1828 4759 tur
1871 4701 2200 4760 Sacramenti
2228 4701 2505 4757 veritatem
2525 4742 2542 4768 ,
2590 4699 2887 4755 detestatur
2933 4706 3110 4752 autem
3157 4698 3210 4751 in
3256 4694 3338 4750 eis
3410 4685 3416 4696 ’

63 4801 227 4854 Pomm
248 4837 261 4860 ,
289 4803 346 4850 et
385 4794 591 4867 judicio
618 4795 852 4866 ipsorum
880 4811 1091 4872 quoque
1119 4797 1513 4853 Donatistarum
1539 4798 1634 4870 qui
1740 4807 1798 4852 et
1837 4795 2056 4867 corrigit
2100 4793 2407 4849 haereticam
2453 4791 2806 4863 iniquitatem.
2856 4790 2932 4852 Et.
2966 4788 3093 4846 illud
3138 4787 3278 4858 quod
3305 4803 3340 4842 a

64 4882 298 4948 quosdam
325 4903 550 4943 suorum
583 4889 635 4942 in
663 4885 966 4942 Maximiani
993 4888 1282 4944 schismate
1309 4889 1512 4959 positos
1538 4905 1637 4944 ne-
1740 4888 2032 4946 Catholicis
2060 4889 2114 4944 in
2140 4885 2392 4944 mandato
2418 4885 2618 4941 dictum
2644 4891 2747 4950 est,
2775 4897 2882 4938 non
2908 4881 3028 4937 ideo
3054 4881 3338 4936 destruen-

63 4986 295 5040 gavcrunt
323 4980 631 5037 Maximiani
659 4982 978 5053 contagione
1013 4983 1288 5053 pollutos:
1322 4981 1396 5037 illi
1427 4983 1480 5037 in
1519 4984 1635 5054 suis
1742 4982 1871 5040 dum
1901 4982 2229 5054 Baptismum
2271 4977 2494 5045 Christi,
2543 4976 2667 5048 quia
2715 4990 2838 5032 eum
2885 4975 3048 5031 etiam
3097 4973 3338 5033 haeretici

66 5063 233 5125 litteris
269 5072 336 5129 ad
366 5073 484 5128 haec
527 5073 856 5144 respondere
899 5075 1097 5144 conati,
1138 5074 1204 5130 de
1232 5074 1546 5146 Prophetis,
1576 5084 1636 5132 et
1743 5077 2001 5141 tradunt;
2043 5075 2180 5131 sicut
2208 5087 2312 5128 non
2339 5071 2460 5127 ideo
2491 5067 2766 5140 negandus
2795 5075 2880 5124 est
2906 5067 3173 5134 Christus,
3211 5066 3333 5138 quia

65 5155 120 5212 de
156 5162 376 5222 Domino
406 5167 620 5223 Christo
663 5177 710 5222 ct
756 5167 1025 5238 Apostolis
1073 5167 1444 5240 quodcumque
1482 5169 1636 5226 dixc-

67 5264 201 5323 runt;
227 5258 293 5315 de
323 5261 591 5332 episcopis
619 5270 798 5316 autem
829 5270 884 5317 et
911 5257 1312 5315 Maximianistis
1350 5225 1691 5344 siluerunté'

68 5340 113 5397 In
141 5351 391 5424 0Piscopis
422 5355 564 5410 enim
602 5353 980 5424 premebantur
1009 5354 1324 5409 auctoritate
1353 5337 1696 5425 Cypriani,

1745 5186 1868 5228 eum
1908 5169 2068 5224 etiam
2098 5167 2369 5223 daemones
2404 5162 2726 5220 conﬁtentur
2755 5180 2768 5216 :
2811 5161 3060 5217 similiter
3100 5169 3194 5215 aut
3230 5173 3352 5215 ιιοιιΔ

1691 5291 1706 5329 ς
1744 5261 2155 5326 intellexerunt,
2183 5266 2272 5313 aut
2300 5256 2591 5312 obscurare
2615 5253 2930 5319 voluerunt,
2972 5251 3210 5307 dicentes
3230 5250 3338 5306 Ca-

1705 5358 1708 5359 ⁷
1747 5356 1976 5412 tholicos
2013 5360 2197 5407 contra
2239 5359 2507 5422 martyres
2545 5347 2773 5413 locutos,
2813 5362 2920 5401 non
2949 5354 3126 5400 tamen
3155 5343 3340 5412 expri-

68 5439 195 5507 Clljus
223 5445 375 5501 verba
407 5461 474 5502 ex
505 5445 728 5516 epistola
767 5445 884 5513 ejus
924 5444 1130 5516 prolata
1157 5443 1421 5501 Catholici
1453 5445 1505 5499 in
1535 5461 1637 5503 suo
1721 5460 1956 5521 _mentes
1997 5463 2130 5521 quos
2174 5456 2440 5517 martyres
2479 5441 2741 5499 dicerent.
2775 5440 3023 5497 Dicentes
3053 5437 3216 5494 etiam
3246 5451 3342 5493 cos

70 5532 292 5592 mandato
319 5546 652 5608 posuerunt;
694 5536 886 5607 quibus
911 5534 1345 5592 manifestissime
1375 5537 1632 5592 ostende-
1815 5562 1832 5592 ι
1867 5518 2027 5618 Forte;
2051 5556 2116 5607 αα
2137 5554 2458 5607 ostendenda"

1815 5562 1832 5592 ί
1867 5564 2026 5618 Forte,
2051 5556 2116 5607 ad
2137 5554 2594 5607 ostendendumntm
2614 5547 2906 5610 tolerandos,
2933 5555 3030 5599 etc.

69 5621 235 5696 batur,
260 5641 311 5686 et
336 5632 660 5703 praecepisse
689 5640 747 5685 ut
787 5646 882 5700 pro
911 5630 1114 5684 unitate
1156 5630 1206 5684 in
1240 5630 1475 5686 Ecclesia
1507 5632 1633 5687 mali
1666 5612 1716 5719 Ti;-

73 5717 399 5828 lolera't‘erttur
419 5739 567 5828 ,ιιι-(ἕο
598 5731 817 5828 promer
852 5723 998 5828 ipsos
1027 5720 1272 5828 Ecclesia.
1301 5717 1701 5828 relinquere-fg:
1748 5717 2848 5828 ξξῗυώ
2860 5717 3108 5821 ﬁght)?“
3130 5717 3349 5808 ἔδιὶξξξίοῖ

1717 5619 1739 5677 ν

1814 5644 1887 5706 (a)
1922 5649 2032 5706 Acta
2053 5640 2136 5692 illa
2157 5653 2289 5702 saepe
2322 5641 2439 5706 citat
2459 5635 2769 5706 Augustinus,
2799 5641 2939 5706 etﬂex
2974 5630 3346 5706 iisnverbaut’ri:

1924 5691 2083 5757 ister:
2100 5741 2114 5765 ,
2137 5691 2298 5753 Enarr.
2321 5705 2372 5753 in
2406 5691 2661 5765 Psal.v3t_i_,
2859 5695 2926 5765 ἓ,
2943 5708 2995 5743 n.
3022 5693 3108 5765 l8;
3133 5691 3292 5765 in‘lib.
3317 5692 3349 5740 4

72 5815 142 5866 iur
165 5813 354 5888 (Epist.
384 5820 454 5877 ad
483 5814 834 5900 Maximum);
875 5825 928 5873 ct
955 5817 1211 5893 quosdam
1245 5817 1476 5886 Collegas
1502 5831 1632 5873 suos
1755 5813 2413 5896 ῖιέἶιῖ,“οᾷίιῇῖῖϐἐι51ξῆη.
2434 5813 2588 5893 ί,’20,
2607 5813 2686 5875 5'5.

3117 5939 3126 5944 ν
3151 5935 3188 5945 οδ
