3778 6136
413 303 513 364 03!

419 418 692 478 daemoniis
719 417 852 473 velle
891 396 1283 472 communicare
1307 399 1325 468 it
1351 412 1507 482 quasi
1545 410 1813 467 hazrcticis
1841 420 1993 463 cum-
2013 409 2059 421 "‘

416 513 732 576 municetur,
760 507 970 582 quando
1000 522 1184 562 eorum
1211 500 1690 560 anathematizatur
1721 500 1996 571 iniquitas,

415 603 658 676 quamvis
687 603 740 658 in
766 616 952 657 eorum
980 598 1382 656 consecratione
1419 599 1668 652 inventus
1696 595 1999 665 Baptismus

414 709 521 750 non
549 693 886 757 destruatur;
919 691 1058 746 sicut
1095 689 1574 745 anatltematizatur
1609 687 1861 757 iniquitas
1885 685 2000 740 dzc-

412 803 630 843 marium
655 829 668 852 ,
697 785 938 857 quamvis
965 785 1018 839 in
1044 798 1230 839 eorum
1256 781 1594 838 confessione
1637 779 1874 836 auditum
1904 792 2004 834 uo-
2040 779 2060 846 i3

411 893 538 934 men
570 877 778 932 Domini
817 891 924 930 non
949 883 1195 946 negetur.

486 973 573 1026 15.
618 973 692 1025 De
719 969 1177 1041 persecutionibus
1201 967 1362 1022 etiam
1391 980 1525 1036 quas
1549 965 1755 1039 perpeti
1783 979 1842 1020 se
1870 978 2005 1036 que-
2038 955 2060 1030 ’ἶ

412 1070 625 1128 runtur,
656 1062 822 1117 multa
860 1061 913 1116 in
946 1061 1057 1115 suis
1082 1058 1274 1114 litteris
1320 1066 1615 1128 posuerunt
1644 1075 1657 1111 :
1686 1071 1786 1111 nec
1825 1065 2006 1110 tamen

413 1153 744 1224 respondere
783 1153 898 1207 ausi
926 1160 1050 1207 sunt
1085 1150 1150 1206 ad
1181 1148 1309 1205 illud
1349 1149 1491 1220 quod
1521 1149 1573 1202 in
1616 1146 1870 1202 mandato
1898 1145 2007 1200 Ca-

419 1244 740 1298 tliolicorum
766 1242 964 1298 dictum
994 1251 1098 1309 est,
1128 1240 1270 1311 quod
1298 1239 1396 1310 ipsi
1424 1238 1670 1309 primitus
1694 1235 1834 1308 apud
1859 1235 2010 1290 Con-

417 1334 710 1389 stantinum
758 1333 1134 1402 imperatorem
1182 1338 1570 1386 accusaverunt
1614 1328 2007 1393 Cmcilianum;

416 1425 508 1494 qui
563 1423 631 1478 de
691 1423 1074 1491 imperatorum
1123 1422 1328 1493 legibus
1375 1429 1812 1492 conqueruntur,
1864 1420 2005 1474 invi-

419 1514 562 1570 diam
607 1512 686 1587 (a)
729 1512 1121 1568 Catholicorum
1170 1521 1574 1583 exaggerantes,
1624 1512 1736 1566 sive
1781 1518 2006 1577 mortes,

417 1619 554 1675 quas
602 1619 788 1660 eorum
837 1604 1302 1660 Circumcelliones
1353 1603 1699 1674 sibimetipsis
1749 1603 2006 1670 inferunt,

419 1696 534 1750 sive
576 1695 752 1751 omnia
797 1711 916 1766 quae
960 1711 1066 1751 non
1112 1711 1210 1766 pro
1239 1697 1620 1752 communione
1651 1697 1862 1760 Donati,
1909 1696 2009 1752 sed

421 1802 521 1857 pro
559 1786 849 1842 sceleribus
891 1787 1083 1857 quibus
1108 1787 1371 1843 violenter
1407 1789 1669 1855 smviunt,
1698 1789 2012 1860 nefarieque

419 1877 638 1943 vivunt,
670 1891 764 1947 per
790 1877 934 1948 leges
964 1877 1202 1948 publicas
1240 1877 1655 1950 discipliuasque
1693 1881 1967 1950 patiuntur
1991 1899 2010 1936 :

419 1969 561 2024 sicut
601 1969 760 2024 etiam
801 1969 868 2024 de
909 1969 1105 2039 oppido
1131 1969 1422 2040 Vagaitano
1453 1971 1530 2044 (ὁ)
1556 1986 2014 2028 commemorasse

423 2062 540 2118 ausi
581 2070 740 2128 sunt;
786 2063 875 2117 ubi
903 2060 1298 2118 manifestatum
1324 2071 1408 2119 est
1444 2071 1642 2134 quanta
1678 2064 1816 2120 mala
1856 2079 2012 2121 com-

422 2153 685 2218 miserint,
717 2163 771 2210 et
795 2169 952 2224 quam
981 2154 1188 2210 minora
1216 2155 1456 2224 perpessi
1485 2163 1625 2210 sunt.

493 2246 581 2299 M.
623 2245 706 2300 Ad
754 2244 884 2300 illud
926 2261 1141 2317 quoque
1187 2247 1241 2300 in
1290 2244 1684 2302 Catltolicorum
1734 2247 2009 2316 mandato,

419 2335 562 2405 quod
591 2336 790 2392 dictum
817 2344 903 2392 est
941 2337 1008 2393 de
1042 2338 1354 2408 purgatione
1394 2347 1450 2393 et
1473 2337 1809 2394 absolutione
1833 2339 2011 2395 Caeci-

419 2428 549 2484 liani
578 2439 632 2484 et
665 2429 858 2486 Felicis
887 2430 1285 2502 Aptuginensis,
1323 2430 1392 2487 de
1428 2446 1656 2503 quorum
1697 2433 2015 2490 criminibus

419 2521 561 2592 apud
589 2521 862 2592 imperitos
887 2522 1130 2578 solebant
1156 2522 1444 2579 Catholicis
1478 2539 1724 2595 magnam
1753 2525 2013 2582 invidiam

418 2613 727 2680 concitare;
768 2629 889 2669 cum
929 2614 1037 2670 illic
1077 2623 1184 2669 tota
1222 2629 1381 2670 causa
1407 2624 1628 2686 propter
1651 2631 1812 2686 quam
1845 2633 2015 2674 vene-

421 2717 563 2768 rant,
609 2713 945 2774 versaretur,
991 2706 1124 2761 nihil
1167 2707 1388 2761 omnino
1430 2707 1757 2778 respondere
1801 2709 1853 2763 in
1900 2718 2016 2766 tam

419 2797 641 2866 prolixis
681 2798 872 2853 litteris
906 2798 1187 2854 voluerunt
1214 2817 1227 2852 :
1259 2799 1382 2870 quia
1411 2806 1466 2854 et
1503 2798 1559 2854 in
1600 2814 1666 2854 eo
1693 2798 1836 2870 quod
1861 2800 2014 2856 dice-

419 2889 570 2953 bant,
595 2899 647 2944 et
667 2889 861 2945 divinis
888 2890 1210 2946 testimoniis
1232 2892 1376 2946 velut
1402 2892 1732 2959 astruebant,
1757 2907 1864 2948 non
1889 2908 2015 2950 esse

421 2979 597 3034 malos
627 2979 678 3033 in
706 2979 944 3036 Ecclesia
974 2981 1298 3046 tolerandos,
1328 2981 1423 3037 sed
1452 2982 1522 3036 ab
1547 2983 1626 3037 eis
1651 2983 2014 3042 recedendum

419 3078 641 3138 propter
666 3071 965 3141 contagium
996 3080 1372 3141 peccatorum;
1403 3073 1472 3128 ita
1500 3088 1558 3129 se
1582 3073 1762 3131 dicere
1789 3074 2019 3132 demon-

422 3159 683 3224 strabant,
708 3171 765 3216 ut
792 3169 965 3217 tamen
999 3162 1252 3232 ignoratis
1275 3165 1505 3234 peccatis
1526 3164 1716 3220 alienis
1738 3167 2011 3223 neminem

419 3253 678 3308 maculari
723 3269 880 3324 posse
925 3253 1240 3310 faterentur.
1299 3255 1411 3312 [loc
1456 3257 1600 3312 enim
1641 3265 1696 3312 et
1739 3259 1808 3315 de
1853 3260 2012 3316 malis

420 3342 656 3412 piscibus
694 3343 960 3410 dixerant,
993 3345 1134 3416 quod
1161 3347 1296 3402 sicut
1334 3347 1457 3403 illos
1499 3347 1726 3405 latentes
1759 3350 1811 3406 in
1839 3350 2013 3408 (lucti-

420 3436 542 3502 bus,
569 3438 811 3507 quamvis
844 3439 955 3506 jam
982 3439 1117 3494 intra
1149 3441 1303 3507 retia,
1334 3457 1440 3497 non
1467 3442 1647 3498 vident
1673 3443 2008 3514 piscatores;

419 3527 500 3582 sic
542 3528 767 3585 latentes
806 3531 973 3586 malos
1013 3532 1067 3587 in
1115 3532 1350 3590 Ecclesia
1394 3535 1641 3591 nesciunt
1678 3537 2008 3604 sacerdotes,

420 3627 476 3672 et
499 3619 566 3674 ab
592 3623 670 3675 eis
699 3620 819 3676 ideo
844 3623 1062 3678 minime
1083 3624 1413 3693 polluuntur.
1437 3626 1546 3683 Nec
1567 3636 1746 3683 tamen
1767 3629 1853 3683 vel
1878 3630 2016 3684 levio

418 3719 504 3763 ter
541 3710 623 3764 vel
669 3711 900 3765 tenuiter
944 3713 994 3766 in
1041 3721 1150 3766 tam
1199 3715 1420 3783 prolixis
1467 3726 1521 3772 et
1565 3726 1712 3772 tanta
1753 3717 2012 3775 dilatione

419 3807 640 3867 accepta
663 3801 977 3869 conscriptis
1002 3802 1192 3856 litteris
1231 3805 1458 3873 probare
1487 3807 1662 3860 conati
1697 3817 1842 3876 sunt,
1864 3809 2011 3879 quod

419 3889 654 3943 maxime
699 3890 750 3944 in
791 3891 1042 3945 mandato
1083 3891 1483 3948 Catholicorum
1533 3908 2008 3954 commemoratum

421 3988 524 4042 est,
556 3989 612 4034 ut
636 3980 921 4050 probarent
948 3998 1051 4038 non
1083 3984 1257 4040 solum
1279 4001 1404 4041 vera
1431 4003 1553 4044 esse
1590 3989 1812 4044 crimina
1833 3991 2007 4048 Cazci-

420 4072 543 4126 iani
576 4071 721 4145 (nam
751 4073 852 4130 hoc
873 4091 1056 4146 parum
1093 4077 1196 4150 est)
1221 4096 1234 4144 ;
1266 4079 1360 4134 sed
1391 4080 1551 4136 etiam
1578 4081 1854 4151 Ecclesiae,
1883 4101 2005 4157 qua:

419 4179 519 4234 per
543 4179 729 4220 omnes
753 4175 942 4237 gentes
968 4184 1134 4239 usque
1162 4169 1228 4224 ad
1255 4179 1410 4226 terrae
1445 4173 1699 4228 terminos
1730 4174 2008 4246 dilatatur,

420 4270 484 4310 ea
527 4257 737 4326 probari
768 4268 821 4313 et
849 4259 1182 4317 innotescere
1222 4264 1478 4332 potuisse,
1521 4275 1580 4319 ut
1617 4277 2009 4338 consequenter

420 4346 610 4402 saltem
652 4349 943 4404 secundum
975 4351 1120 4422 ipsos
1158 4363 1341 4424 posset
1379 4356 1714 4426 cognitorum
1757 4370 2006 4428 peccato-

420 4454 540 4494 rum
564 4441 882 4512 contagione
916 4444 1193 4499 maculari.
1362 4500 1365 4502 _

493 4528 720 4588 CAPUT
760 4532 851 4587 IX.
873 4565 945 4574 ——
972 4536 1058 4591 l5.
1087 4536 1218 4591 Cum
1257 4538 1432 4608 itaque
1475 4540 1666 4596 litterae
1701 4542 2008 4600 Donatista-

422 4641 543 4679 rum
582 4626 817 4681 recitata:
843 4627 1089 4697 fuissent,
1119 4629 1282 4685 voluit
1305 4630 1581 4702 Cognitor,
1607 4643 1663 4688 ut
1690 4636 1849 4690 etiam
1884 4653 2005 4707 quae

419 4714 676 4772 Catholici
713 4718 982 4774 recitanda
1020 4720 1278 4776 dederant
1318 4722 1641 4792 legerentur.
1684 4725 1788 4782 Sed
1821 4728 2000 4783 Dona-

414 4807 563 4864 tista:
590 4806 655 4864 ad
684 4823 748 4865 ea
775 4825 894 4881 qua:
923 4811 1250 4882 scripserant
1291 4821 1348 4867 ut
1389 4815 1818 4884 responderetur,
1849 4819 2000 4889 ﬂagi-

415 4916 530 4960 tare
560 4915 857 4975 cmperunt.
891 4906 1043 4974 Quod
1096 4915 1149 4961 et
1197 4904 1457 4962 Catholici
1511 4913 1679 4981 magis
1729 4910 2001 4980 volebant,

412 5012 484 5051 ne
513 4997 613 5050 illac
645 4997 836 5052 littera:
875 4999 950 5053 sic
993 5010 1290 5067 manerent,
1321 5004 1470 5071 quasi
1511 5003 1589 5058 eis
1634 5019 1739 5059 non
1768 5005 2006 5076 potuerit

412 5087 751 5156 responderi.
781 5087 1159 5159 lucipicntibus
1187 5107 1312 5161 ergo
1341 5092 1629 5149 Catliolicis
1652 5097 2002 5166 respondere,

414 5171 714 5234 Donatista:
761 5181 1151 5254 interrumpere
1178 5195 1232 5240 et
1257 5187 1568 5257 obstrepere
1597 5201 1895 5260 coeperunt,
1929 5208 1998 5249 ne

412 5283 704 5344 perpetuus
730 5275 1102 5344 respondentis
1143 5293 1321 5332 sermo
1363 5279 1688 5348 decurreret,
1730 5284 1865 5351 sicut
1904 5301 2001 5342 eo-

410 5382 534 5422 rum
592 5367 783 5423 littcra:
840 5368 988 5422 nullo
1044 5369 1415 5440 interpellante
1481 5374 1688 5431 fuerant
1743 5379 1998 5436 recitatae.

413 5460 731 5518 Volentibus
751 5476 878 5529 ergo
904 5459 1195 5518 Catliolicis
1221 5464 1398 5520 divina
1431 5468 1730 5524 testimonia
1761 5487 1878 5543 qua:
1900 5474 2000 5545 ipsi

493 5702 544 5762 ιι)
553 5705 693 5753 Juxta
705 5697 869 5760 Morel,
885 5696 1037 5749 Elem.
1054 5696 1206 5748 Critic.
1217 5731 1230 5756 ,
1242 5709 1320 5760 pp.
1340 5698 1449 5762 279,
1469 5697 1573 5760 5-280,
1586 5700 1633 5752 in
1647 5701 1892 5760 invidiam.
1928 5712 1987 5762 Μ.

493 5714 523 5750 ιι
553 5705 693 5753 Juxta
705 5700 977 5760 Morel,Ele1

469 5700 545 5833 ξιξ
576 5770 679 5827 Pro,
706 5762 977 5831 Bagaittmo.

1637 297 1695 354 Β.
1737 280 2098 349 AUCUSTINI
2138 281 2443 341 EPlSCOPl

2641 190 2752 204 ,νη-ναι
2772 186 2838 207 τις·

2811 218 2813 222 τ
3400 211 3452 226 "\.

3604 282 3709 340 6‘3!

2115 409 2423 472 posuerant,
2451 407 2504 455 et
2527 410 2590 455 ea
2622 411 2740 470 quae
2771 397 2844 453 illi
2878 398 2894 430 ⁸
2921 409 3497 470 commemoraverant,
3517 414 3706 461 osten-

2112 493 2240 549 dere
2273 491 2723 564 quemadmodum
2762 499 2944 547 essent
2980 493 3296 563 accipieuda
3321 536 3337 559 ,
3379 510 3448 551 ne
3484 496 3630 552 inter
3653 515 3711 556 se

2112 585 2641 657 deprehenderentur
2665 600 2784 642 esse
2807 589 3096 652 contraria,
3120 603 3244 643 cum
3268 601 3457 646 essent
3478 603 3706 664 utraque

2112 677 2313 745 divina,
2339 686 2393 734 et
2419 679 2599 749 utique
2621 692 2877 743 consona,
2902 694 3008 734 non
3026 680 3266 750 dissona,
3281 699 3407 740 esse
3429 684 3709 753 deberent,

2113 769 2358 839 primitus
2380 769 2449 824 de
2471 783 2615 825 areae
2641 768 2994 826 similitudine
3015 783 3300 842 coeperunt
3323 774 3527 832 dicere.
3560 778 3710 834 Tunc

2010 863 2066 939 κέ,
2115 861 2410 916 Donatista:
2458 861 2946 932 interrumpentes,
2985 862 3244 920 dixerunt
3284 867 3430 936 quod
3473 869 3542 924 de
3585 884 3708 925 area

2115 966 2222 1006 non
2266 952 2530 1023 legeretur
2577 953 2630 1007 in
2671 953 2959 1024 Evangelio
3013 956 3272 1026 scriptum
3328 959 3427 1028 (α).
3475 959 3710 1032 Cumque

2116 1045 2422 1114 expressius
2463 1060 2492 1099 a
2533 1045 2818 1101 Catholicis
2865 1046 3018 1102 locus
3060 1046 3338 1120 Evangelii
3375 1066 3712 1110 commemo-

2115 1145 2367 1202 raretur;
2413 1151 2599 1194 rursus
2653 1137 3092 1210 interrumpendo
3142 1139 3436 1207 dixerunt,
3475 1145 3714 1199 occultos

2118 1229 2288 1284 malos
2314 1229 2486 1286 dictos
2528 1246 2650 1287 esse
2689 1232 2896 1303 paleam
2939 1241 3122 1302 postea
3159 1235 3545 1291 ventilandam.
3589 1237 3718 1294 Inde

2119 1321 2260 1376 inter
2297 1323 2552 1393 strepitus
2591 1332 2646 1378 et
2684 1323 3104 1393 interruptiones
3143 1341 3356 1394 eorum,
3385 1329 3459 1384 de
3496 1330 3720 1386 ziuniis

2119 1421 2174 1466 et
2202 1412 2377 1468 tritico
2414 1412 2680 1470 dissensio
2722 1423 2844 1470 nata
2872 1424 2975 1481 est,
3019 1427 3240 1487 propter
3279 1420 3467 1475 mundi
3495 1436 3716 1489 nomen,

2118 1519 2226 1575 quo
2253 1505 2539 1562 Donatista:
2560 1507 2810 1564 nolebant
2837 1508 3058 1581 intelligi
3087 1510 3407 1577 Ecclesiam,
3435 1515 3560 1584 quia
3583 1516 3720 1570 serio
3774 1563 3775 1566 η

2118 1605 2267 1665 ptum
2298 1605 2410 1663 est,
2441 1597 2576 1670 Ager
2608 1607 2681 1652 est
2709 1599 2791 1653 hic
2818 1601 3056 1654 inundata.
3105 1602 3170 1656 Et
3209 1603 3376 1658 multa
3410 1606 3716 1661 testimoni:

2120 1687 2479 1756 protulerunt,
2525 1689 2720 1760 quibus
2761 1699 2944 1746 sancta
2986 1692 3261 1764 Scriptura
3307 1695 3569 1751 mundum
3613 1714 3718 1752 non

2119 1777 2222 1833 nisi
2250 1779 2421 1834 malos
2445 1792 2959 1850 commemorasset;
3001 1783 3158 1840 sicuti
3197 1794 3318 1851 est,
3350 1786 3454 1852 Qui
3487 1789 3717 1842 dilexerit
3774 1777 3775 1852 ἓ

2120 1869 2388 1936 mundum,
2412 1887 2513 1925 non
2539 1881 2610 1926 est
2633 1873 2856 1928 citat-itas
2873 1871 3045 1928 Patris
3071 1875 3124 1929 in
3146 1876 3237 1930 illo
3257 1875 3309 1947 (l
3331 1875 3496 1933 Joan.
3515 1895 3574 1947 ιι,
3597 1880 3716 1948 15};
3774 1899 3775 1952 ἦ

2120 1969 2176 2016 et
2205 1969 2397 2016 caetera
2440 1962 2560 2017 talia
2595 1980 2608 2017 :
2639 1973 2697 2018 ut
2721 1965 2872 2034 quasi
2902 1981 2969 2021 ex
2999 1966 3102 2022 hoc
3123 1967 3498 2034 ostenderent,
3534 1972 3718 2026 mundi

2120 2052 2339 2107 nomine
2361 2053 2659 2110 Ecclesiam
2681 2057 2966 2127 significari
2992 2058 3212 2116 minime
3236 2061 3496 2130 potuisse.
3519 2063 3719 2119 Contra
3774 2047 3775 2092 ἦ

2121 2142 2378 2199 Catholici
2409 2144 2512 2200 alia
2539 2147 2844 2203 testi-monia
2873 2148 3239 2220 proferebant,
3267 2153 3469 2223 quibus
3499 2155 3549 2210 in
3579 2156 3723 2211 bono
3774 2223 3775 2226 η

2121 2235 2307 2290 mundi
2332 2250 2528 2292 nomen
2560 2252 2681 2294 esse
2707 2240 2939 2309 positum
2966 2242 3388 2309 ostenderetur;
3429 2245 3587 2300 sicuti
3618 2257 3722 2311 est,
3774 2245 3775 2296 ἰ

2121 2324 2262 2380 Deus
2282 2337 2389 2381 erat
2415 2328 2468 2381 in
2498 2327 2696 2384 Christo
2724 2329 2973 2386 mundum
2997 2334 3334 2388 reconcilians
3362 2336 3461 2390 sibi
3490 2335 3565 2408 (ll
3591 2335 3711 2392 Cor.

2121 2431 2176 2480 v,
2201 2416 2294 2486 l9)
2321 2435 2334 2472 :
2363 2426 2418 2472 et
2443 2428 2634 2474 eastern
2659 2419 2988 2490 huiusmodi,
3015 2423 3102 2478 ubi
3127 2425 3513 2482 ostenderetur
3534 2427 3722 2482 Eccle-
3774 2416 3775 2490 ἶ

2123 2512 2202 2566 sia
2225 2554 2240 2577 ,
2271 2512 2520 2582 quoniam
2549 2513 2663 2584 ipsa
2693 2518 2878 2586 utique
2909 2531 3003 2586 per
3040 2515 3314 2573 Christum
3345 2521 3722 2575 reconciliatur
3774 2512 3775 2586 ᾗ

2125 2604 2255 2659 Deo.
2300 2605 2366 2660 Et
2407 2608 2521 2660 ιιωο
2550 2607 2865 2678 agebantur,
2894 2609 3182 2666 Catholicis
3222 2626 3532 2668 sermonem
3565 2629 3719 2668 suum
3774 2603 3775 2678 Ῑ

2123 2697 2499 2767 prosequendo
2545 2708 2863 2768 perpetuare
2904 2701 3242 2770 conantibus,
3291 2702 3400 2758 illis
3439 2713 3618 2760 autem
3657 2719 3721 2759 ne
3774 2771 3775 2776 η

2124 2787 2179 2842 id
2219 2787 2372 2844 ﬁeret
2410 2791 2906 2860 perstrepentibus;
2954 2807 3075 2848 cum
3117 2808 3269 2848 suam
3311 2796 3718 2866 responsionem

2123 2894 2232 2934 non
2261 2889 2616 2946 reservarent,
2638 2882 2780 2936 sicut
2801 2881 3060 2938 Catholici
3087 2884 3344 2946 fecerant,
3381 2901 3510 2940 cum
3533 2901 3718 2941 eorum

2125 2972 2350 3042 epistola
2379 2973 2681 3043 legeretur;
2713 2973 2807 3030 sed
2831 2975 3050 3032 crebras
3072 2978 3536 3035 contradictiones
3560 2980 3720 3035 inter-

2124 3063 2402 3134 ponendo,
2436 3080 2503 3121 ne
2542 3065 2940 3122 Catholicorum
2988 3071 3296 3138 prosecutio
3335 3072 3721 3142 imperturbata

2122 3166 2498 3226 procurreret,
2526 3157 2866 3227 impedirent.

2198 3246 2286 3302 16.
2329 3246 2718 3318 Flagitantibus
2759 3249 2937 3319 itaque
2967 3250 3276 3320 patientiam
3307 3266 3504 3308 eorum
3529 3253 3725 3309 Catho-

2124 3340 2265 3406 licis,
2312 3351 2368 3396 et
2421 3355 2516 3412 per
2555 3341 2750 3396 multas
2794 3342 3096 3412 Cognitoris
3145 3345 3590 3402 interlocutiones
3638 3348 3723 3402 vix

2125 3432 2567 3502 impetrantibus;
2615 3434 3012 3502 responderunt
3055 3435 3245 3490 litteris
3292 3451 3509 3505 eorum,
3536 3448 3719 3493 osten-

2126 3523 2317 3578 dentes
2352 3525 2532 3580 multis
2558 3535 2862 3580 sanctarum
2891 3525 3286 3597 Scripturarum
3319 3530 3648 3585 testimoniis
3669 3539 3721 3585 et

2125 3615 2408 3686 exemplis,
2435 3615 2604 3671 malos
2631 3617 2682 3671 iu
2712 3617 2952 3674 Ecclesia
2983 3634 3125 3675 nuuc
3146 3621 3226 3675 sic
3253 3635 3375 3676 esse
3402 3624 3718 3691 permixtos,

2123 3716 2184 3760 ut
2224 3707 2468 3776 quamvis
2492 3707 2684 3763 debeat
2731 3709 2948 3778 vigilare
2991 3711 3356 3767 ecclesiastica
3410 3714 3714 3785 disciplina,

2125 3798 2192 3853 ad
2222 3813 2315 3854 eos
2364 3813 2468 3854 non
2517 3799 2690 3854 solum
2721 3801 2920 3869 verbis,
2952 3802 3045 3856 sed
3088 3804 3248 3858 etiam
3277 3807 3717 3864 excommunica-

2125 3892 2357 3947 tionibus
2387 3902 2440 3948 et
2469 3891 2934 3963 degradationibus
2966 3896 3358 3966 corripiendos,
3392 3909 3572 3956 tamen
3608 3915 3715 3957 non

2123 3987 2298 4042 solum
2328 3987 2382 4042 in
2403 4002 2464 4041 ca
2495 3987 2722 4043 latentes
2760 3989 3090 4057 nesciantur,
3116 3990 3210 4046 sed
3253 3991 3570 4065 plerumque
3595 4009 3715 4066 pro-

2121 4091 2242 4150 pter
2285 4094 2470 4150 pacem
2513 4080 2733 4136 unitatis
2777 4082 2938 4136 etiam
2986 4082 3186 4153 cogniti
3236 4083 3540 4141 tolerentur
3578 4103 3594 4140 :
3638 4087 3712 4140 sic

2122 4171 2465 4228 ostendentes
2507 4171 2685 4227 divina
2731 4174 3037 4228 testimonia
3075 4189 3394 4244 consonare,
3423 4185 3484 4233 ut
3526 4187 3586 4234 et
3628 4177 3713 4234 illa

2122 4263 2316 4333 quibus
2339 4262 2806 4319 commendaretur
2835 4265 3076 4321 Ecclesia
3114 4281 3234 4322 cum
3275 4269 3542 4325 malorum
3567 4285 3714 4326 con-

2121 4354 2402 4420 mixtione,
2433 4355 2532 4410 hoc
2558 4364 2764 4426 tempus
2793 4356 2912 4426 ejus
2938 4357 3322 4428 significarent,
3351 4360 3526 4430 qualis
3549 4363 3712 4418 estin

2122 4447 2370 4514 praesenti
2398 4446 2626 4511 sacculo;
2658 4454 2712 4502 et
2749 4447 2834 4501 illa
2868 4449 3171 4504 testimonia
3201 4451 3397 4520 quibus
3435 4466 3710 4510 commen—

2120 4537 2277 4592 datur
2307 4553 2413 4592 non
2456 4537 2655 4593 habere
2681 4539 2999 4595 commixtos
3031 4542 3224 4610 malos,
3273 4541 3403 4598 illud
3433 4545 3553 4614 ejus
3581 4553 3710 4600 tem-

2120 4645 2220 4701 pus
2246 4631 2626 4702 signiﬁcarent,
2658 4632 2829 4702 qualis
2873 4641 3100 4689 venturo
3124 4634 3326 4690 szeculo
3364 4635 3419 4691 in
3453 4645 3712 4694 mter-num

2120 4723 2296 4778 futura
2326 4732 2428 4778 est.
2462 4722 2612 4778 Sicut
2645 4739 2786 4779 nunc
2825 4725 3065 4780 mortalis
3099 4734 3203 4792 est,
3239 4725 3292 4782 id
3325 4737 3430 4794 est,
3459 4744 3528 4784 ex
3570 4744 3710 4785 mor-

2120 4815 2316 4869 talibus
2356 4814 2660 4871 hominibus
2697 4827 2944 4885 constat;
2994 4829 3118 4874 tunc
3170 4829 3350 4876 autem
3395 4822 3710 4879 immortalis

2120 4908 2242 4974 crit,
2280 4906 2490 4976 quando
2530 4907 2584 4963 in
2621 4923 2683 4963 ea
2724 4924 2882 4964 nemo
2909 4910 3204 4966 morietur:
3235 4913 3375 4968 sicut
3405 4915 3521 4984 ipse
3548 4913 3707 4970 Chri-

2119 5006 2233 5052 stus
2259 4997 2362 5052 isto
2391 5005 2633 5068 tempore
2663 4997 2759 5053 fuit
2789 5015 2886 5069 pro
2915 4999 3002 5054 illa
3027 5002 3288 5070 mortalis,
3322 5012 3444 5073 post
3471 5019 3708 5060 resurre-

2119 5089 2351 5143 ctionem
2371 5098 2548 5144 autem
2571 5089 2676 5158 iam
2697 5105 2802 5144 non
2834 5091 3083 5159 moritur,
3100 5101 3155 5146 et
3175 5107 3320 5147 mors
3345 5094 3422 5149 illi
3444 5095 3581 5151 ultra
3606 5113 3704 5152 non

2118 5181 2480 5238 dominabitur
2518 5183 2698 5255 (Rom.
2728 5200 2800 5249 vi,
2829 5183 2920 5255 9);
2954 5185 3095 5255 quod
3121 5186 3282 5240 etiam
3314 5187 3574 5245 Ecclesiae
3599 5206 3704 5244 sum

2117 5274 2171 5327 in
2205 5273 2308 5330 fine
2338 5275 2516 5330 smculi
2541 5276 2876 5344 praestiturus
2896 5286 2998 5332 est.
3025 5277 3152 5334 Haec
3186 5279 3294 5336 duo
3324 5290 3562 5352 tempora
3602 5283 3702 5339 Ec-

2117 5365 2315 5431 clesize,
2353 5383 2469 5436 quae
2514 5355 2657 5422 nunc
2693 5376 2794 5433 cst,
2828 5378 2882 5423 et
2910 5369 3080 5439 qualis
3107 5379 3234 5426 tunc
3261 5373 3384 5437 erit,
3415 5375 3700 5442 significata

2115 5468 2199 5515 est
2235 5461 2393 5515 etiam
2437 5461 2643 5516 duabus
2698 5463 3080 5533 piseationibus
3120 5482 3135 5521 :
3179 5482 3283 5522 una
3357 5480 3484 5525 ante
3529 5485 3700 5527 resur-

2174 5640 2194 5708 ξ
2228 5647 2330 5690 Am.
2354 5645 2429 5690 Er.
2459 5646 2510 5691 et
2531 5646 2660 5703 Lov.,
2685 5640 2804 5694 illic.
2829 5644 3126 5708 Legendum,
3151 5642 3261 5708 illi;
3282 5652 3336 5696 ut
3354 5646 3418 5698 ad
3440 5651 3701 5706 Dormis“!

2107 5703 2456 5840 “ﬁgam
2477 5762 2560 5823 lib.
2586 5762 2634 5832 2,
2653 5772 2818 5821 contra
2841 5769 3170 5845 Gaudentium:
3187 5782 3293 5841 αψο
3309 5769 3361 5840 ⁴ο
3385 5785 3437 5825 ³·
3461 5771 3513 5830 ⁴ο
