  <div class='ocr_page' id='page_1' title='image "/cluster/home/n/w/nwhite01/storage/ocr_20150623/43/uva.x000827113/324.png"; bbox 0 0 3784 6136; ppageno 0'>
   <div class='ocr_carea' id='block_1_1' title="bbox 99 291 220 363">
    <p class='ocr_par' dir='ltr' id='par_1_1' title="bbox 99 291 220 363">
     <span class='ocr_line' id='line_1_1' title="bbox 99 291 220 363; baseline -0.025 0"><span class='ocrx_word' id='word_1_1' title='bbox 99 291 220 363; x_wconf 62' lang='grc'><strong>’633</strong></span> 
     </span>
    </p>
   </div>
   <div class='ocr_carea' id='block_1_2' title="bbox 110 403 1704 489">
    <p class='ocr_par' dir='ltr' id='par_1_2' title="bbox 110 403 1704 489">
     <span class='ocr_line' id='line_1_2' title="bbox 110 403 1704 489; baseline -0.013 -9"><span class='ocrx_word' id='word_1_2' title='bbox 110 423 410 480; x_wconf 85' lang='lat' dir='ltr'><strong>rectionem</strong></span> <span class='ocrx_word' id='word_1_3' title='bbox 436 415 654 485; x_wconf 86' lang='lat' dir='ltr'><strong>Christi,</strong></span> <span class='ocrx_word' id='word_1_4' title='bbox 679 409 892 489; x_wconf 80' lang='lat' dir='ltr'><strong>quando</strong></span> <span class='ocrx_word' id='word_1_5' title='bbox 920 413 1059 469; x_wconf 83' lang='lat' dir='ltr'><strong>milli</strong></span> <span class='ocrx_word' id='word_1_6' title='bbox 1093 412 1254 484; x_wconf 89' lang='lat' dir='ltr'><strong>jussit</strong></span> <span class='ocrx_word' id='word_1_7' title='bbox 1296 411 1450 476; x_wconf 89' lang='lat' dir='ltr'><strong>retia,</strong></span> <span class='ocrx_word' id='word_1_8' title='bbox 1493 421 1592 474; x_wconf 78' lang='lat' dir='ltr'><strong>nec</strong></span> <span class='ocrx_word' id='word_1_9' title='bbox 1634 403 1704 459; x_wconf 46' lang='lat' dir='ltr'><strong>sit</strong></span> 
     </span>
    </p>
   </div>
   <div class='ocr_carea' id='block_1_3' title="bbox 108 499 1706 578">
    <p class='ocr_par' dir='ltr' id='par_1_3' title="bbox 108 499 1706 578">
     <span class='ocr_line' id='line_1_3' title="bbox 108 499 1706 578; baseline -0.013 -6"><span class='ocrx_word' id='word_1_10' title='bbox 108 517 338 572; x_wconf 86' lang='lat' dir='ltr'><strong>nistram</strong></span> <span class='ocrx_word' id='word_1_11' title='bbox 380 527 480 569; x_wconf 89' lang='lat' dir='ltr'><strong>nec</strong></span> <span class='ocrx_word' id='word_1_12' title='bbox 529 509 807 567; x_wconf 90' lang='lat' dir='ltr'><strong>dexteram</strong></span> <span class='ocrx_word' id='word_1_13' title='bbox 858 506 1144 562; x_wconf 84' lang='lat' dir='ltr'><strong>nominans</strong></span> <span class='ocrx_word' id='word_1_14' title='bbox 1195 513 1402 578; x_wconf 88' lang='lat' dir='ltr'><strong>partem</strong></span> <span class='ocrx_word' id='word_1_15' title='bbox 1457 499 1607 574; x_wconf 81' lang='lat' dir='ltr'><strong>(Luc.</strong></span> <span class='ocrx_word' id='word_1_16' title='bbox 1651 513 1706 563; x_wconf 89' lang='lat' dir='ltr'><strong>v,</strong></span> 
     </span>
    </p>
   </div>
   <div class='ocr_carea' id='block_1_4' title="bbox 107 589 1710 676">
    <p class='ocr_par' dir='ltr' id='par_1_4' title="bbox 107 589 1710 676">
     <span class='ocr_line' id='line_1_4' title="bbox 107 589 1710 676; baseline -0.012 -13"><span class='ocrx_word' id='word_1_17' title='bbox 107 606 310 676; x_wconf 67' lang='lat'><strong>4—10);</strong></span> <span class='ocrx_word' id='word_1_18' title='bbox 356 613 416 660; x_wconf 92' lang='lat' dir='ltr'><strong>ut</strong></span> <span class='ocrx_word' id='word_1_19' title='bbox 459 617 560 661; x_wconf 91' lang='lat' dir='ltr'><strong>nec</strong></span> <span class='ocrx_word' id='word_1_20' title='bbox 607 601 754 658; x_wconf 89' lang='lat' dir='ltr'><strong>solos</strong></span> <span class='ocrx_word' id='word_1_21' title='bbox 799 599 990 664; x_wconf 89' lang='lat' dir='ltr'><strong>malos,</strong></span> <span class='ocrx_word' id='word_1_22' title='bbox 1038 612 1140 653; x_wconf 90' lang='lat' dir='ltr'><strong>nec</strong></span> <span class='ocrx_word' id='word_1_23' title='bbox 1187 596 1332 652; x_wconf 88' lang='lat' dir='ltr'><strong>solos</strong></span> <span class='ocrx_word' id='word_1_24' title='bbox 1375 594 1566 658; x_wconf 91' lang='lat' dir='ltr'><strong>bonos,</strong></span> <span class='ocrx_word' id='word_1_25' title='bbox 1614 589 1710 646; x_wconf 90' lang='lat' dir='ltr'><strong>sed</strong></span> 
     </span>
    </p>
   </div>
   <div class='ocr_carea' id='block_1_5' title="bbox 108 683 1710 755">
    <p class='ocr_par' dir='ltr' id='par_1_5' title="bbox 108 683 1710 755">
     <span class='ocr_line' id='line_1_5' title="bbox 108 683 1710 755; baseline -0.011 0"><span class='ocrx_word' id='word_1_26' title='bbox 108 699 440 755; x_wconf 80' lang='lat' dir='ltr'><strong>commixtos</strong></span> <span class='ocrx_word' id='word_1_27' title='bbox 476 694 632 752; x_wconf 88' lang='lat' dir='ltr'><strong>bonis</strong></span> <span class='ocrx_word' id='word_1_28' title='bbox 671 692 842 750; x_wconf 89' lang='lat' dir='ltr'><strong>malos</strong></span> <span class='ocrx_word' id='word_1_29' title='bbox 887 692 1024 747; x_wconf 90' lang='lat' dir='ltr'><strong>intra</strong></span> <span class='ocrx_word' id='word_1_30' title='bbox 1070 689 1204 746; x_wconf 86' lang='lat' dir='ltr'><strong>retia</strong></span> <span class='ocrx_word' id='word_1_31' title='bbox 1251 701 1471 743; x_wconf 87' lang='lat' dir='ltr'><strong>suorum</strong></span> <span class='ocrx_word' id='word_1_32' title='bbox 1517 683 1710 740; x_wconf 87' lang='lat' dir='ltr'><strong>Sacra-</strong></span> 
     </span>
    </p>
   </div>
   <div class='ocr_carea' id='block_1_6' title="bbox 109 777 1706 851">
    <p class='ocr_par' dir='ltr' id='par_1_6' title="bbox 109 777 1706 851">
     <span class='ocr_line' id='line_1_6' title="bbox 109 777 1706 851; baseline -0.011 -6"><span class='ocrx_word' id='word_1_33' title='bbox 109 799 421 847; x_wconf 90' lang='lat' dir='ltr'><strong>mentorum</strong></span> <span class='ocrx_word' id='word_1_34' title='bbox 453 787 660 842; x_wconf 87' lang='lat' dir='ltr'><strong>futuros</strong></span> <span class='ocrx_word' id='word_1_35' title='bbox 683 783 938 840; x_wconf 87' lang='lat' dir='ltr'><strong>doceret:</strong></span> <span class='ocrx_word' id='word_1_36' title='bbox 983 789 1104 851; x_wconf 89' lang='lat' dir='ltr'><strong>post</strong></span> <span class='ocrx_word' id='word_1_37' title='bbox 1131 777 1579 835; x_wconf 81' lang='lat' dir='ltr'><strong>resurrectionem</strong></span> <span class='ocrx_word' id='word_1_38' title='bbox 1607 788 1706 828; x_wconf 86' lang='lat' dir='ltr'><strong>au-</strong></span> 
     </span>
    </p>
   </div>
   <div class='ocr_carea' id='block_1_7' title="bbox 108 869 1706 952">
    <p class='ocr_par' dir='ltr' id='par_1_7' title="bbox 108 869 1706 952">
     <span class='ocr_line' id='line_1_7' title="bbox 108 869 1706 952; baseline -0.013 -14"><span class='ocrx_word' id='word_1_39' title='bbox 108 892 260 947; x_wconf 90' lang='lat' dir='ltr'><strong>tem,</strong></span> <span class='ocrx_word' id='word_1_40' title='bbox 301 876 516 952; x_wconf 87' lang='lat' dir='ltr'><strong>quando</strong></span> <span class='ocrx_word' id='word_1_41' title='bbox 537 876 698 949; x_wconf 86' lang='lat' dir='ltr'><strong>jussit</strong></span> <span class='ocrx_word' id='word_1_42' title='bbox 730 875 865 932; x_wconf 87' lang='lat' dir='ltr'><strong>retia</strong></span> <span class='ocrx_word' id='word_1_43' title='bbox 903 873 1038 928; x_wconf 87' lang='lat' dir='ltr'><strong>mitti</strong></span> <span class='ocrx_word' id='word_1_44' title='bbox 1080 871 1137 926; x_wconf 90' lang='lat' dir='ltr'><strong>in</strong></span> <span class='ocrx_word' id='word_1_45' title='bbox 1175 869 1452 926; x_wconf 80' lang='lat' dir='ltr'><strong>dexteram</strong></span> <span class='ocrx_word' id='word_1_46' title='bbox 1496 873 1706 936; x_wconf 90' lang='lat' dir='ltr'><strong>partem</strong></span> 
     </span>
    </p>
   </div>
   <div class='ocr_carea' id='block_1_8' title="bbox 108 965 1707 1048">
    <p class='ocr_par' dir='ltr' id='par_1_8' title="bbox 108 965 1707 1048">
     <span class='ocr_line' id='line_1_8' title="bbox 108 965 1707 1048; baseline -0.011 -17"><span class='ocrx_word' id='word_1_47' title='bbox 108 975 300 1048; x_wconf 82' lang='lat' dir='ltr'><strong>(Joan.</strong></span> <span class='ocrx_word' id='word_1_48' title='bbox 329 983 444 1040; x_wconf 72' lang='lat' dir='ltr'><strong>xxi,</strong></span> <span class='ocrx_word' id='word_1_49' title='bbox 474 971 627 1044; x_wconf 76' lang='lat' dir='ltr'><strong>8-H)</strong></span> <span class='ocrx_word' id='word_1_50' title='bbox 655 988 671 1037; x_wconf 86' lang='lat'><strong>;</strong></span> <span class='ocrx_word' id='word_1_51' title='bbox 723 978 783 1026; x_wconf 88' lang='lat' dir='ltr'><strong>ut</strong></span> <span class='ocrx_word' id='word_1_52' title='bbox 811 977 931 1041; x_wconf 89' lang='lat' dir='ltr'><strong>post</strong></span> <span class='ocrx_word' id='word_1_53' title='bbox 969 965 1418 1034; x_wconf 82' lang='lat' dir='ltr'><strong>resurrectionem</strong></span> <span class='ocrx_word' id='word_1_54' title='bbox 1469 972 1707 1018; x_wconf 90' lang='lat' dir='ltr'><strong>nostram</strong></span> 
     </span>
    </p>
   </div>
   <div class='ocr_carea' id='block_1_9' title="bbox 109 1051 1710 1128">
    <p class='ocr_par' dir='ltr' id='par_1_9' title="bbox 109 1051 1710 1128">
     <span class='ocr_line' id='line_1_9' title="bbox 109 1051 1710 1128; baseline -0.011 -3"><span class='ocrx_word' id='word_1_55' title='bbox 109 1069 291 1125; x_wconf 90' lang='lat' dir='ltr'><strong>bonos</strong></span> <span class='ocrx_word' id='word_1_56' title='bbox 326 1065 470 1123; x_wconf 87' lang='lat' dir='ltr'><strong>solos</strong></span> <span class='ocrx_word' id='word_1_57' title='bbox 506 1064 560 1120; x_wconf 91' lang='lat' dir='ltr'><strong>in</strong></span> <span class='ocrx_word' id='word_1_58' title='bbox 601 1061 840 1119; x_wconf 80' lang='lat' dir='ltr'><strong>Ecclesia</strong></span> <span class='ocrx_word' id='word_1_59' title='bbox 871 1060 1076 1115; x_wconf 85' lang='lat' dir='ltr'><strong>futuros</strong></span> <span class='ocrx_word' id='word_1_60' title='bbox 1120 1057 1569 1128; x_wconf 84' lang='lat' dir='ltr'><strong>intelligeremus,</strong></span> <span class='ocrx_word' id='word_1_61' title='bbox 1619 1051 1710 1108; x_wconf 91' lang='lat' dir='ltr'><strong>ubi</strong></span> 
     </span>
    </p>
   </div>
   <div class='ocr_carea' id='block_1_10' title="bbox 109 1143 1710 1218">
    <p class='ocr_par' dir='ltr' id='par_1_10' title="bbox 109 1143 1710 1218">
     <span class='ocr_line' id='line_1_10' title="bbox 109 1143 1710 1218; baseline -0.011 -3"><span class='ocrx_word' id='word_1_62' title='bbox 109 1159 343 1216; x_wconf 83' lang='lat' dir='ltr'><strong>ulterius</strong></span> <span class='ocrx_word' id='word_1_63' title='bbox 365 1157 601 1213; x_wconf 77' lang='lat' dir='ltr'><strong>hzereses</strong></span> <span class='ocrx_word' id='word_1_64' title='bbox 620 1162 678 1212; x_wconf 88' lang='lat' dir='ltr'><strong>et</strong></span> <span class='ocrx_word' id='word_1_65' title='bbox 697 1151 984 1210; x_wconf 84' lang='lat' dir='ltr'><strong>schismata</strong></span> <span class='ocrx_word' id='word_1_66' title='bbox 1006 1164 1114 1205; x_wconf 91' lang='lat' dir='ltr'><strong>non</strong></span> <span class='ocrx_word' id='word_1_67' title='bbox 1133 1157 1312 1214; x_wconf 89' lang='lat' dir='ltr'><strong>erunt,</strong></span> <span class='ocrx_word' id='word_1_68' title='bbox 1332 1146 1525 1218; x_wconf 86' lang='lat' dir='ltr'><strong>quibus</strong></span> <span class='ocrx_word' id='word_1_69' title='bbox 1545 1143 1710 1200; x_wconf 88' lang='lat' dir='ltr'><strong>modo</strong></span> 
     </span>
    </p>
   </div>
   <div class='ocr_carea' id='block_1_11' title="bbox 109 1237 1710 1320">
    <p class='ocr_par' dir='ltr' id='par_1_11' title="bbox 109 1237 1710 1320">
     <span class='ocr_line' id='line_1_11' title="bbox 109 1237 1710 1320; baseline -0.011 -12"><span class='ocrx_word' id='word_1_70' title='bbox 109 1252 253 1308; x_wconf 83' lang='lat' dir='ltr'><strong>retia</strong></span> <span class='ocrx_word' id='word_1_71' title='bbox 273 1249 702 1320; x_wconf 89' lang='lat' dir='ltr'><strong>disrumpuntur.</strong></span> <span class='ocrx_word' id='word_1_72' title='bbox 725 1244 858 1300; x_wconf 88' lang='lat' dir='ltr'><strong>Nam</strong></span> <span class='ocrx_word' id='word_1_73' title='bbox 887 1253 943 1300; x_wconf 90' lang='lat' dir='ltr'><strong>et</strong></span> <span class='ocrx_word' id='word_1_74' title='bbox 961 1241 1310 1312; x_wconf 79' lang='lat' dir='ltr'><strong>Evangelium</strong></span> <span class='ocrx_word' id='word_1_75' title='bbox 1343 1254 1449 1294; x_wconf 91' lang='lat' dir='ltr'><strong>non</strong></span> <span class='ocrx_word' id='word_1_76' title='bbox 1473 1237 1636 1293; x_wconf 89' lang='lat' dir='ltr'><strong>tacuit</strong></span> <span class='ocrx_word' id='word_1_77' title='bbox 1656 1237 1710 1291; x_wconf 93' lang='lat' dir='ltr'><strong>in</strong></span> 
     </span>
    </p>
   </div>
   <div class='ocr_carea' id='block_1_12' title="bbox 110 1332 1705 1416">
    <p class='ocr_par' dir='ltr' id='par_1_12' title="bbox 110 1332 1705 1416">
     <span class='ocr_line' id='line_1_12' title="bbox 110 1332 1705 1416; baseline -0.01 -15"><span class='ocrx_word' id='word_1_78' title='bbox 110 1345 294 1416; x_wconf 83' lang='lat' dir='ltr'><strong>prima</strong></span> <span class='ocrx_word' id='word_1_79' title='bbox 339 1342 635 1414; x_wconf 83' lang='lat' dir='ltr'><strong>piscatione</strong></span> <span class='ocrx_word' id='word_1_80' title='bbox 661 1351 1088 1396; x_wconf 88' lang='lat' dir='ltr'><strong>commemorare</strong></span> <span class='ocrx_word' id='word_1_81' title='bbox 1125 1335 1256 1390; x_wconf 88' lang='lat' dir='ltr'><strong>retia</strong></span> <span class='ocrx_word' id='word_1_82' title='bbox 1281 1348 1402 1390; x_wconf 88' lang='lat' dir='ltr'><strong>esse</strong></span> <span class='ocrx_word' id='word_1_83' title='bbox 1431 1332 1705 1402; x_wconf 88' lang='lat' dir='ltr'><strong>disrupta:</strong></span> 
     </span>
    </p>
   </div>
   <div class='ocr_carea' id='block_1_13' title="bbox 111 1423 1711 1495">
    <p class='ocr_par' dir='ltr' id='par_1_13' title="bbox 111 1423 1711 1495">
     <span class='ocr_line' id='line_1_13' title="bbox 111 1423 1711 1495; baseline -0.011 -3"><span class='ocrx_word' id='word_1_84' title='bbox 111 1445 174 1493; x_wconf 90' lang='lat' dir='ltr'><strong>et</strong></span> <span class='ocrx_word' id='word_1_85' title='bbox 201 1436 255 1490; x_wconf 93' lang='lat' dir='ltr'><strong>in</strong></span> <span class='ocrx_word' id='word_1_86' title='bbox 297 1431 587 1489; x_wconf 80' lang='lat' dir='ltr'><strong>novissima</strong></span> <span class='ocrx_word' id='word_1_87' title='bbox 612 1430 812 1486; x_wconf 91' lang='lat' dir='ltr'><strong>dictum</strong></span> <span class='ocrx_word' id='word_1_88' title='bbox 836 1437 939 1495; x_wconf 90' lang='lat' dir='ltr'><strong>est,</strong></span> <span class='ocrx_word' id='word_1_89' title='bbox 967 1426 1036 1482; x_wconf 89' lang='lat' dir='ltr'><strong>Et</strong></span> <span class='ocrx_word' id='word_1_90' title='bbox 1064 1442 1178 1481; x_wconf 89' lang='lat' dir='ltr'><strong>cum</strong></span> <span class='ocrx_word' id='word_1_91' title='bbox 1220 1434 1324 1479; x_wconf 88' lang='lat' dir='ltr'><strong>tam</strong></span> <span class='ocrx_word' id='word_1_92' title='bbox 1353 1423 1525 1495; x_wconf 85' lang='lat' dir='ltr'><strong>magni</strong></span> <span class='ocrx_word' id='word_1_93' title='bbox 1550 1428 1711 1477; x_wconf 85' lang='lat' dir='ltr'><strong>essent</strong></span> 
     </span>
    </p>
   </div>
   <div class='ocr_carea' id='block_1_14' title="bbox 112 1516 1708 1601">
    <p class='ocr_par' dir='ltr' id='par_1_14' title="bbox 112 1516 1708 1601">
     <span class='ocr_line' id='line_1_14' title="bbox 112 1516 1708 1601; baseline -0.009 -17"><span class='ocrx_word' id='word_1_94' title='bbox 112 1528 305 1601; x_wconf 83' lang='lat' dir='ltr'><strong>pisces,</strong></span> <span class='ocrx_word' id='word_1_95' title='bbox 323 1525 450 1580; x_wconf 80' lang='lat' dir='ltr'><strong>retia</strong></span> <span class='ocrx_word' id='word_1_96' title='bbox 471 1541 572 1580; x_wconf 85' lang='lat' dir='ltr'><strong>non</strong></span> <span class='ocrx_word' id='word_1_97' title='bbox 597 1532 714 1578; x_wconf 85' lang='lat' dir='ltr'><strong>sunt</strong></span> <span class='ocrx_word' id='word_1_98' title='bbox 734 1522 986 1592; x_wconf 76' lang='lat' dir='ltr'><strong>disrupta.</strong></span> <span class='ocrx_word' id='word_1_99' title='bbox 1015 1521 1092 1575; x_wconf 92' lang='lat' dir='ltr'><strong>De</strong></span> <span class='ocrx_word' id='word_1_100' title='bbox 1116 1518 1208 1574; x_wconf 89' lang='lat' dir='ltr'><strong>tali</strong></span> <span class='ocrx_word' id='word_1_101' title='bbox 1238 1517 1478 1574; x_wconf 85' lang='lat' dir='ltr'><strong>Ecclesia</strong></span> <span class='ocrx_word' id='word_1_102' title='bbox 1504 1516 1708 1571; x_wconf 89' lang='lat' dir='ltr'><strong>dictum</strong></span> 
     </span>
    </p>
   </div>
   <div class='ocr_carea' id='block_1_15' title="bbox 111 1607 1712 1689">
    <p class='ocr_par' dir='ltr' id='par_1_15' title="bbox 111 1607 1712 1689">
     <span class='ocr_line' id='line_1_15' title="bbox 111 1607 1712 1689; baseline -0.009 -14"><span class='ocrx_word' id='word_1_103' title='bbox 111 1633 264 1686; x_wconf 88' lang='lat' dir='ltr'><strong>esse,</strong></span> <span class='ocrx_word' id='word_1_104' title='bbox 291 1615 432 1689; x_wconf 91' lang='lat' dir='ltr'><strong>quod</strong></span> <span class='ocrx_word' id='word_1_105' title='bbox 480 1630 577 1687; x_wconf 89' lang='lat' dir='ltr'><strong>per</strong></span> <span class='ocrx_word' id='word_1_106' title='bbox 603 1614 747 1669; x_wconf 84' lang='lat' dir='ltr'><strong>illam</strong></span> <span class='ocrx_word' id='word_1_107' title='bbox 794 1628 900 1668; x_wconf 93' lang='lat' dir='ltr'><strong>non</strong></span> <span class='ocrx_word' id='word_1_108' title='bbox 927 1619 1044 1668; x_wconf 89' lang='lat' dir='ltr'><strong>erat</strong></span> <span class='ocrx_word' id='word_1_109' title='bbox 1070 1610 1387 1665; x_wconf 89' lang='lat' dir='ltr'><strong>transiturus</strong></span> <span class='ocrx_word' id='word_1_110' title='bbox 1425 1607 1712 1663; x_wconf 84' lang='lat' dir='ltr'><strong>incircum-</strong></span> 
     </span>
    </p>
   </div>
   <div class='ocr_carea' id='block_1_16' title="bbox 111 1697 1712 1774">
    <p class='ocr_par' dir='ltr' id='par_1_16' title="bbox 111 1697 1712 1774">
     <span class='ocr_line' id='line_1_16' title="bbox 111 1697 1712 1774; baseline -0.008 -10"><span class='ocrx_word' id='word_1_111' title='bbox 111 1710 265 1764; x_wconf 91' lang='lat' dir='ltr'><strong>cisus</strong></span> <span class='ocrx_word' id='word_1_112' title='bbox 288 1717 344 1764; x_wconf 91' lang='lat' dir='ltr'><strong>et</strong></span> <span class='ocrx_word' id='word_1_113' title='bbox 373 1703 678 1763; x_wconf 86' lang='lat' dir='ltr'><strong>immundus</strong></span> <span class='ocrx_word' id='word_1_114' title='bbox 706 1702 858 1774; x_wconf 82' lang='lat' dir='ltr'><strong>(Isai.</strong></span> <span class='ocrx_word' id='word_1_115' title='bbox 891 1717 982 1764; x_wconf 81' lang='lat' dir='ltr'><strong>LII,</strong></span> <span class='ocrx_word' id='word_1_116' title='bbox 1009 1700 1088 1772; x_wconf 82' lang='grc'><strong>1).</strong></span> <span class='ocrx_word' id='word_1_117' title='bbox 1123 1699 1204 1755; x_wconf 87' lang='lat' dir='ltr'><strong>Ad</strong></span> <span class='ocrx_word' id='word_1_118' title='bbox 1237 1697 1538 1754; x_wconf 89' lang='lat' dir='ltr'><strong>immundos</strong></span> <span class='ocrx_word' id='word_1_119' title='bbox 1566 1697 1712 1752; x_wconf 90' lang='lat' dir='ltr'><strong>enim</strong></span> 
     </span>
    </p>
   </div>
   <div class='ocr_carea' id='block_1_17' title="bbox 109 1791 1712 1870">
    <p class='ocr_par' dir='ltr' id='par_1_17' title="bbox 109 1791 1712 1870">
     <span class='ocr_line' id='line_1_17' title="bbox 109 1791 1712 1870; baseline -0.007 -15"><span class='ocrx_word' id='word_1_120' title='bbox 109 1799 394 1870; x_wconf 87' lang='lat' dir='ltr'><strong>pertinere</strong></span> <span class='ocrx_word' id='word_1_121' title='bbox 438 1795 806 1853; x_wconf 88' lang='lat' dir='ltr'><strong>schismaticas</strong></span> <span class='ocrx_word' id='word_1_122' title='bbox 860 1791 1247 1862; x_wconf 89' lang='lat' dir='ltr'><strong>separationes,</strong></span> <span class='ocrx_word' id='word_1_123' title='bbox 1278 1804 1396 1860; x_wconf 80' lang='lat' dir='ltr'><strong>quae</strong></span> <span class='ocrx_word' id='word_1_124' title='bbox 1440 1796 1565 1844; x_wconf 92' lang='lat' dir='ltr'><strong>tunc</strong></span> <span class='ocrx_word' id='word_1_125' title='bbox 1603 1803 1712 1843; x_wconf 91' lang='lat' dir='ltr'><strong>non</strong></span> 
     </span>
    </p>
   </div>
   <div class='ocr_carea' id='block_1_18' title="bbox 111 1881 1713 1962">
    <p class='ocr_par' dir='ltr' id='par_1_18' title="bbox 111 1881 1713 1962">
     <span class='ocr_line' id='line_1_18' title="bbox 111 1881 1713 1962; baseline -0.007 -15"><span class='ocrx_word' id='word_1_126' title='bbox 111 1899 302 1958; x_wconf 90' lang='lat' dir='ltr'><strong>erunt,</strong></span> <span class='ocrx_word' id='word_1_127' title='bbox 331 1889 454 1962; x_wconf 89' lang='lat' dir='ltr'><strong>quia</strong></span> <span class='ocrx_word' id='word_1_128' title='bbox 481 1888 616 1945; x_wconf 89' lang='lat' dir='ltr'><strong>retia</strong></span> <span class='ocrx_word' id='word_1_129' title='bbox 643 1903 751 1943; x_wconf 91' lang='lat' dir='ltr'><strong>non</strong></span> <span class='ocrx_word' id='word_1_130' title='bbox 779 1895 906 1943; x_wconf 85' lang='lat' dir='ltr'><strong>sunt</strong></span> <span class='ocrx_word' id='word_1_131' title='bbox 933 1884 1195 1954; x_wconf 86' lang='lat' dir='ltr'><strong>disrupta.</strong></span> <span class='ocrx_word' id='word_1_132' title='bbox 1221 1882 1334 1938; x_wconf 89' lang='lat' dir='ltr'><strong>Hoc</strong></span> <span class='ocrx_word' id='word_1_133' title='bbox 1361 1882 1524 1938; x_wconf 91' lang='lat' dir='ltr'><strong>etiam</strong></span> <span class='ocrx_word' id='word_1_134' title='bbox 1547 1881 1713 1951; x_wconf 75' lang='lat' dir='ltr'><strong>signi-</strong></span> 
     </span>
    </p>
   </div>
   <div class='ocr_carea' id='block_1_19' title="bbox 109 1973 1709 2052">
    <p class='ocr_par' dir='ltr' id='par_1_19' title="bbox 109 1973 1709 2052">
     <span class='ocr_line' id='line_1_19' title="bbox 109 1973 1709 2052; baseline -0.009 -13"><span class='ocrx_word' id='word_1_135' title='bbox 109 1982 332 2048; x_wconf 85' lang='lat' dir='ltr'><strong>ﬁcasse,</strong></span> <span class='ocrx_word' id='word_1_136' title='bbox 361 1979 504 2052; x_wconf 92' lang='lat' dir='ltr'><strong>quod</strong></span> <span class='ocrx_word' id='word_1_137' title='bbox 543 1993 736 2036; x_wconf 82' lang='lat' dir='ltr'><strong>corvus</strong></span> <span class='ocrx_word' id='word_1_138' title='bbox 779 1977 894 2033; x_wconf 88' lang='lat' dir='ltr'><strong>avis</strong></span> <span class='ocrx_word' id='word_1_139' title='bbox 923 1974 1195 2031; x_wconf 89' lang='lat' dir='ltr'><strong>immunda</strong></span> <span class='ocrx_word' id='word_1_140' title='bbox 1235 1974 1427 2030; x_wconf 81' lang='lat' dir='ltr'><strong>exierit</strong></span> <span class='ocrx_word' id='word_1_141' title='bbox 1468 1973 1534 2028; x_wconf 91' lang='lat' dir='ltr'><strong>de</strong></span> <span class='ocrx_word' id='word_1_142' title='bbox 1563 1987 1709 2037; x_wconf 87' lang='lat' dir='ltr'><strong>arca,</strong></span> 
     </span>
    </p>
   </div>
   <div class='ocr_carea' id='block_1_20' title="bbox 108 2071 1713 2140">
    <p class='ocr_par' dir='ltr' id='par_1_20' title="bbox 108 2071 1713 2140">
     <span class='ocr_line' id='line_1_20' title="bbox 108 2071 1713 2140; baseline -0.007 -9"><span class='ocrx_word' id='word_1_143' title='bbox 108 2084 174 2132; x_wconf 88' lang='lat' dir='ltr'><strong>et</strong></span> <span class='ocrx_word' id='word_1_144' title='bbox 205 2088 316 2130; x_wconf 90' lang='lat' dir='ltr'><strong>non</strong></span> <span class='ocrx_word' id='word_1_145' title='bbox 345 2072 585 2130; x_wconf 91' lang='lat' dir='ltr'><strong>redierit.</strong></span> <span class='ocrx_word' id='word_1_146' title='bbox 609 2071 738 2140; x_wconf 74' lang='lat' dir='ltr'><strong>Qua:</strong></span> <span class='ocrx_word' id='word_1_147' title='bbox 764 2077 942 2125; x_wconf 88' lang='lat' dir='ltr'><strong>tamen</strong></span> <span class='ocrx_word' id='word_1_148' title='bbox 981 2081 1103 2124; x_wconf 90' lang='lat' dir='ltr'><strong>arca</strong></span> <span class='ocrx_word' id='word_1_149' title='bbox 1133 2073 1362 2123; x_wconf 77' lang='lat' dir='ltr'><strong>exeunte</strong></span> <span class='ocrx_word' id='word_1_150' title='bbox 1400 2079 1564 2121; x_wconf 83' lang='lat' dir='ltr'><strong>corvo</strong></span> <span class='ocrx_word' id='word_1_151' title='bbox 1603 2080 1713 2120; x_wconf 86' lang='lat' dir='ltr'><strong>non</strong></span> 
     </span>
    </p>
   </div>
   <div class='ocr_carea' id='block_1_21' title="bbox 109 2155 1714 2238">
    <p class='ocr_par' dir='ltr' id='par_1_21' title="bbox 109 2155 1714 2238">
     <span class='ocr_line' id='line_1_21' title="bbox 109 2155 1714 2238; baseline -0.008 -14"><span class='ocrx_word' id='word_1_152' title='bbox 109 2168 310 2238; x_wconf 86' lang='lat' dir='ltr'><strong>utique</strong></span> <span class='ocrx_word' id='word_1_153' title='bbox 336 2165 588 2224; x_wconf 89' lang='lat' dir='ltr'><strong>omnibus</strong></span> <span class='ocrx_word' id='word_1_154' title='bbox 626 2161 916 2220; x_wconf 87' lang='lat' dir='ltr'><strong>immundis</strong></span> <span class='ocrx_word' id='word_1_155' title='bbox 944 2159 1265 2216; x_wconf 87' lang='lat' dir='ltr'><strong>animalibus</strong></span> <span class='ocrx_word' id='word_1_156' title='bbox 1291 2157 1483 2224; x_wconf 81' lang='lat' dir='ltr'><strong>caruit,</strong></span> <span class='ocrx_word' id='word_1_157' title='bbox 1523 2155 1618 2212; x_wconf 89' lang='lat' dir='ltr'><strong>sed</strong></span> <span class='ocrx_word' id='word_1_158' title='bbox 1659 2156 1714 2211; x_wconf 91' lang='lat' dir='ltr'><strong>iu</strong></span> 
     </span>
    </p>
   </div>
   <div class='ocr_carea' id='block_1_22' title="bbox 109 2248 1714 2321">
    <p class='ocr_par' dir='ltr' id='par_1_22' title="bbox 109 2248 1714 2321">
     <span class='ocr_line' id='line_1_22' title="bbox 109 2248 1714 2321; baseline -0.009 -5"><span class='ocrx_word' id='word_1_159' title='bbox 109 2275 184 2316; x_wconf 84' lang='lat' dir='ltr'><strong>ea</strong></span> <span class='ocrx_word' id='word_1_160' title='bbox 215 2260 506 2316; x_wconf 81' lang='lat' dir='ltr'><strong>fueruntet</strong></span> <span class='ocrx_word' id='word_1_161' title='bbox 536 2254 734 2311; x_wconf 90' lang='lat' dir='ltr'><strong>munda</strong></span> <span class='ocrx_word' id='word_1_162' title='bbox 760 2263 817 2310; x_wconf 92' lang='lat' dir='ltr'><strong>et</strong></span> <span class='ocrx_word' id='word_1_163' title='bbox 854 2251 1128 2308; x_wconf 89' lang='lat' dir='ltr'><strong>immunda</strong></span> <span class='ocrx_word' id='word_1_164' title='bbox 1158 2265 1325 2321; x_wconf 91' lang='lat' dir='ltr'><strong>usque</strong></span> <span class='ocrx_word' id='word_1_165' title='bbox 1353 2249 1421 2305; x_wconf 90' lang='lat' dir='ltr'><strong>ad</strong></span> <span class='ocrx_word' id='word_1_166' title='bbox 1450 2248 1714 2304; x_wconf 78' lang='lat' dir='ltr'><strong>diluvium</strong></span> 
     </span>
    </p>
   </div>
   <div class='ocr_carea' id='block_1_23' title="bbox 113 2341 1715 2427">
    <p class='ocr_par' dir='ltr' id='par_1_23' title="bbox 113 2341 1715 2427">
     <span class='ocr_line' id='line_1_23' title="bbox 113 2341 1715 2427; baseline -0.009 -17"><span class='ocrx_word' id='word_1_167' title='bbox 113 2351 374 2427; x_wconf 65' lang='lat' dir='ltr'><strong>(Gemvu</strong></span> <span class='ocrx_word' id='word_1_168' title='bbox 401 2359 449 2407; x_wconf 88' lang='lat' dir='ltr'><strong>et</strong></span> <span class='ocrx_word' id='word_1_169' title='bbox 475 2347 611 2424; x_wconf 79' lang='lat' dir='ltr'><strong>vui),</strong></span> <span class='ocrx_word' id='word_1_170' title='bbox 641 2348 778 2404; x_wconf 87' lang='lat' dir='ltr'><strong>sicut</strong></span> <span class='ocrx_word' id='word_1_171' title='bbox 805 2347 858 2402; x_wconf 90' lang='lat' dir='ltr'><strong>in</strong></span> <span class='ocrx_word' id='word_1_172' title='bbox 889 2343 1128 2402; x_wconf 86' lang='lat' dir='ltr'><strong>Ecclesia</strong></span> <span class='ocrx_word' id='word_1_173' title='bbox 1156 2343 1284 2399; x_wconf 89' lang='lat' dir='ltr'><strong>boui</strong></span> <span class='ocrx_word' id='word_1_174' title='bbox 1307 2351 1364 2399; x_wconf 93' lang='lat' dir='ltr'><strong>et</strong></span> <span class='ocrx_word' id='word_1_175' title='bbox 1389 2341 1515 2397; x_wconf 90' lang='lat' dir='ltr'><strong>mali</strong></span> <span class='ocrx_word' id='word_1_176' title='bbox 1546 2355 1715 2411; x_wconf 89' lang='lat' dir='ltr'><strong>usque</strong></span> 
     </span>
    </p>
   </div>
   <div class='ocr_carea' id='block_1_24' title="bbox 113 2432 1715 2501">
    <p class='ocr_par' dir='ltr' id='par_1_24' title="bbox 113 2432 1715 2501">
     <span class='ocr_line' id='line_1_24' title="bbox 113 2432 1715 2501; baseline -0.008 0"><span class='ocrx_word' id='word_1_177' title='bbox 113 2444 193 2501; x_wconf 80' lang='lat' dir='ltr'><strong>ad</strong></span> <span class='ocrx_word' id='word_1_178' title='bbox 221 2444 404 2500; x_wconf 62' lang='lat' dir='ltr'><strong>saeculi</strong></span> <span class='ocrx_word' id='word_1_179' title='bbox 431 2442 612 2498; x_wconf 83' lang='lat' dir='ltr'><strong>linem.</strong></span> <span class='ocrx_word' id='word_1_180' title='bbox 649 2439 758 2497; x_wconf 90' lang='lat' dir='ltr'><strong>Sed</strong></span> <span class='ocrx_word' id='word_1_181' title='bbox 786 2440 925 2495; x_wconf 89' lang='lat' dir='ltr'><strong>sicut</strong></span> <span class='ocrx_word' id='word_1_182' title='bbox 957 2453 1064 2494; x_wconf 90' lang='lat' dir='ltr'><strong>non</strong></span> <span class='ocrx_word' id='word_1_183' title='bbox 1094 2435 1162 2492; x_wconf 91' lang='lat' dir='ltr'><strong>de</strong></span> <span class='ocrx_word' id='word_1_184' title='bbox 1192 2432 1500 2501; x_wconf 88' lang='lat' dir='ltr'><strong>immundis,</strong></span> <span class='ocrx_word' id='word_1_185' title='bbox 1528 2432 1622 2488; x_wconf 90' lang='lat' dir='ltr'><strong>sed</strong></span> <span class='ocrx_word' id='word_1_186' title='bbox 1647 2432 1715 2488; x_wconf 89' lang='lat' dir='ltr'><strong>de</strong></span> 
     </span>
    </p>
   </div>
   <div class='ocr_carea' id='block_1_25' title="bbox 115 2527 1716 2596">
    <p class='ocr_par' dir='ltr' id='par_1_25' title="bbox 115 2527 1716 2596">
     <span class='ocr_line' id='line_1_25' title="bbox 115 2527 1716 2596; baseline -0.011 0"><span class='ocrx_word' id='word_1_187' title='bbox 115 2539 344 2596; x_wconf 84' lang='lat' dir='ltr'><strong>mundis</strong></span> <span class='ocrx_word' id='word_1_188' title='bbox 368 2535 686 2593; x_wconf 88' lang='lat' dir='ltr'><strong>animalibus</strong></span> <span class='ocrx_word' id='word_1_189' title='bbox 724 2533 838 2590; x_wconf 88' lang='lat' dir='ltr'><strong>Noe</strong></span> <span class='ocrx_word' id='word_1_190' title='bbox 867 2531 1058 2588; x_wconf 90' lang='lat' dir='ltr'><strong>obtulit</strong></span> <span class='ocrx_word' id='word_1_191' title='bbox 1084 2528 1446 2593; x_wconf 91' lang='lat' dir='ltr'><strong>sacriﬁcium;</strong></span> <span class='ocrx_word' id='word_1_192' title='bbox 1496 2527 1566 2582; x_wconf 89' lang='lat' dir='ltr'><strong>ita</strong></span> <span class='ocrx_word' id='word_1_193' title='bbox 1608 2540 1716 2580; x_wconf 91' lang='lat' dir='ltr'><strong>non</strong></span> 
     </span>
    </p>
   </div>
   <div class='ocr_carea' id='block_1_26' title="bbox 117 2619 1716 2703">
    <p class='ocr_par' dir='ltr' id='par_1_26' title="bbox 117 2619 1716 2703">
     <span class='ocr_line' id='line_1_26' title="bbox 117 2619 1716 2703; baseline -0.011 -15"><span class='ocrx_word' id='word_1_194' title='bbox 117 2633 160 2688; x_wconf 87' lang='lat' dir='ltr'><strong>ii</strong></span> <span class='ocrx_word' id='word_1_195' title='bbox 184 2631 277 2703; x_wconf 90' lang='lat' dir='ltr'><strong>qui</strong></span> <span class='ocrx_word' id='word_1_196' title='bbox 304 2629 428 2686; x_wconf 92' lang='lat' dir='ltr'><strong>mali</strong></span> <span class='ocrx_word' id='word_1_197' title='bbox 458 2636 581 2684; x_wconf 88' lang='lat' dir='ltr'><strong>sunt</strong></span> <span class='ocrx_word' id='word_1_198' title='bbox 609 2628 664 2683; x_wconf 92' lang='lat' dir='ltr'><strong>in</strong></span> <span class='ocrx_word' id='word_1_199' title='bbox 692 2624 954 2694; x_wconf 85' lang='lat' dir='ltr'><strong>Ecclesia,</strong></span> <span class='ocrx_word' id='word_1_200' title='bbox 979 2621 1076 2680; x_wconf 90' lang='lat' dir='ltr'><strong>sed</strong></span> <span class='ocrx_word' id='word_1_201' title='bbox 1105 2622 1140 2678; x_wconf 90' lang='lat' dir='ltr'><strong>ii</strong></span> <span class='ocrx_word' id='word_1_202' title='bbox 1165 2621 1256 2692; x_wconf 89' lang='lat' dir='ltr'><strong>qui</strong></span> <span class='ocrx_word' id='word_1_203' title='bbox 1283 2619 1410 2676; x_wconf 91' lang='lat' dir='ltr'><strong>boni</strong></span> <span class='ocrx_word' id='word_1_204' title='bbox 1440 2626 1563 2674; x_wconf 90' lang='lat' dir='ltr'><strong>sunt</strong></span> <span class='ocrx_word' id='word_1_205' title='bbox 1589 2631 1716 2687; x_wconf 80' lang='lat' dir='ltr'><strong>per-</strong></span> 
     </span>
    </p>
   </div>
   <div class='ocr_carea' id='block_1_27' title="bbox 120 2721 654 2780">
    <p class='ocr_par' dir='ltr' id='par_1_27' title="bbox 120 2721 654 2780">
     <span class='ocr_line' id='line_1_27' title="bbox 120 2721 654 2780; baseline -0.011 0"><span class='ocrx_word' id='word_1_206' title='bbox 120 2725 355 2780; x_wconf 79' lang='lat' dir='ltr'><strong>veniunt</strong></span> <span class='ocrx_word' id='word_1_207' title='bbox 373 2721 440 2779; x_wconf 93' lang='lat' dir='ltr'><strong>ad</strong></span> <span class='ocrx_word' id='word_1_208' title='bbox 465 2721 654 2777; x_wconf 90' lang='lat' dir='ltr'><strong>Deum.</strong></span> 
     </span>
    </p>
   </div>
   <div class='ocr_carea' id='block_1_28' title="bbox 203 2803 1720 2884">
    <p class='ocr_par' dir='ltr' id='par_1_28' title="bbox 203 2803 1720 2884">
     <span class='ocr_line' id='line_1_28' title="bbox 203 2803 1720 2884; baseline -0.009 -13"><span class='ocrx_word' id='word_1_209' title='bbox 203 2817 296 2872; x_wconf 76' lang='grc'><strong>17.</strong></span> <span class='ocrx_word' id='word_1_210' title='bbox 338 2815 414 2871; x_wconf 89' lang='lat' dir='ltr'><strong>De</strong></span> <span class='ocrx_word' id='word_1_211' title='bbox 439 2812 724 2884; x_wconf 88' lang='lat' dir='ltr'><strong>Prophetis</strong></span> <span class='ocrx_word' id='word_1_212' title='bbox 763 2811 943 2876; x_wconf 91' lang='lat' dir='ltr'><strong>etiam,</strong></span> <span class='ocrx_word' id='word_1_213' title='bbox 977 2808 1100 2880; x_wconf 89' lang='lat' dir='ltr'><strong>quia</strong></span> <span class='ocrx_word' id='word_1_214' title='bbox 1139 2807 1386 2864; x_wconf 86' lang='lat' dir='ltr'><strong>dixerant</strong></span> <span class='ocrx_word' id='word_1_215' title='bbox 1427 2803 1720 2860; x_wconf 71' lang='lat' dir='ltr'><strong>Donatistze</strong></span> 
     </span>
    </p>
   </div>
   <div class='ocr_carea' id='block_1_29' title="bbox 126 2899 1718 2973">
    <p class='ocr_par' dir='ltr' id='par_1_29' title="bbox 126 2899 1718 2973">
     <span class='ocr_line' id='line_1_29' title="bbox 126 2899 1718 2973; baseline -0.009 -6"><span class='ocrx_word' id='word_1_216' title='bbox 126 2911 188 2967; x_wconf 92' lang='lat' dir='ltr'><strong>in</strong></span> <span class='ocrx_word' id='word_1_217' title='bbox 219 2907 414 2964; x_wconf 88' lang='lat' dir='ltr'><strong>litteris</strong></span> <span class='ocrx_word' id='word_1_218' title='bbox 442 2906 574 2973; x_wconf 91' lang='lat' dir='ltr'><strong>suis,</strong></span> <span class='ocrx_word' id='word_1_219' title='bbox 597 2919 705 2960; x_wconf 91' lang='lat' dir='ltr'><strong>nou</strong></span> <span class='ocrx_word' id='word_1_220' title='bbox 744 2919 838 2960; x_wconf 92' lang='lat' dir='ltr'><strong>eos</strong></span> <span class='ocrx_word' id='word_1_221' title='bbox 875 2900 1272 2958; x_wconf 88' lang='lat' dir='ltr'><strong>communicare</strong></span> <span class='ocrx_word' id='word_1_222' title='bbox 1333 2900 1438 2955; x_wconf 89' lang='lat' dir='ltr'><strong>illis</strong></span> <span class='ocrx_word' id='word_1_223' title='bbox 1486 2899 1538 2954; x_wconf 88' lang='lat' dir='ltr'><strong>in</strong></span> <span class='ocrx_word' id='word_1_224' title='bbox 1582 2911 1718 2968; x_wconf 90' lang='lat' dir='ltr'><strong>quos</strong></span> 
     </span>
    </p>
   </div>
   <div class='ocr_carea' id='block_1_30' title="bbox 119 2989 1721 3066">
    <p class='ocr_par' dir='ltr' id='par_1_30' title="bbox 119 2989 1721 3066">
     <span class='ocr_line' id='line_1_30' title="bbox 119 2989 1721 3066; baseline -0.008 -9"><span class='ocrx_word' id='word_1_225' title='bbox 119 3000 274 3058; x_wconf 86' lang='lat' dir='ltr'><strong>mala</strong></span> <span class='ocrx_word' id='word_1_226' title='bbox 311 3009 454 3056; x_wconf 89' lang='lat' dir='ltr'><strong>tanta</strong></span> <span class='ocrx_word' id='word_1_227' title='bbox 494 2998 774 3063; x_wconf 84' lang='lat' dir='ltr'><strong>dixerunt;</strong></span> <span class='ocrx_word' id='word_1_228' title='bbox 819 2994 1210 3066; x_wconf 90' lang='lat' dir='ltr'><strong>responderunt</strong></span> <span class='ocrx_word' id='word_1_229' title='bbox 1249 2991 1530 3058; x_wconf 86' lang='lat' dir='ltr'><strong>Catholici,</strong></span> <span class='ocrx_word' id='word_1_230' title='bbox 1575 2989 1721 3062; x_wconf 86' lang='lat' dir='ltr'><strong>quod</strong></span> 
     </span>
    </p>
   </div>
   <div class='ocr_carea' id='block_1_31' title="bbox 123 3085 1721 3163">
    <p class='ocr_par' dir='ltr' id='par_1_31' title="bbox 123 3085 1721 3163">
     <span class='ocr_line' id='line_1_31' title="bbox 123 3085 1721 3163; baseline -0.008 -13"><span class='ocrx_word' id='word_1_231' title='bbox 123 3108 300 3151; x_wconf 84' lang='lat' dir='ltr'><strong>unum</strong></span> <span class='ocrx_word' id='word_1_232' title='bbox 343 3092 597 3163; x_wconf 86' lang='lat' dir='ltr'><strong>templum</strong></span> <span class='ocrx_word' id='word_1_233' title='bbox 642 3088 800 3145; x_wconf 80' lang='lat' dir='ltr'><strong>fuerit</strong></span> <span class='ocrx_word' id='word_1_234' title='bbox 840 3103 948 3159; x_wconf 93' lang='lat' dir='ltr'><strong>quo</strong></span> <span class='ocrx_word' id='word_1_235' title='bbox 989 3085 1225 3142; x_wconf 84' lang='lat' dir='ltr'><strong>universi</strong></span> <span class='ocrx_word' id='word_1_236' title='bbox 1269 3085 1574 3149; x_wconf 85' lang='lat' dir='ltr'><strong>utebantur,</strong></span> <span class='ocrx_word' id='word_1_237' title='bbox 1620 3097 1721 3138; x_wconf 93' lang='lat' dir='ltr'><strong>ncc</strong></span> 
     </span>
    </p>
   </div>
   <div class='ocr_carea' id='block_1_32' title="bbox 124 3177 1721 3258">
    <p class='ocr_par' dir='ltr' id='par_1_32' title="bbox 124 3177 1721 3258">
     <span class='ocr_line' id='line_1_32' title="bbox 124 3177 1721 3258; baseline -0.009 -15"><span class='ocrx_word' id='word_1_238' title='bbox 124 3199 452 3258; x_wconf 89' lang='lat' dir='ltr'><strong>quemquam</strong></span> <span class='ocrx_word' id='word_1_239' title='bbox 481 3181 893 3252; x_wconf 86' lang='lat' dir='ltr'><strong>Prophetarum,</strong></span> <span class='ocrx_word' id='word_1_240' title='bbox 923 3181 1011 3252; x_wconf 89' lang='lat' dir='ltr'><strong>qui</strong></span> <span class='ocrx_word' id='word_1_241' title='bbox 1056 3188 1202 3234; x_wconf 90' lang='lat' dir='ltr'><strong>tanta</strong></span> <span class='ocrx_word' id='word_1_242' title='bbox 1247 3179 1498 3234; x_wconf 86' lang='lat' dir='ltr'><strong>dixerunt</strong></span> <span class='ocrx_word' id='word_1_243' title='bbox 1527 3177 1581 3231; x_wconf 93' lang='lat' dir='ltr'><strong>in</strong></span> <span class='ocrx_word' id='word_1_244' title='bbox 1607 3190 1721 3230; x_wconf 86' lang='lat' dir='ltr'><strong>ma-</strong></span> 
     </span>
    </p>
   </div>
   <div class='ocr_carea' id='block_1_33' title="bbox 125 3269 1720 3342">
    <p class='ocr_par' dir='ltr' id='par_1_33' title="bbox 125 3269 1720 3342">
     <span class='ocr_line' id='line_1_33' title="bbox 125 3269 1720 3342; baseline -0.009 -7"><span class='ocrx_word' id='word_1_245' title='bbox 125 3280 239 3342; x_wconf 86' lang='lat' dir='ltr'><strong>lus,</strong></span> <span class='ocrx_word' id='word_1_246' title='bbox 269 3275 609 3332; x_wconf 84' lang='lat' dir='ltr'><strong>constituisse</strong></span> <span class='ocrx_word' id='word_1_247' title='bbox 631 3273 734 3329; x_wconf 89' lang='lat' dir='ltr'><strong>sibi</strong></span> <span class='ocrx_word' id='word_1_248' title='bbox 756 3271 897 3327; x_wconf 91' lang='lat' dir='ltr'><strong>aliud</strong></span> <span class='ocrx_word' id='word_1_249' title='bbox 923 3271 1202 3340; x_wconf 89' lang='lat' dir='ltr'><strong>templum,</strong></span> <span class='ocrx_word' id='word_1_250' title='bbox 1234 3269 1514 3335; x_wconf 90' lang='lat' dir='ltr'><strong>sacrilicia,</strong></span> <span class='ocrx_word' id='word_1_251' title='bbox 1538 3281 1720 3322; x_wconf 83' lang='lat' dir='ltr'><strong>sacer-</strong></span> 
     </span>
    </p>
   </div>
   <div class='ocr_carea' id='block_1_34' title="bbox 125 3360 1724 3437">
    <p class='ocr_par' dir='ltr' id='par_1_34' title="bbox 125 3360 1724 3437">
     <span class='ocr_line' id='line_1_34' title="bbox 125 3360 1724 3437; baseline -0.008 -12"><span class='ocrx_word' id='word_1_252' title='bbox 125 3369 314 3425; x_wconf 86' lang='lat' dir='ltr'><strong>dotes.</strong></span> <span class='ocrx_word' id='word_1_253' title='bbox 359 3366 427 3421; x_wconf 90' lang='lat' dir='ltr'><strong>Et</strong></span> <span class='ocrx_word' id='word_1_254' title='bbox 461 3363 606 3437; x_wconf 84' lang='lat' dir='ltr'><strong>quod</strong></span> <span class='ocrx_word' id='word_1_255' title='bbox 649 3364 940 3419; x_wconf 68' lang='lat' dir='ltr'><strong>Donatistae</strong></span> <span class='ocrx_word' id='word_1_256' title='bbox 971 3362 1022 3416; x_wconf 93' lang='lat' dir='ltr'><strong>in</strong></span> <span class='ocrx_word' id='word_1_257' title='bbox 1054 3361 1246 3417; x_wconf 86' lang='lat' dir='ltr'><strong>litteris</strong></span> <span class='ocrx_word' id='word_1_258' title='bbox 1274 3360 1388 3416; x_wconf 90' lang='lat' dir='ltr'><strong>suis</strong></span> <span class='ocrx_word' id='word_1_259' title='bbox 1429 3364 1724 3430; x_wconf 88' lang='lat' dir='ltr'><strong>posuerunt</strong></span> 
     </span>
    </p>
   </div>
   <div class='ocr_carea' id='block_1_35' title="bbox 126 3452 1720 3530">
    <p class='ocr_par' dir='ltr' id='par_1_35' title="bbox 126 3452 1720 3530">
     <span class='ocr_line' id='line_1_35' title="bbox 126 3452 1720 3530; baseline -0.007 -11"><span class='ocrx_word' id='word_1_260' title='bbox 126 3461 446 3519; x_wconf 77' lang='lat' dir='ltr'><strong>teStimonia</strong></span> <span class='ocrx_word' id='word_1_261' title='bbox 468 3459 886 3530; x_wconf 82' lang='lat' dir='ltr'><strong>Scripturarum,</strong></span> <span class='ocrx_word' id='word_1_262' title='bbox 905 3456 1098 3527; x_wconf 90' lang='lat' dir='ltr'><strong>quibus</strong></span> <span class='ocrx_word' id='word_1_263' title='bbox 1123 3454 1471 3511; x_wconf 88' lang='lat' dir='ltr'><strong>ostenderent</strong></span> <span class='ocrx_word' id='word_1_264' title='bbox 1496 3452 1562 3506; x_wconf 88' lang='lat' dir='ltr'><strong>ad</strong></span> <span class='ocrx_word' id='word_1_265' title='bbox 1590 3467 1720 3524; x_wconf 82' lang='lat' dir='ltr'><strong>pec-</strong></span> 
     </span>
    </p>
   </div>
   <div class='ocr_carea' id='block_1_36' title="bbox 127 3547 1722 3625">
    <p class='ocr_par' dir='ltr' id='par_1_36' title="bbox 127 3547 1722 3625">
     <span class='ocr_line' id='line_1_36' title="bbox 127 3547 1722 3625; baseline -0.004 -16"><span class='ocrx_word' id='word_1_266' title='bbox 127 3565 257 3610; x_wconf 85' lang='lat' dir='ltr'><strong>cata</strong></span> <span class='ocrx_word' id='word_1_267' title='bbox 279 3561 557 3625; x_wconf 89' lang='lat' dir='ltr'><strong>parentum</strong></span> <span class='ocrx_word' id='word_1_268' title='bbox 584 3550 745 3606; x_wconf 89' lang='lat' dir='ltr'><strong>etiam</strong></span> <span class='ocrx_word' id='word_1_269' title='bbox 773 3550 912 3605; x_wconf 91' lang='lat' dir='ltr'><strong>ﬁlios</strong></span> <span class='ocrx_word' id='word_1_270' title='bbox 936 3549 1238 3620; x_wconf 86' lang='lat' dir='ltr'><strong>pertinere;</strong></span> <span class='ocrx_word' id='word_1_271' title='bbox 1269 3563 1391 3603; x_wconf 93' lang='lat' dir='ltr'><strong>cum</strong></span> <span class='ocrx_word' id='word_1_272' title='bbox 1414 3547 1517 3603; x_wconf 88' lang='lat' dir='ltr'><strong>hoc</strong></span> <span class='ocrx_word' id='word_1_273' title='bbox 1532 3547 1722 3618; x_wconf 88' lang='lat' dir='ltr'><strong>utique</strong></span> 
     </span>
    </p>
   </div>
   <div class='ocr_carea' id='block_1_37' title="bbox 130 3639 1725 3716">
    <p class='ocr_par' dir='ltr' id='par_1_37' title="bbox 130 3639 1725 3716">
     <span class='ocr_line' id='line_1_37' title="bbox 130 3639 1725 3716; baseline -0.004 -14"><span class='ocrx_word' id='word_1_274' title='bbox 130 3659 412 3716; x_wconf 84' lang='lat' dir='ltr'><strong>nunquam</strong></span> <span class='ocrx_word' id='word_1_275' title='bbox 453 3651 597 3699; x_wconf 90' lang='lat' dir='ltr'><strong>recte</strong></span> <span class='ocrx_word' id='word_1_276' title='bbox 625 3641 956 3697; x_wconf 91' lang='lat' dir='ltr'><strong>intellectum</strong></span> <span class='ocrx_word' id='word_1_277' title='bbox 998 3641 1085 3704; x_wconf 90' lang='lat' dir='ltr'><strong>sit,</strong></span> <span class='ocrx_word' id='word_1_278' title='bbox 1119 3639 1218 3695; x_wconf 89' lang='lat' dir='ltr'><strong>nisi</strong></span> <span class='ocrx_word' id='word_1_279' title='bbox 1262 3639 1329 3695; x_wconf 92' lang='lat' dir='ltr'><strong>de</strong></span> <span class='ocrx_word' id='word_1_280' title='bbox 1375 3639 1440 3694; x_wconf 88' lang='lat' dir='ltr'><strong>iis</strong></span> <span class='ocrx_word' id='word_1_281' title='bbox 1468 3639 1592 3694; x_wconf 90' lang='lat' dir='ltr'><strong>ﬁliis</strong></span> <span class='ocrx_word' id='word_1_282' title='bbox 1631 3639 1725 3709; x_wconf 86' lang='lat' dir='ltr'><strong>qui</strong></span> 
     </span>
    </p>
   </div>
   <div class='ocr_carea' id='block_1_38' title="bbox 131 3730 1727 3810">
    <p class='ocr_par' dir='ltr' id='par_1_38' title="bbox 131 3730 1727 3810">
     <span class='ocr_line' id='line_1_38' title="bbox 131 3730 1727 3810; baseline -0.005 -18"><span class='ocrx_word' id='word_1_283' title='bbox 131 3744 422 3810; x_wconf 81' lang='lat' dir='ltr'><strong>parentum</strong></span> <span class='ocrx_word' id='word_1_284' title='bbox 457 3734 763 3805; x_wconf 89' lang='lat' dir='ltr'><strong>iniquitates</strong></span> <span class='ocrx_word' id='word_1_285' title='bbox 796 3732 1170 3788; x_wconf 89' lang='lat' dir='ltr'><strong>imitarentur:</strong></span> <span class='ocrx_word' id='word_1_286' title='bbox 1205 3730 1597 3802; x_wconf 88' lang='lat' dir='ltr'><strong>responderunt</strong></span> <span class='ocrx_word' id='word_1_287' title='bbox 1623 3731 1727 3786; x_wconf 83' lang='lat' dir='ltr'><strong>Ca-</strong></span> 
     </span>
    </p>
   </div>
   <div class='ocr_carea' id='block_1_39' title="bbox 132 3821 1725 3894">
    <p class='ocr_par' dir='ltr' id='par_1_39' title="bbox 132 3821 1725 3894">
     <span class='ocr_line' id='line_1_39' title="bbox 132 3821 1725 3894; baseline -0.004 -10"><span class='ocrx_word' id='word_1_288' title='bbox 132 3827 350 3893; x_wconf 82' lang='lat' dir='ltr'><strong>tholici,</strong></span> <span class='ocrx_word' id='word_1_289' title='bbox 375 3841 495 3883; x_wconf 91' lang='lat' dir='ltr'><strong>cum</strong></span> <span class='ocrx_word' id='word_1_290' title='bbox 538 3835 683 3880; x_wconf 90' lang='lat' dir='ltr'><strong>tanta</strong></span> <span class='ocrx_word' id='word_1_291' title='bbox 722 3825 776 3880; x_wconf 89' lang='lat' dir='ltr'><strong>in</strong></span> <span class='ocrx_word' id='word_1_292' title='bbox 807 3825 954 3880; x_wconf 91' lang='lat' dir='ltr'><strong>illum</strong></span> <span class='ocrx_word' id='word_1_293' title='bbox 995 3823 1248 3894; x_wconf 89' lang='lat' dir='ltr'><strong>populum</strong></span> <span class='ocrx_word' id='word_1_294' title='bbox 1275 3831 1330 3879; x_wconf 91' lang='lat' dir='ltr'><strong>et</strong></span> <span class='ocrx_word' id='word_1_295' title='bbox 1355 3823 1546 3879; x_wconf 90' lang='lat' dir='ltr'><strong>acerba</strong></span> <span class='ocrx_word' id='word_1_296' title='bbox 1582 3821 1725 3878; x_wconf 88' lang='lat' dir='ltr'><strong>dicta</strong></span> 
     </span>
    </p>
   </div>
   <div class='ocr_carea' id='block_1_40' title="bbox 133 3913 1727 3989">
    <p class='ocr_par' dir='ltr' id='par_1_40' title="bbox 133 3913 1727 3989">
     <span class='ocr_line' id='line_1_40' title="bbox 133 3913 1727 3989; baseline -0.004 -12"><span class='ocrx_word' id='word_1_297' title='bbox 133 3921 248 3978; x_wconf 82' lang='lat' dir='ltr'><strong>sint</strong></span> <span class='ocrx_word' id='word_1_298' title='bbox 274 3917 468 3976; x_wconf 85' lang='lat' dir='ltr'><strong>divinis</strong></span> <span class='ocrx_word' id='word_1_299' title='bbox 497 3917 744 3989; x_wconf 87' lang='lat' dir='ltr'><strong>eloquiis,</strong></span> <span class='ocrx_word' id='word_1_300' title='bbox 775 3931 894 3987; x_wconf 66' lang='lat' dir='ltr'><strong>qua!</strong></span> <span class='ocrx_word' id='word_1_301' title='bbox 931 3917 1094 3972; x_wconf 91' lang='lat' dir='ltr'><strong>etiam</strong></span> <span class='ocrx_word' id='word_1_302' title='bbox 1134 3915 1234 3986; x_wconf 91' lang='lat' dir='ltr'><strong>ipsi</strong></span> <span class='ocrx_word' id='word_1_303' title='bbox 1271 3916 1328 3970; x_wconf 90' lang='lat' dir='ltr'><strong>in</strong></span> <span class='ocrx_word' id='word_1_304' title='bbox 1375 3915 1486 3970; x_wconf 90' lang='lat' dir='ltr'><strong>suis</strong></span> <span class='ocrx_word' id='word_1_305' title='bbox 1532 3913 1727 3970; x_wconf 87' lang='lat' dir='ltr'><strong>litteris</strong></span> 
     </span>
    </p>
   </div>
   <div class='ocr_carea' id='block_1_41' title="bbox 136 4006 1724 4078">
    <p class='ocr_par' dir='ltr' id='par_1_41' title="bbox 136 4006 1724 4078">
     <span class='ocr_line' id='line_1_41' title="bbox 136 4006 1724 4078; baseline -0.004 -10"><span class='ocrx_word' id='word_1_306' title='bbox 136 4018 720 4076; x_wconf 86' lang='lat' dir='ltr'><strong>commemoraverunt,</strong></span> <span class='ocrx_word' id='word_1_307' title='bbox 751 4015 808 4062; x_wconf 91' lang='lat' dir='ltr'><strong>ut</strong></span> <span class='ocrx_word' id='word_1_308' title='bbox 843 4007 995 4078; x_wconf 90' lang='lat' dir='ltr'><strong>quasi</strong></span> <span class='ocrx_word' id='word_1_309' title='bbox 1041 4007 1222 4061; x_wconf 90' lang='lat' dir='ltr'><strong>nullus</strong></span> <span class='ocrx_word' id='word_1_310' title='bbox 1252 4006 1361 4062; x_wconf 89' lang='lat' dir='ltr'><strong>illic</strong></span> <span class='ocrx_word' id='word_1_311' title='bbox 1399 4006 1724 4062; x_wconf 85' lang='lat' dir='ltr'><strong>remansisse</strong></span> 
     </span>
    </p>
   </div>
   <div class='ocr_carea' id='block_1_42' title="bbox 138 4095 1728 4170">
    <p class='ocr_par' dir='ltr' id='par_1_42' title="bbox 138 4095 1728 4170">
     <span class='ocr_line' id='line_1_42' title="bbox 138 4095 1728 4170; baseline -0.001 -13"><span class='ocrx_word' id='word_1_312' title='bbox 138 4101 417 4158; x_wconf 75' lang='lat' dir='ltr'><strong>videretur</strong></span> <span class='ocrx_word' id='word_1_313' title='bbox 460 4099 667 4164; x_wconf 90' lang='lat' dir='ltr'><strong>bonus;</strong></span> <span class='ocrx_word' id='word_1_314' title='bbox 701 4113 806 4154; x_wconf 92' lang='lat' dir='ltr'><strong>non</strong></span> <span class='ocrx_word' id='word_1_315' title='bbox 836 4097 1010 4154; x_wconf 92' lang='lat' dir='ltr'><strong>solum</strong></span> <span class='ocrx_word' id='word_1_316' title='bbox 1039 4098 1111 4153; x_wconf 87' lang='lat' dir='ltr'><strong>ibi</strong></span> <span class='ocrx_word' id='word_1_317' title='bbox 1158 4095 1374 4154; x_wconf 88' lang='lat' dir='ltr'><strong>fuerunt</strong></span> <span class='ocrx_word' id='word_1_318' title='bbox 1416 4098 1577 4155; x_wconf 89' lang='lat' dir='ltr'><strong>iidem</strong></span> <span class='ocrx_word' id='word_1_319' title='bbox 1621 4099 1728 4170; x_wconf 88' lang='lat' dir='ltr'><strong>ipsi</strong></span> 
     </span>
    </p>
   </div>
   <div class='ocr_carea' id='block_1_43' title="bbox 141 4189 1728 4264">
    <p class='ocr_par' dir='ltr' id='par_1_43' title="bbox 141 4189 1728 4264">
     <span class='ocr_line' id='line_1_43' title="bbox 141 4189 1728 4264; baseline -0.003 -13"><span class='ocrx_word' id='word_1_320' title='bbox 141 4191 426 4264; x_wconf 56' lang='lat' dir='ltr'><strong>Propheta</strong></span> <span class='ocrx_word' id='word_1_321' title='bbox 454 4191 646 4257; x_wconf 89' lang='lat' dir='ltr'><strong>sancti,</strong></span> <span class='ocrx_word' id='word_1_322' title='bbox 679 4205 863 4245; x_wconf 89' lang='lat' dir='ltr'><strong>verum</strong></span> <span class='ocrx_word' id='word_1_323' title='bbox 891 4190 1055 4245; x_wconf 89' lang='lat' dir='ltr'><strong>etiam</strong></span> <span class='ocrx_word' id='word_1_324' title='bbox 1079 4204 1144 4245; x_wconf 89' lang='lat' dir='ltr'><strong>ex</strong></span> <span class='ocrx_word' id='word_1_325' title='bbox 1176 4189 1292 4259; x_wconf 87' lang='lat' dir='ltr'><strong>ipso</strong></span> <span class='ocrx_word' id='word_1_326' title='bbox 1322 4189 1518 4260; x_wconf 91' lang='lat' dir='ltr'><strong>populo</strong></span> <span class='ocrx_word' id='word_1_327' title='bbox 1552 4190 1728 4246; x_wconf 86' lang='lat' dir='ltr'><strong>exorti</strong></span> 
     </span>
    </p>
   </div>
   <div class='ocr_carea' id='block_1_44' title="bbox 141 4281 1728 4356">
    <p class='ocr_par' dir='ltr' id='par_1_44' title="bbox 141 4281 1728 4356">
     <span class='ocr_line' id='line_1_44' title="bbox 141 4281 1728 4356; baseline -0.003 -13"><span class='ocrx_word' id='word_1_328' title='bbox 141 4293 332 4353; x_wconf 81' lang='lat' dir='ltr'><strong>erant,</strong></span> <span class='ocrx_word' id='word_1_329' title='bbox 370 4299 506 4356; x_wconf 90' lang='lat' dir='ltr'><strong>quos</strong></span> <span class='ocrx_word' id='word_1_330' title='bbox 556 4285 668 4354; x_wconf 91' lang='lat' dir='ltr'><strong>ipse</strong></span> <span class='ocrx_word' id='word_1_331' title='bbox 712 4282 968 4338; x_wconf 88' lang='lat' dir='ltr'><strong>Dominus</strong></span> <span class='ocrx_word' id='word_1_332' title='bbox 1016 4281 1068 4337; x_wconf 93' lang='lat' dir='ltr'><strong>in</strong></span> <span class='ocrx_word' id='word_1_333' title='bbox 1114 4297 1226 4337; x_wconf 75' lang='lat' dir='ltr'><strong>sua:</strong></span> <span class='ocrx_word' id='word_1_334' title='bbox 1268 4282 1445 4336; x_wconf 89' lang='lat' dir='ltr'><strong>carnis</strong></span> <span class='ocrx_word' id='word_1_335' title='bbox 1495 4282 1728 4338; x_wconf 89' lang='lat' dir='ltr'><strong>adventu</strong></span> 
     </span>
    </p>
   </div>
   <div class='ocr_carea' id='block_1_45' title="bbox 143 4372 1730 4448">
    <p class='ocr_par' dir='ltr' id='par_1_45' title="bbox 143 4372 1730 4448">
     <span class='ocr_line' id='line_1_45' title="bbox 143 4372 1730 4448; baseline -0.003 -13"><span class='ocrx_word' id='word_1_336' title='bbox 143 4377 442 4435; x_wconf 86' lang='lat' dir='ltr'><strong>laudabiles</strong></span> <span class='ocrx_word' id='word_1_337' title='bbox 468 4377 687 4448; x_wconf 90' lang='lat' dir='ltr'><strong>reperit,</strong></span> <span class='ocrx_word' id='word_1_338' title='bbox 715 4377 854 4431; x_wconf 88' lang='lat' dir='ltr'><strong>sicut</strong></span> <span class='ocrx_word' id='word_1_339' title='bbox 897 4372 1112 4430; x_wconf 85' lang='lat' dir='ltr'><strong>fuerunt</strong></span> <span class='ocrx_word' id='word_1_340' title='bbox 1148 4373 1434 4430; x_wconf 86' lang='lat' dir='ltr'><strong>Zacharias</strong></span> <span class='ocrx_word' id='word_1_341' title='bbox 1460 4383 1516 4430; x_wconf 90' lang='lat' dir='ltr'><strong>et</strong></span> <span class='ocrx_word' id='word_1_342' title='bbox 1555 4375 1730 4431; x_wconf 86' lang='lat' dir='ltr'><strong>Elisa-</strong></span> 
     </span>
    </p>
   </div>
   <div class='ocr_carea' id='block_1_46' title="bbox 143 4465 1728 4538">
    <p class='ocr_par' dir='ltr' id='par_1_46' title="bbox 143 4465 1728 4538">
     <span class='ocr_line' id='line_1_46' title="bbox 143 4465 1728 4538; baseline -0.004 -10"><span class='ocrx_word' id='word_1_343' title='bbox 143 4472 300 4538; x_wconf 83' lang='lat' dir='ltr'><strong>heth,</strong></span> <span class='ocrx_word' id='word_1_344' title='bbox 340 4479 397 4526; x_wconf 87' lang='lat' dir='ltr'><strong>et</strong></span> <span class='ocrx_word' id='word_1_345' title='bbox 439 4470 577 4525; x_wconf 86' lang='lat' dir='ltr'><strong>sicut</strong></span> <span class='ocrx_word' id='word_1_346' title='bbox 615 4467 849 4524; x_wconf 83' lang='lat' dir='ltr'><strong>Joannes</strong></span> <span class='ocrx_word' id='word_1_347' title='bbox 893 4466 1032 4522; x_wconf 87' lang='lat' dir='ltr'><strong>ﬁlius</strong></span> <span class='ocrx_word' id='word_1_348' title='bbox 1069 4481 1276 4532; x_wconf 91' lang='lat' dir='ltr'><strong>eorum,</strong></span> <span class='ocrx_word' id='word_1_349' title='bbox 1322 4467 1462 4520; x_wconf 89' lang='lat' dir='ltr'><strong>sicut</strong></span> <span class='ocrx_word' id='word_1_350' title='bbox 1508 4465 1728 4522; x_wconf 88' lang='lat' dir='ltr'><strong>Simeon</strong></span> 
     </span>
    </p>
   </div>
   <div class='ocr_carea' id='block_1_47' title="bbox 145 4556 1730 4632">
    <p class='ocr_par' dir='ltr' id='par_1_47' title="bbox 145 4556 1730 4632">
     <span class='ocr_line' id='line_1_47' title="bbox 145 4556 1730 4632; baseline -0.004 -12"><span class='ocrx_word' id='word_1_351' title='bbox 145 4579 314 4621; x_wconf 88' lang='lat' dir='ltr'><strong>senex</strong></span> <span class='ocrx_word' id='word_1_352' title='bbox 354 4570 410 4618; x_wconf 91' lang='lat' dir='ltr'><strong>et</strong></span> <span class='ocrx_word' id='word_1_353' title='bbox 451 4562 604 4618; x_wconf 86' lang='lat' dir='ltr'><strong>Anna</strong></span> <span class='ocrx_word' id='word_1_354' title='bbox 652 4560 806 4615; x_wconf 90' lang='lat' dir='ltr'><strong>vidua</strong></span> <span class='ocrx_word' id='word_1_355' title='bbox 853 4557 1004 4632; x_wconf 85' lang='lat' dir='ltr'><strong>(Luc.</strong></span> <span class='ocrx_word' id='word_1_356' title='bbox 1041 4567 1140 4614; x_wconf 86' lang='lat' dir='ltr'><strong>tet</strong></span> <span class='ocrx_word' id='word_1_357' title='bbox 1182 4556 1263 4630; x_wconf 91' lang='grc' dir='ltr'><strong>ιι).</strong></span> <span class='ocrx_word' id='word_1_358' title='bbox 1312 4557 1464 4614; x_wconf 87' lang='lat' dir='ltr'><strong>Unde</strong></span> <span class='ocrx_word' id='word_1_359' title='bbox 1510 4567 1730 4629; x_wconf 89' lang='lat' dir='ltr'><strong>apparet</strong></span> 
     </span>
    </p>
   </div>
   <div class='ocr_carea' id='block_1_48' title="bbox 147 4649 1731 4726">
    <p class='ocr_par' dir='ltr' id='par_1_48' title="bbox 147 4649 1731 4726">
     <span class='ocr_line' id='line_1_48' title="bbox 147 4649 1731 4726; baseline -0.002 -17"><span class='ocrx_word' id='word_1_360' title='bbox 147 4669 310 4726; x_wconf 82' lang='lat' dir='ltr'><strong>quam</strong></span> <span class='ocrx_word' id='word_1_361' title='bbox 357 4653 538 4724; x_wconf 89' lang='lat' dir='ltr'><strong>impie,</strong></span> <span class='ocrx_word' id='word_1_362' title='bbox 565 4666 724 4724; x_wconf 83' lang='lat' dir='ltr'><strong>quam</strong></span> <span class='ocrx_word' id='word_1_363' title='bbox 767 4650 1098 4706; x_wconf 91' lang='lat' dir='ltr'><strong>calumniose</strong></span> <span class='ocrx_word' id='word_1_364' title='bbox 1134 4649 1496 4720; x_wconf 74' lang='lat' dir='ltr'><strong>obiicerentur</strong></span> <span class='ocrx_word' id='word_1_365' title='bbox 1533 4649 1731 4706; x_wconf 87' lang='lat' dir='ltr'><strong>Catho-</strong></span> 
     </span>
    </p>
   </div>
   <div class='ocr_carea' id='block_1_49' title="bbox 147 4741 1734 4808">
    <p class='ocr_par' dir='ltr' id='par_1_49' title="bbox 147 4741 1734 4808">
     <span class='ocr_line' id='line_1_49' title="bbox 147 4741 1734 4808; baseline -0.004 -5"><span class='ocrx_word' id='word_1_366' title='bbox 147 4745 270 4803; x_wconf 74' lang='lat' dir='ltr'><strong>licis</strong></span> <span class='ocrx_word' id='word_1_367' title='bbox 309 4753 422 4799; x_wconf 94' lang='lat' dir='ltr'><strong>toto</strong></span> <span class='ocrx_word' id='word_1_368' title='bbox 447 4743 578 4800; x_wconf 90' lang='lat' dir='ltr'><strong>orbe</strong></span> <span class='ocrx_word' id='word_1_369' title='bbox 601 4741 806 4797; x_wconf 82' lang='lat' dir='ltr'><strong>diffusis</strong></span> <span class='ocrx_word' id='word_1_370' title='bbox 857 4741 1080 4796; x_wconf 85' lang='lat' dir='ltr'><strong>crimina</strong></span> <span class='ocrx_word' id='word_1_371' title='bbox 1129 4741 1432 4808; x_wconf 65' lang='lat' dir='ltr'><strong>Caeciliani;</strong></span> <span class='ocrx_word' id='word_1_372' title='bbox 1481 4756 1601 4797; x_wconf 93' lang='lat' dir='ltr'><strong>cum</strong></span> <span class='ocrx_word' id='word_1_373' title='bbox 1647 4742 1734 4798; x_wconf 87' lang='lat' dir='ltr'><strong>Si-</strong></span> 
     </span>
    </p>
   </div>
   <div class='ocr_carea' id='block_1_50' title="bbox 148 4833 1731 4904">
    <p class='ocr_par' dir='ltr' id='par_1_50' title="bbox 148 4833 1731 4904">
     <span class='ocr_line' id='line_1_50' title="bbox 148 4833 1731 4904; baseline -0.003 -10"><span class='ocrx_word' id='word_1_374' title='bbox 148 4837 332 4895; x_wconf 81' lang='lat' dir='ltr'><strong>meoni</strong></span> <span class='ocrx_word' id='word_1_375' title='bbox 356 4845 409 4892; x_wconf 91' lang='lat' dir='ltr'><strong>et</strong></span> <span class='ocrx_word' id='word_1_376' title='bbox 437 4838 605 4891; x_wconf 72' lang='lat' dir='ltr'><strong>Anna:</strong></span> <span class='ocrx_word' id='word_1_377' title='bbox 649 4843 706 4889; x_wconf 93' lang='lat' dir='ltr'><strong>et</strong></span> <span class='ocrx_word' id='word_1_378' title='bbox 730 4833 940 4890; x_wconf 66' lang='lat' dir='ltr'><strong>caeteris</strong></span> <span class='ocrx_word' id='word_1_379' title='bbox 969 4833 1165 4888; x_wconf 87' lang='lat' dir='ltr'><strong>talibus</strong></span> <span class='ocrx_word' id='word_1_380' title='bbox 1192 4833 1350 4904; x_wconf 90' lang='lat' dir='ltr'><strong>objici</strong></span> <span class='ocrx_word' id='word_1_381' title='bbox 1377 4848 1481 4888; x_wconf 92' lang='lat' dir='ltr'><strong>non</strong></span> <span class='ocrx_word' id='word_1_382' title='bbox 1512 4842 1731 4904; x_wconf 90' lang='lat' dir='ltr'><strong>possent</strong></span> 
     </span>
    </p>
   </div>
   <div class='ocr_carea' id='block_1_51' title="bbox 145 4924 1732 4998">
    <p class='ocr_par' dir='ltr' id='par_1_51' title="bbox 145 4924 1732 4998">
     <span class='ocr_line' id='line_1_51' title="bbox 145 4924 1732 4998; baseline -0.003 -11"><span class='ocrx_word' id='word_1_383' title='bbox 145 4930 372 4987; x_wconf 85' lang='lat' dir='ltr'><strong>crimina</strong></span> <span class='ocrx_word' id='word_1_384' title='bbox 398 4929 541 4984; x_wconf 87' lang='lat' dir='ltr'><strong>illius</strong></span> <span class='ocrx_word' id='word_1_385' title='bbox 568 4927 769 4998; x_wconf 84' lang='lat' dir='ltr'><strong>populi,</strong></span> <span class='ocrx_word' id='word_1_386' title='bbox 797 4926 852 4981; x_wconf 92' lang='lat' dir='ltr'><strong>in</strong></span> <span class='ocrx_word' id='word_1_387' title='bbox 877 4941 984 4997; x_wconf 91' lang='lat' dir='ltr'><strong>quo</strong></span> <span class='ocrx_word' id='word_1_388' title='bbox 1026 4927 1134 4981; x_wconf 91' lang='lat' dir='ltr'><strong>nati</strong></span> <span class='ocrx_word' id='word_1_389' title='bbox 1163 4924 1392 4993; x_wconf 81' lang='lat' dir='ltr'><strong>fuerant,</strong></span> <span class='ocrx_word' id='word_1_390' title='bbox 1425 4941 1732 4983; x_wconf 84' lang='lat' dir='ltr'><strong>sacramen-</strong></span> 
     </span>
    </p>
   </div>
   <div class='ocr_carea' id='block_1_52' title="bbox 148 5018 1730 5091">
    <p class='ocr_par' dir='ltr' id='par_1_52' title="bbox 148 5018 1730 5091">
     <span class='ocr_line' id='line_1_52' title="bbox 148 5018 1730 5091; baseline -0.001 -13"><span class='ocrx_word' id='word_1_391' title='bbox 148 5025 220 5078; x_wconf 91' lang='lat' dir='ltr'><strong>tis</strong></span> <span class='ocrx_word' id='word_1_392' title='bbox 257 5019 496 5090; x_wconf 87' lang='lat' dir='ltr'><strong>ejusdem</strong></span> <span class='ocrx_word' id='word_1_393' title='bbox 549 5018 726 5091; x_wconf 79' lang='lat' dir='ltr'><strong>populi</strong></span> <span class='ocrx_word' id='word_1_394' title='bbox 772 5018 1093 5083; x_wconf 85' lang='lat' dir='ltr'><strong>consecrati,</strong></span> <span class='ocrx_word' id='word_1_395' title='bbox 1121 5033 1241 5088; x_wconf 66' lang='lat' dir='ltr'><strong>qua:</strong></span> <span class='ocrx_word' id='word_1_396' title='bbox 1286 5019 1509 5074; x_wconf 91' lang='lat' dir='ltr'><strong>crimina</strong></span> <span class='ocrx_word' id='word_1_397' title='bbox 1555 5021 1730 5076; x_wconf 89' lang='lat' dir='ltr'><strong>eidem</strong></span> 
     </span>
    </p>
   </div>
   <div class='ocr_carea' id='block_1_53' title="bbox 150 5109 1730 5184">
    <p class='ocr_par' dir='ltr' id='par_1_53' title="bbox 150 5109 1730 5184">
     <span class='ocr_line' id='line_1_53' title="bbox 150 5109 1730 5184; baseline 0.003 -19"><span class='ocrx_word' id='word_1_398' title='bbox 150 5114 350 5184; x_wconf 79' lang='lat' dir='ltr'><strong>populo</strong></span> <span class='ocrx_word' id='word_1_399' title='bbox 377 5127 485 5168; x_wconf 89' lang='lat' dir='ltr'><strong>non</strong></span> <span class='ocrx_word' id='word_1_400' title='bbox 512 5111 743 5166; x_wconf 91' lang='lat' dir='ltr'><strong>humana</strong></span> <span class='ocrx_word' id='word_1_401' title='bbox 785 5109 984 5180; x_wconf 91' lang='lat' dir='ltr'><strong>opinio,</strong></span> <span class='ocrx_word' id='word_1_402' title='bbox 1012 5109 1107 5166; x_wconf 92' lang='lat' dir='ltr'><strong>sed</strong></span> <span class='ocrx_word' id='word_1_403' title='bbox 1134 5125 1311 5166; x_wconf 90' lang='lat' dir='ltr'><strong>sermo</strong></span> <span class='ocrx_word' id='word_1_404' title='bbox 1339 5111 1551 5168; x_wconf 91' lang='lat' dir='ltr'><strong>divinus</strong></span> <span class='ocrx_word' id='word_1_405' title='bbox 1576 5113 1730 5184; x_wconf 85' lang='lat' dir='ltr'><strong>obje-</strong></span> 
     </span>
    </p>
   </div>
   <div class='ocr_carea' id='block_1_54' title="bbox 147 5203 1732 5278">
    <p class='ocr_par' dir='ltr' id='par_1_54' title="bbox 147 5203 1732 5278">
     <span class='ocr_line' id='line_1_54' title="bbox 147 5203 1732 5278; baseline 0.002 -18"><span class='ocrx_word' id='word_1_406' title='bbox 147 5214 318 5260; x_wconf 83' lang='lat' dir='ltr'><strong>eerat.</strong></span> <span class='ocrx_word' id='word_1_407' title='bbox 347 5205 835 5260; x_wconf 88' lang='lat' dir='ltr'><strong>Commemoratum</strong></span> <span class='ocrx_word' id='word_1_408' title='bbox 880 5213 963 5259; x_wconf 89' lang='lat' dir='ltr'><strong>est</strong></span> <span class='ocrx_word' id='word_1_409' title='bbox 1005 5203 1165 5260; x_wconf 91' lang='lat' dir='ltr'><strong>etiam</strong></span> <span class='ocrx_word' id='word_1_410' title='bbox 1211 5205 1570 5261; x_wconf 91' lang='lat' dir='ltr'><strong>testimonium</strong></span> <span class='ocrx_word' id='word_1_411' title='bbox 1602 5223 1732 5278; x_wconf 91' lang='lat' dir='ltr'><strong>pro-</strong></span> 
     </span>
    </p>
   </div>
   <div class='ocr_carea' id='block_1_55' title="bbox 151 5295 1730 5369">
    <p class='ocr_par' dir='ltr' id='par_1_55' title="bbox 151 5295 1730 5369">
     <span class='ocr_line' id='line_1_55' title="bbox 151 5295 1730 5369; baseline 0.004 -20"><span class='ocrx_word' id='word_1_412' title='bbox 151 5298 446 5369; x_wconf 86' lang='lat' dir='ltr'><strong>pheticum,</strong></span> <span class='ocrx_word' id='word_1_413' title='bbox 473 5295 563 5351; x_wconf 93' lang='lat' dir='ltr'><strong>ubi</strong></span> <span class='ocrx_word' id='word_1_414' title='bbox 608 5296 799 5367; x_wconf 81' lang='lat' dir='ltr'><strong>signati</strong></span> <span class='ocrx_word' id='word_1_415' title='bbox 829 5304 974 5363; x_wconf 88' lang='lat' dir='ltr'><strong>sunt,</strong></span> <span class='ocrx_word' id='word_1_416' title='bbox 1005 5312 1072 5352; x_wconf 91' lang='lat' dir='ltr'><strong>ne</strong></span> <span class='ocrx_word' id='word_1_417' title='bbox 1109 5311 1230 5352; x_wconf 89' lang='lat' dir='ltr'><strong>cum</strong></span> <span class='ocrx_word' id='word_1_418' title='bbox 1273 5297 1428 5353; x_wconf 90' lang='lat' dir='ltr'><strong>malis</strong></span> <span class='ocrx_word' id='word_1_419' title='bbox 1472 5299 1730 5369; x_wconf 89' lang='lat' dir='ltr'><strong>perirent,</strong></span> 
     </span>
    </p>
   </div>
   <div class='ocr_carea' id='block_1_56' title="bbox 151 5386 1731 5459">
    <p class='ocr_par' dir='ltr' id='par_1_56' title="bbox 151 5386 1731 5459">
     <span class='ocr_line' id='line_1_56' title="bbox 151 5386 1731 5459; baseline 0.004 -17"><span class='ocrx_word' id='word_1_420' title='bbox 151 5388 243 5459; x_wconf 84' lang='lat' dir='ltr'><strong>qui</strong></span> <span class='ocrx_word' id='word_1_421' title='bbox 290 5387 573 5458; x_wconf 75' lang='lat' dir='ltr'><strong>gemebant</strong></span> <span class='ocrx_word' id='word_1_422' title='bbox 614 5386 846 5442; x_wconf 73' lang='lat' dir='ltr'><strong>facinora</strong></span> <span class='ocrx_word' id='word_1_423' title='bbox 892 5403 1013 5459; x_wconf 72' lang='lat' dir='ltr'><strong>qua:</strong></span> <span class='ocrx_word' id='word_1_424' title='bbox 1074 5388 1269 5445; x_wconf 91' lang='lat' dir='ltr'><strong>ﬁebant</strong></span> <span class='ocrx_word' id='word_1_425' title='bbox 1312 5389 1364 5445; x_wconf 91' lang='lat' dir='ltr'><strong>in</strong></span> <span class='ocrx_word' id='word_1_426' title='bbox 1412 5392 1598 5447; x_wconf 87' lang='lat' dir='ltr'><strong>medio</strong></span> <span class='ocrx_word' id='word_1_427' title='bbox 1634 5408 1731 5449; x_wconf 79' lang='lat' dir='ltr'><strong>eo-</strong></span> 
     </span>
    </p>
   </div>
   <div class='ocr_carea' id='block_1_57' title="bbox 150 5477 1734 5556">
    <p class='ocr_par' dir='ltr' id='par_1_57' title="bbox 150 5477 1734 5556">
     <span class='ocr_line' id='line_1_57' title="bbox 150 5477 1734 5556; baseline 0.003 -21"><span class='ocrx_word' id='word_1_428' title='bbox 150 5494 272 5535; x_wconf 88' lang='lat' dir='ltr'><strong>rum</strong></span> <span class='ocrx_word' id='word_1_429' title='bbox 317 5477 530 5549; x_wconf 80' lang='lat' dir='ltr'><strong>(Ezech.</strong></span> <span class='ocrx_word' id='word_1_430' title='bbox 565 5493 650 5546; x_wconf 83' lang='lat' dir='ltr'><strong>Ix,</strong></span> <span class='ocrx_word' id='word_1_431' title='bbox 681 5477 776 5551; x_wconf 67' lang='lat'><strong>4);</strong></span> <span class='ocrx_word' id='word_1_432' title='bbox 832 5494 931 5535; x_wconf 89' lang='lat' dir='ltr'><strong>nec</strong></span> <span class='ocrx_word' id='word_1_433' title='bbox 979 5489 1154 5537; x_wconf 90' lang='lat' dir='ltr'><strong>tamen</strong></span> <span class='ocrx_word' id='word_1_434' title='bbox 1185 5483 1534 5552; x_wconf 89' lang='lat' dir='ltr'><strong>corporaliter</strong></span> <span class='ocrx_word' id='word_1_435' title='bbox 1580 5498 1734 5556; x_wconf 86' lang='lat' dir='ltr'><strong>sepa-</strong></span> 
     </span>
    </p>
   </div>
   <div class='ocr_carea' id='block_1_58' title="bbox 151 5574 426 5628">
    <p class='ocr_par' dir='ltr' id='par_1_58' title="bbox 151 5574 426 5628">
     <span class='ocr_line' id='line_1_58' title="bbox 151 5574 426 5628; baseline -0.015 0"><span class='ocrx_word' id='word_1_436' title='bbox 151 5574 252 5628; x_wconf 90' lang='lat' dir='ltr'><strong>rati</strong></span> <span class='ocrx_word' id='word_1_437' title='bbox 283 5581 426 5628; x_wconf 86' lang='lat' dir='ltr'><strong>sunt.</strong></span> 
     </span>
    </p>
   </div>
   <div class='ocr_carea' id='block_1_59' title="bbox 224 5665 1732 5742">
    <p class='ocr_par' dir='ltr' id='par_1_59' title="bbox 224 5665 1732 5742">
     <span class='ocr_line' id='line_1_59' title="bbox 224 5665 1732 5742; baseline 0.005 -20"><span class='ocrx_word' id='word_1_438' title='bbox 224 5666 314 5722; x_wconf 77' lang='grc'><strong>18.</strong></span> <span class='ocrx_word' id='word_1_439' title='bbox 356 5665 556 5722; x_wconf 89' lang='lat' dir='ltr'><strong>Deinde</strong></span> <span class='ocrx_word' id='word_1_440' title='bbox 582 5667 658 5723; x_wconf 91' lang='lat' dir='ltr'><strong>ibi</strong></span> <span class='ocrx_word' id='word_1_441' title='bbox 682 5677 1154 5724; x_wconf 90' lang='lat' dir='ltr'><strong>commemoratum</strong></span> <span class='ocrx_word' id='word_1_442' title='bbox 1175 5677 1258 5725; x_wconf 90' lang='lat' dir='ltr'><strong>est</strong></span> <span class='ocrx_word' id='word_1_443' title='bbox 1277 5670 1448 5740; x_wconf 84' lang='lat' dir='ltr'><strong>qualis</strong></span> <span class='ocrx_word' id='word_1_444' title='bbox 1468 5675 1732 5742; x_wconf 85' lang='lat' dir='ltr'><strong>separatio</strong></span> 
     </span>
    </p>
   </div>
   <div class='ocr_carea' id='block_1_60' title="bbox 153 5755 1728 5834">
    <p class='ocr_par' dir='ltr' id='par_1_60' title="bbox 153 5755 1728 5834">
     <span class='ocr_line' id='line_1_60' title="bbox 153 5755 1728 5834; baseline 0.004 -22"><span class='ocrx_word' id='word_1_445' title='bbox 153 5755 307 5828; x_wconf 74' lang='lat' dir='ltr'><strong>bonis</strong></span> <span class='ocrx_word' id='word_1_446' title='bbox 338 5755 440 5815; x_wconf 89' lang='lat' dir='ltr'><strong>hoc</strong></span> <span class='ocrx_word' id='word_1_447' title='bbox 470 5765 714 5832; x_wconf 87' lang='lat' dir='ltr'><strong>tempore</strong></span> <span class='ocrx_word' id='word_1_448' title='bbox 741 5757 808 5815; x_wconf 90' lang='lat' dir='ltr'><strong>ab</strong></span> <span class='ocrx_word' id='word_1_449' title='bbox 849 5756 1025 5831; x_wconf 87' lang='lat' dir='ltr'><strong>impiis</strong></span> <span class='ocrx_word' id='word_1_450' title='bbox 1065 5769 1118 5816; x_wconf 88' lang='lat' dir='ltr'><strong>et</strong></span> <span class='ocrx_word' id='word_1_451' title='bbox 1157 5758 1312 5820; x_wconf 85' lang='lat' dir='ltr'><strong>malis</strong></span> <span class='ocrx_word' id='word_1_452' title='bbox 1355 5759 1468 5818; x_wconf 89' lang='lat' dir='ltr'><strong>ﬁeri</strong></span> <span class='ocrx_word' id='word_1_453' title='bbox 1515 5762 1728 5834; x_wconf 82' lang='lat' dir='ltr'><strong>debeat,</strong></span> 
     </span>
    </p>
   </div>
   <div class='ocr_carea' id='block_1_61' title="bbox 817 5935 1652 5967">
    <p class='ocr_par' dir='ltr' id='par_1_61' title="bbox 817 5935 1652 5967">
     <span class='ocr_line' id='line_1_61' title="bbox 817 5935 1652 5967; baseline 0.007 -3"><span class='ocrx_word' id='word_1_454' title='bbox 817 5954 912 5967; x_wconf 40' lang='grc' dir='ltr'><strong>*θ’</strong></span> <span class='ocrx_word' id='word_1_455' title='bbox 1563 5944 1578 5956; x_wconf 60' lang='grc' dir='ltr'><strong><em>ρ</em></strong></span> <span class='ocrx_word' id='word_1_456' title='bbox 1595 5941 1652 5952; x_wconf 63' lang='lat'><strong>--</strong></span> 
     </span>
    </p>
   </div>
   <div class='ocr_carea' id='block_1_62' title="bbox 973 277 2521 350">
    <p class='ocr_par' dir='ltr' id='par_1_62' title="bbox 973 277 2521 350">
     <span class='ocr_line' id='line_1_62' title="bbox 973 277 2521 350; baseline -0.006 -1"><span class='ocrx_word' id='word_1_457' title='bbox 973 288 1404 350; x_wconf 83' lang='lat' dir='ltr'><strong>BREVICULUS</strong></span> <span class='ocrx_word' id='word_1_458' title='bbox 1441 277 1885 342; x_wconf 67' lang='lat' dir='ltr'><strong>COLLATIONIS</strong></span> <span class='ocrx_word' id='word_1_459' title='bbox 1926 279 2061 340; x_wconf 75' lang='lat' dir='ltr'><strong>CUM</strong></span> <span class='ocrx_word' id='word_1_460' title='bbox 2102 281 2521 342; x_wconf 74' lang='lat' dir='ltr'><strong>DONATISTIS.</strong></span> 
     </span>
    </p>
   </div>
   <div class='ocr_carea' id='block_1_63' title="bbox 3290 274 3396 350">
    <p class='ocr_par' dir='ltr' id='par_1_63' title="bbox 3290 274 3396 350">
     <span class='ocr_line' id='line_1_63' title="bbox 3290 274 3396 350; baseline 0.038 -4"><span class='ocrx_word' id='word_1_461' title='bbox 3290 274 3396 350; x_wconf 65' lang='lat'><strong>634</strong></span> 
     </span>
    </p>
   </div>
   <div class='ocr_carea' id='block_1_64' title="bbox 1816 397 3396 477">
    <p class='ocr_par' dir='ltr' id='par_1_64' title="bbox 1816 397 3396 477">
     <span class='ocr_line' id='line_1_64' title="bbox 1816 397 3396 477; baseline 0.011 -19"><span class='ocrx_word' id='word_1_462' title='bbox 1816 419 1882 459; x_wconf 89' lang='lat' dir='ltr'><strong>ne</strong></span> <span class='ocrx_word' id='word_1_463' title='bbox 1907 403 2328 461; x_wconf 85' lang='lat' dir='ltr'><strong>communicetur</strong></span> <span class='ocrx_word' id='word_1_464' title='bbox 2357 403 2587 476; x_wconf 87' lang='lat' dir='ltr'><strong>peccatis</strong></span> <span class='ocrx_word' id='word_1_465' title='bbox 2612 399 2836 477; x_wconf 87' lang='lat' dir='ltr'><strong>alienis;</strong></span> <span class='ocrx_word' id='word_1_466' title='bbox 2864 397 3030 469; x_wconf 87' lang='lat' dir='ltr'><strong>corde</strong></span> <span class='ocrx_word' id='word_1_467' title='bbox 3067 411 3313 474; x_wconf 81' lang='lat' dir='ltr'><strong>videlicet</strong></span> <span class='ocrx_word' id='word_1_468' title='bbox 3337 427 3396 476; x_wconf 89' lang='lat' dir='ltr'><strong>et</strong></span> 
     </span>
    </p>
   </div>
   <div class='ocr_carea' id='block_1_65' title="bbox 1815 496 3391 580">
    <p class='ocr_par' dir='ltr' id='par_1_65' title="bbox 1815 496 3391 580">
     <span class='ocr_line' id='line_1_65' title="bbox 1815 496 3391 580; baseline 0.009 -30"><span class='ocrx_word' id='word_1_469' title='bbox 1815 496 1934 550; x_wconf 67' lang='lat' dir='ltr'><strong>vitae</strong></span> <span class='ocrx_word' id='word_1_470' title='bbox 1976 511 2292 568; x_wconf 88' lang='lat' dir='ltr'><strong>morumque</strong></span> <span class='ocrx_word' id='word_1_471' title='bbox 2329 497 2759 556; x_wconf 89' lang='lat' dir='ltr'><strong>dissimilitudine</strong></span> <span class='ocrx_word' id='word_1_472' title='bbox 2788 519 2800 555; x_wconf 90' lang='lat'><strong>:</strong></span> <span class='ocrx_word' id='word_1_473' title='bbox 2835 516 2936 558; x_wconf 91' lang='lat' dir='ltr'><strong>nec</strong></span> <span class='ocrx_word' id='word_1_474' title='bbox 2964 503 3119 560; x_wconf 89' lang='lat' dir='ltr'><strong>aliter</strong></span> <span class='ocrx_word' id='word_1_475' title='bbox 3162 507 3391 580; x_wconf 75' lang='lat' dir='ltr'><strong>intelligi</strong></span> 
     </span>
    </p>
   </div>
   <div class='ocr_carea' id='block_1_66' title="bbox 1813 587 3394 668">
    <p class='ocr_par' dir='ltr' id='par_1_66' title="bbox 1813 587 3394 668">
     <span class='ocr_line' id='line_1_66' title="bbox 1813 587 3394 668; baseline 0.008 -24"><span class='ocrx_word' id='word_1_476' title='bbox 1813 587 2009 645; x_wconf 89' lang='lat' dir='ltr'><strong>debere</strong></span> <span class='ocrx_word' id='word_1_477' title='bbox 2054 588 2196 660; x_wconf 93' lang='lat' dir='ltr'><strong>quod</strong></span> <span class='ocrx_word' id='word_1_478' title='bbox 2237 591 2492 661; x_wconf 90' lang='lat' dir='ltr'><strong>scriptum</strong></span> <span class='ocrx_word' id='word_1_479' title='bbox 2531 599 2634 659; x_wconf 92' lang='lat' dir='ltr'><strong>est,</strong></span> <span class='ocrx_word' id='word_1_480' title='bbox 2675 589 2827 648; x_wconf 75' lang='lat' dir='ltr'><strong>Exite</strong></span> <span class='ocrx_word' id='word_1_481' title='bbox 2869 596 2933 650; x_wconf 83' lang='lat' dir='ltr'><strong>de</strong></span> <span class='ocrx_word' id='word_1_482' title='bbox 2987 597 3151 653; x_wconf 84' lang='lat' dir='ltr'><strong>medio</strong></span> <span class='ocrx_word' id='word_1_483' title='bbox 3199 616 3394 668; x_wconf 73' lang='lat' dir='ltr'><strong>eamut,</strong></span> 
     </span>
    </p>
   </div>
   <div class='ocr_carea' id='block_1_67' title="bbox 1814 684 3398 766">
    <p class='ocr_par' dir='ltr' id='par_1_67' title="bbox 1814 684 3398 766">
     <span class='ocr_line' id='line_1_67' title="bbox 1814 684 3398 766; baseline 0.008 -28"><span class='ocrx_word' id='word_1_484' title='bbox 1814 684 2028 738; x_wconf 86' lang='lat' dir='ltr'><strong>recedite</strong></span> <span class='ocrx_word' id='word_1_485' title='bbox 2045 684 2182 751; x_wconf 83' lang='lat' dir='ltr'><strong>inde,</strong></span> <span class='ocrx_word' id='word_1_486' title='bbox 2201 694 2246 738; x_wconf 82' lang='lat' dir='ltr'><strong>et</strong></span> <span class='ocrx_word' id='word_1_487' title='bbox 2267 684 2581 741; x_wconf 83' lang='lat' dir='ltr'><strong>immundum</strong></span> <span class='ocrx_word' id='word_1_488' title='bbox 2607 703 2670 742; x_wconf 83' lang='lat' dir='ltr'><strong>ne</strong></span> <span class='ocrx_word' id='word_1_489' title='bbox 2689 688 2950 760; x_wconf 84' lang='lat' dir='ltr'><strong>tetigeritis</strong></span> <span class='ocrx_word' id='word_1_490' title='bbox 2978 689 3132 764; x_wconf 84' lang='lat' dir='ltr'><strong>(Isai.</strong></span> <span class='ocrx_word' id='word_1_491' title='bbox 3156 709 3250 762; x_wconf 83' lang='lat' dir='ltr'><strong>ut,</strong></span> <span class='ocrx_word' id='word_1_492' title='bbox 3273 696 3398 766; x_wconf 73' lang='lat' dir='ltr'><strong>ii);</strong></span> 
     </span>
    </p>
   </div>
   <div class='ocr_carea' id='block_1_68' title="bbox 1817 775 3400 851">
    <p class='ocr_par' dir='ltr' id='par_1_68' title="bbox 1817 775 3400 851">
     <span class='ocr_line' id='line_1_68' title="bbox 1817 775 3400 851; baseline 0.008 -20"><span class='ocrx_word' id='word_1_493' title='bbox 1817 775 1870 832; x_wconf 89' lang='lat' dir='ltr'><strong>id</strong></span> <span class='ocrx_word' id='word_1_494' title='bbox 1907 786 2009 844; x_wconf 92' lang='lat' dir='ltr'><strong>est,</strong></span> <span class='ocrx_word' id='word_1_495' title='bbox 2053 776 2420 833; x_wconf 91' lang='lat' dir='ltr'><strong>discernimini</strong></span> <span class='ocrx_word' id='word_1_496' title='bbox 2463 779 2618 834; x_wconf 88' lang='lat' dir='ltr'><strong>aliter</strong></span> <span class='ocrx_word' id='word_1_497' title='bbox 2662 780 2907 851; x_wconf 90' lang='lat' dir='ltr'><strong>vivendo,</strong></span> <span class='ocrx_word' id='word_1_498' title='bbox 2949 793 3004 839; x_wconf 92' lang='lat' dir='ltr'><strong>et</strong></span> <span class='ocrx_word' id='word_1_499' title='bbox 3046 785 3400 843; x_wconf 77' lang='lat' dir='ltr'><strong>immunditize</strong></span> 
     </span>
    </p>
   </div>
   <div class='ocr_carea' id='block_1_69' title="bbox 1817 869 3405 944">
    <p class='ocr_par' dir='ltr' id='par_1_69' title="bbox 1817 869 3405 944">
     <span class='ocr_line' id='line_1_69' title="bbox 1817 869 3405 944; baseline 0.008 -20"><span class='ocrx_word' id='word_1_500' title='bbox 1817 883 1923 924; x_wconf 92' lang='lat' dir='ltr'><strong>non</strong></span> <span class='ocrx_word' id='word_1_501' title='bbox 1947 869 2348 925; x_wconf 91' lang='lat' dir='ltr'><strong>consenseritis.</strong></span> <span class='ocrx_word' id='word_1_502' title='bbox 2368 869 2446 925; x_wconf 90' lang='lat' dir='ltr'><strong>lbi</strong></span> <span class='ocrx_word' id='word_1_503' title='bbox 2484 871 2645 927; x_wconf 89' lang='lat' dir='ltr'><strong>etiam</strong></span> <span class='ocrx_word' id='word_1_504' title='bbox 2673 874 3126 944; x_wconf 91' lang='lat' dir='ltr'><strong>opportunissimo</strong></span> <span class='ocrx_word' id='word_1_505' title='bbox 3168 877 3288 934; x_wconf 91' lang='lat' dir='ltr'><strong>loco</strong></span> <span class='ocrx_word' id='word_1_506' title='bbox 3319 895 3405 937; x_wconf 86' lang='lat' dir='ltr'><strong>re-</strong></span> 
     </span>
    </p>
   </div>
   <div class='ocr_carea' id='block_1_70' title="bbox 1817 961 3396 1040">
    <p class='ocr_par' dir='ltr' id='par_1_70' title="bbox 1817 961 3396 1040">
     <span class='ocr_line' id='line_1_70' title="bbox 1817 961 3396 1040; baseline 0.01 -26"><span class='ocrx_word' id='word_1_507' title='bbox 1817 974 2072 1030; x_wconf 89' lang='lat' dir='ltr'><strong>sponsum</strong></span> <span class='ocrx_word' id='word_1_508' title='bbox 2103 970 2185 1016; x_wconf 89' lang='lat' dir='ltr'><strong>est</strong></span> <span class='ocrx_word' id='word_1_509' title='bbox 2223 961 2514 1018; x_wconf 90' lang='lat' dir='ltr'><strong>Donatistis</strong></span> <span class='ocrx_word' id='word_1_510' title='bbox 2541 963 2608 1019; x_wconf 89' lang='lat' dir='ltr'><strong>ad</strong></span> <span class='ocrx_word' id='word_1_511' title='bbox 2637 964 2766 1021; x_wconf 91' lang='lat' dir='ltr'><strong>illud</strong></span> <span class='ocrx_word' id='word_1_512' title='bbox 2800 966 2943 1038; x_wconf 90' lang='lat' dir='ltr'><strong>quod</strong></span> <span class='ocrx_word' id='word_1_513' title='bbox 2976 969 3240 1040; x_wconf 89' lang='lat' dir='ltr'><strong>dixerant,</strong></span> <span class='ocrx_word' id='word_1_514' title='bbox 3271 987 3396 1036; x_wconf 82' lang='lat' dir='ltr'><strong>cum</strong></span> 
     </span>
    </p>
   </div>
   <div class='ocr_carea' id='block_1_71' title="bbox 1817 1053 3397 1133">
    <p class='ocr_par' dir='ltr' id='par_1_71' title="bbox 1817 1053 3397 1133">
     <span class='ocr_line' id='line_1_71' title="bbox 1817 1053 3397 1133; baseline 0.009 -25"><span class='ocrx_word' id='word_1_515' title='bbox 1817 1067 1915 1108; x_wconf 92' lang='lat' dir='ltr'><strong>eos</strong></span> <span class='ocrx_word' id='word_1_516' title='bbox 1944 1061 2148 1123; x_wconf 89' lang='lat' dir='ltr'><strong>peteret</strong></span> <span class='ocrx_word' id='word_1_517' title='bbox 2171 1053 2421 1124; x_wconf 82' lang='lat' dir='ltr'><strong>Cognitor</strong></span> <span class='ocrx_word' id='word_1_518' title='bbox 2453 1065 2511 1110; x_wconf 91' lang='lat' dir='ltr'><strong>ut</strong></span> <span class='ocrx_word' id='word_1_519' title='bbox 2543 1054 2814 1128; x_wconf 87' lang='lat' dir='ltr'><strong>sederent,</strong></span> <span class='ocrx_word' id='word_1_520' title='bbox 2845 1061 3102 1131; x_wconf 91' lang='lat' dir='ltr'><strong>scriptum</strong></span> <span class='ocrx_word' id='word_1_521' title='bbox 3128 1062 3229 1120; x_wconf 85' lang='lat' dir='ltr'><strong>sibi</strong></span> <span class='ocrx_word' id='word_1_522' title='bbox 3254 1080 3397 1133; x_wconf 86' lang='lat' dir='ltr'><strong>esse,</strong></span> 
     </span>
    </p>
   </div>
   <div class='ocr_carea' id='block_1_72' title="bbox 1794 1146 3396 1226">
    <p class='ocr_par' dir='ltr' id='par_1_72' title="bbox 1794 1146 3396 1226">
     <span class='ocr_line' id='line_1_72' title="bbox 1794 1146 3396 1226; baseline 0.009 -27"><span class='ocrx_word' id='word_1_523' title='bbox 1794 1155 1879 1200; x_wconf 78' lang='grc' dir='ltr'><strong>ἰιι</strong></span> <span class='ocrx_word' id='word_1_524' title='bbox 1905 1160 2026 1200; x_wconf 92' lang='lat' dir='ltr'><strong>cum</strong></span> <span class='ocrx_word' id='word_1_525' title='bbox 2050 1146 2240 1202; x_wconf 88' lang='lat' dir='ltr'><strong>talibus</strong></span> <span class='ocrx_word' id='word_1_526' title='bbox 2266 1161 2370 1203; x_wconf 92' lang='lat' dir='ltr'><strong>non</strong></span> <span class='ocrx_word' id='word_1_527' title='bbox 2400 1146 2651 1204; x_wconf 88' lang='lat' dir='ltr'><strong>sederent</strong></span> <span class='ocrx_word' id='word_1_528' title='bbox 2672 1149 2893 1223; x_wconf 84' lang='lat' dir='ltr'><strong>(Supra,</strong></span> <span class='ocrx_word' id='word_1_529' title='bbox 2915 1149 3216 1211; x_wconf 84' lang='lat' dir='ltr'><strong>Collationis</strong></span> <span class='ocrx_word' id='word_1_530' title='bbox 3242 1158 3324 1212; x_wconf 89' lang='lat' dir='ltr'><strong>die</strong></span> <span class='ocrx_word' id='word_1_531' title='bbox 3337 1156 3396 1226; x_wconf 78' lang='lat'><strong>2,</strong></span> 
     </span>
    </p>
   </div>
   <div class='ocr_carea' id='block_1_73' title="bbox 1818 1237 3404 1314">
    <p class='ocr_par' dir='ltr' id='par_1_73' title="bbox 1818 1237 3404 1314">
     <span class='ocr_line' id='line_1_73' title="bbox 1818 1237 3404 1314; baseline 0.011 -23"><span class='ocrx_word' id='word_1_532' title='bbox 1818 1255 1933 1310; x_wconf 87' lang='lat' dir='ltr'><strong>cap.</strong></span> <span class='ocrx_word' id='word_1_533' title='bbox 1965 1239 2044 1310; x_wconf 75' lang='grc'><strong>1).</strong></span> <span class='ocrx_word' id='word_1_534' title='bbox 2090 1237 2297 1294; x_wconf 90' lang='lat' dir='ltr'><strong>Dictum</strong></span> <span class='ocrx_word' id='word_1_535' title='bbox 2342 1248 2425 1296; x_wconf 91' lang='lat' dir='ltr'><strong>est</strong></span> <span class='ocrx_word' id='word_1_536' title='bbox 2460 1241 2603 1296; x_wconf 91' lang='lat' dir='ltr'><strong>enim</strong></span> <span class='ocrx_word' id='word_1_537' title='bbox 2639 1257 2670 1296; x_wconf 91' lang='lat' dir='ltr'><strong>a</strong></span> <span class='ocrx_word' id='word_1_538' title='bbox 2710 1243 3020 1314; x_wconf 87' lang='lat' dir='ltr'><strong>Catholicis,</strong></span> <span class='ocrx_word' id='word_1_539' title='bbox 3049 1262 3172 1306; x_wconf 90' lang='lat' dir='ltr'><strong>cum</strong></span> <span class='ocrx_word' id='word_1_540' title='bbox 3214 1266 3404 1309; x_wconf 89' lang='lat' dir='ltr'><strong>eorum</strong></span> 
     </span>
    </p>
   </div>
   <div class='ocr_carea' id='block_1_74' title="bbox 1818 1329 3406 1409">
    <p class='ocr_par' dir='ltr' id='par_1_74' title="bbox 1818 1329 3406 1409">
     <span class='ocr_line' id='line_1_74' title="bbox 1818 1329 3406 1409; baseline 0.011 -25"><span class='ocrx_word' id='word_1_541' title='bbox 1818 1329 2009 1385; x_wconf 84' lang='lat' dir='ltr'><strong>litteris</strong></span> <span class='ocrx_word' id='word_1_542' title='bbox 2035 1330 2439 1402; x_wconf 90' lang='lat' dir='ltr'><strong>responderent,</strong></span> <span class='ocrx_word' id='word_1_543' title='bbox 2472 1347 2578 1388; x_wconf 89' lang='lat' dir='ltr'><strong>non</strong></span> <span class='ocrx_word' id='word_1_544' title='bbox 2609 1334 2687 1390; x_wconf 91' lang='lat' dir='ltr'><strong>sic</strong></span> <span class='ocrx_word' id='word_1_545' title='bbox 2729 1335 3132 1409; x_wconf 77' lang='lat' dir='ltr'><strong>intelligendam</strong></span> <span class='ocrx_word' id='word_1_546' title='bbox 3172 1357 3292 1400; x_wconf 87' lang='lat' dir='ltr'><strong>esse</strong></span> <span class='ocrx_word' id='word_1_547' title='bbox 3316 1360 3406 1402; x_wconf 86' lang='lat' dir='ltr'><strong>se-</strong></span> 
     </span>
    </p>
   </div>
   <div class='ocr_carea' id='block_1_75' title="bbox 1819 1424 3406 1501">
    <p class='ocr_par' dir='ltr' id='par_1_75' title="bbox 1819 1424 3406 1501">
     <span class='ocr_line' id='line_1_75' title="bbox 1819 1424 3406 1501; baseline 0.01 -25"><span class='ocrx_word' id='word_1_548' title='bbox 1819 1424 2149 1493; x_wconf 86' lang='lat' dir='ltr'><strong>parationem</strong></span> <span class='ocrx_word' id='word_1_549' title='bbox 2175 1439 2206 1478; x_wconf 93' lang='lat' dir='ltr'><strong>a</strong></span> <span class='ocrx_word' id='word_1_550' title='bbox 2234 1425 2388 1480; x_wconf 90' lang='lat' dir='ltr'><strong>malis</strong></span> <span class='ocrx_word' id='word_1_551' title='bbox 2432 1425 2532 1482; x_wconf 91' lang='lat' dir='ltr'><strong>hoc</strong></span> <span class='ocrx_word' id='word_1_552' title='bbox 2557 1435 2821 1499; x_wconf 89' lang='lat' dir='ltr'><strong>tempore,</strong></span> <span class='ocrx_word' id='word_1_553' title='bbox 2846 1431 3294 1501; x_wconf 90' lang='lat' dir='ltr'><strong>quemadmodum</strong></span> <span class='ocrx_word' id='word_1_554' title='bbox 3327 1437 3406 1494; x_wconf 91' lang='lat' dir='ltr'><strong>illi</strong></span> 
     </span>
    </p>
   </div>
   <div class='ocr_carea' id='block_1_76' title="bbox 1820 1515 3404 1598">
    <p class='ocr_par' dir='ltr' id='par_1_76' title="bbox 1820 1515 3404 1598">
     <span class='ocr_line' id='line_1_76' title="bbox 1820 1515 3404 1598; baseline 0.011 -29"><span class='ocrx_word' id='word_1_555' title='bbox 1820 1515 2212 1581; x_wconf 88' lang='lat' dir='ltr'><strong>intellexerant,</strong></span> <span class='ocrx_word' id='word_1_556' title='bbox 2245 1517 2335 1588; x_wconf 91' lang='lat' dir='ltr'><strong>qui</strong></span> <span class='ocrx_word' id='word_1_557' title='bbox 2379 1531 2562 1574; x_wconf 89' lang='lat' dir='ltr'><strong>secum</strong></span> <span class='ocrx_word' id='word_1_558' title='bbox 2604 1529 2854 1592; x_wconf 85' lang='lat' dir='ltr'><strong>tanquam</strong></span> <span class='ocrx_word' id='word_1_559' title='bbox 2901 1537 3023 1579; x_wconf 94' lang='lat' dir='ltr'><strong>cum</strong></span> <span class='ocrx_word' id='word_1_560' title='bbox 3071 1525 3250 1598; x_wconf 90' lang='lat' dir='ltr'><strong>impiis</strong></span> <span class='ocrx_word' id='word_1_561' title='bbox 3294 1543 3404 1587; x_wconf 92' lang='lat' dir='ltr'><strong>non</strong></span> 
     </span>
    </p>
   </div>
   <div class='ocr_carea' id='block_1_77' title="bbox 1820 1606 3409 1680">
    <p class='ocr_par' dir='ltr' id='par_1_77' title="bbox 1820 1606 3409 1680">
     <span class='ocr_line' id='line_1_77' title="bbox 1820 1606 3409 1680; baseline 0.009 -18"><span class='ocrx_word' id='word_1_562' title='bbox 1820 1606 2095 1674; x_wconf 89' lang='lat' dir='ltr'><strong>sederunt,</strong></span> <span class='ocrx_word' id='word_1_563' title='bbox 2141 1608 2266 1678; x_wconf 85' lang='lat' dir='ltr'><strong>quia</strong></span> <span class='ocrx_word' id='word_1_564' title='bbox 2313 1609 2571 1680; x_wconf 89' lang='lat' dir='ltr'><strong>scriptum</strong></span> <span class='ocrx_word' id='word_1_565' title='bbox 2620 1619 2723 1678; x_wconf 88' lang='lat' dir='ltr'><strong>cst,</strong></span> <span class='ocrx_word' id='word_1_566' title='bbox 2779 1613 2902 1670; x_wconf 85' lang='lat' dir='ltr'><strong>Non</strong></span> <span class='ocrx_word' id='word_1_567' title='bbox 2945 1617 3054 1671; x_wconf 84' lang='lat' dir='ltr'><strong>sedi</strong></span> <span class='ocrx_word' id='word_1_568' title='bbox 3096 1618 3151 1673; x_wconf 85' lang='lat' dir='ltr'><strong>in</strong></span> <span class='ocrx_word' id='word_1_569' title='bbox 3193 1622 3409 1678; x_wconf 83' lang='lat' dir='ltr'><strong>concilia</strong></span> 
     </span>
    </p>
   </div>
   <div class='ocr_carea' id='block_1_78' title="bbox 1819 1697 3410 1776">
    <p class='ocr_par' dir='ltr' id='par_1_78' title="bbox 1819 1697 3410 1776">
     <span class='ocr_line' id='line_1_78' title="bbox 1819 1697 3410 1776; baseline 0.011 -26"><span class='ocrx_word' id='word_1_570' title='bbox 1819 1697 2110 1769; x_wconf 88' lang='lat' dir='ltr'><strong>impiorum.</strong></span> <span class='ocrx_word' id='word_1_571' title='bbox 2133 1697 2267 1754; x_wconf 91' lang='lat' dir='ltr'><strong>Cum</strong></span> <span class='ocrx_word' id='word_1_572' title='bbox 2295 1701 2476 1770; x_wconf 91' lang='lat' dir='ltr'><strong>utique</strong></span> <span class='ocrx_word' id='word_1_573' title='bbox 2505 1703 2552 1758; x_wconf 88' lang='lat' dir='ltr'><strong>si</strong></span> <span class='ocrx_word' id='word_1_574' title='bbox 2597 1703 2790 1775; x_wconf 88' lang='lat' dir='ltr'><strong>impios</strong></span> <span class='ocrx_word' id='word_1_575' title='bbox 2824 1714 3094 1776; x_wconf 88' lang='lat' dir='ltr'><strong>putarent,</strong></span> <span class='ocrx_word' id='word_1_576' title='bbox 3136 1725 3238 1768; x_wconf 93' lang='lat' dir='ltr'><strong>nec</strong></span> <span class='ocrx_word' id='word_1_577' title='bbox 3281 1711 3410 1768; x_wconf 92' lang='lat' dir='ltr'><strong>illud</strong></span> 
     </span>
    </p>
   </div>
   <div class='ocr_carea' id='block_1_79' title="bbox 1820 1791 3408 1874">
    <p class='ocr_par' dir='ltr' id='par_1_79' title="bbox 1820 1791 3408 1874">
     <span class='ocr_line' id='line_1_79' title="bbox 1820 1791 3408 1874; baseline 0.01 -30"><span class='ocrx_word' id='word_1_578' title='bbox 1820 1791 1963 1862; x_wconf 90' lang='lat' dir='ltr'><strong>quod</strong></span> <span class='ocrx_word' id='word_1_579' title='bbox 2003 1792 2056 1847; x_wconf 91' lang='lat' dir='ltr'><strong>in</strong></span> <span class='ocrx_word' id='word_1_580' title='bbox 2086 1792 2275 1850; x_wconf 90' lang='lat' dir='ltr'><strong>eodem</strong></span> <span class='ocrx_word' id='word_1_581' title='bbox 2306 1795 2511 1864; x_wconf 91' lang='lat' dir='ltr'><strong>psalmo</strong></span> <span class='ocrx_word' id='word_1_582' title='bbox 2541 1808 2934 1870; x_wconf 90' lang='lat' dir='ltr'><strong>consequenter</strong></span> <span class='ocrx_word' id='word_1_583' title='bbox 2963 1802 3296 1874; x_wconf 88' lang='lat' dir='ltr'><strong>prohibetur,</strong></span> <span class='ocrx_word' id='word_1_584' title='bbox 3326 1805 3408 1860; x_wconf 85' lang='lat' dir='ltr'><strong>ta-</strong></span> 
     </span>
    </p>
   </div>
   <div class='ocr_carea' id='block_1_80' title="bbox 1821 1884 3410 1969">
    <p class='ocr_par' dir='ltr' id='par_1_80' title="bbox 1821 1884 3410 1969">
     <span class='ocr_line' id='line_1_80' title="bbox 1821 1884 3410 1969; baseline 0.009 -31"><span class='ocrx_word' id='word_1_585' title='bbox 1821 1899 1946 1940; x_wconf 89' lang='lat' dir='ltr'><strong>cere</strong></span> <span class='ocrx_word' id='word_1_586' title='bbox 1981 1884 2300 1940; x_wconf 91' lang='lat' dir='ltr'><strong>debuerunt.</strong></span> <span class='ocrx_word' id='word_1_587' title='bbox 2326 1885 2460 1942; x_wconf 80' lang='lat' dir='ltr'><strong>Nam</strong></span> <span class='ocrx_word' id='word_1_588' title='bbox 2502 1887 2575 1944; x_wconf 90' lang='lat' dir='ltr'><strong>ibi</strong></span> <span class='ocrx_word' id='word_1_589' title='bbox 2599 1891 2859 1961; x_wconf 88' lang='lat' dir='ltr'><strong>sequitur,</strong></span> <span class='ocrx_word' id='word_1_590' title='bbox 2885 1892 3093 1949; x_wconf 81' lang='lat' dir='ltr'><strong>Etcum</strong></span> <span class='ocrx_word' id='word_1_591' title='bbox 3117 1894 3295 1966; x_wconf 72' lang='lat' dir='ltr'><strong>iniqua</strong></span> <span class='ocrx_word' id='word_1_592' title='bbox 3322 1913 3410 1969; x_wconf 82' lang='lat' dir='ltr'><strong>ge-</strong></span> 
     </span>
    </p>
   </div>
   <div class='ocr_carea' id='block_1_81' title="bbox 1821 1977 3413 2061">
    <p class='ocr_par' dir='ltr' id='par_1_81' title="bbox 1821 1977 3413 2061">
     <span class='ocr_line' id='line_1_81' title="bbox 1821 1977 3413 2061; baseline 0.009 -29"><span class='ocrx_word' id='word_1_593' title='bbox 1821 1977 2045 2033; x_wconf 83' lang='lat' dir='ltr'><strong>rentibus</strong></span> <span class='ocrx_word' id='word_1_594' title='bbox 2091 1995 2192 2034; x_wconf 82' lang='lat' dir='ltr'><strong>uon</strong></span> <span class='ocrx_word' id='word_1_595' title='bbox 2229 1980 2446 2036; x_wconf 84' lang='lat' dir='ltr'><strong>introibo</strong></span> <span class='ocrx_word' id='word_1_596' title='bbox 2491 1981 2666 2054; x_wconf 78' lang='lat' dir='ltr'><strong>(Psal.</strong></span> <span class='ocrx_word' id='word_1_597' title='bbox 2701 1999 2839 2052; x_wconf 84' lang='lat' dir='ltr'><strong>xxv,</strong></span> <span class='ocrx_word' id='word_1_598' title='bbox 2868 1985 2947 2057; x_wconf 77' lang='grc'><strong>4).</strong></span> <span class='ocrx_word' id='word_1_599' title='bbox 2991 1985 3126 2043; x_wconf 88' lang='lat' dir='ltr'><strong>Cum</strong></span> <span class='ocrx_word' id='word_1_600' title='bbox 3156 2003 3286 2061; x_wconf 75' lang='lat' dir='ltr'><strong>ergo</strong></span> <span class='ocrx_word' id='word_1_601' title='bbox 3331 1989 3413 2047; x_wconf 86' lang='lat' dir='ltr'><strong>illi</strong></span> 
     </span>
    </p>
   </div>
   <div class='ocr_carea' id='block_1_82' title="bbox 1823 2068 3412 2150">
    <p class='ocr_par' dir='ltr' id='par_1_82' title="bbox 1823 2068 3412 2150">
     <span class='ocr_line' id='line_1_82' title="bbox 1823 2068 3412 2150; baseline 0.009 -27"><span class='ocrx_word' id='word_1_602' title='bbox 1823 2068 2117 2126; x_wconf 89' lang='lat' dir='ltr'><strong>intrassent</strong></span> <span class='ocrx_word' id='word_1_603' title='bbox 2144 2085 2266 2126; x_wconf 91' lang='lat' dir='ltr'><strong>cum</strong></span> <span class='ocrx_word' id='word_1_604' title='bbox 2301 2072 2380 2128; x_wconf 91' lang='lat' dir='ltr'><strong>eis</strong></span> <span class='ocrx_word' id='word_1_605' title='bbox 2408 2087 2544 2144; x_wconf 88' lang='lat' dir='ltr'><strong>quos</strong></span> <span class='ocrx_word' id='word_1_606' title='bbox 2589 2073 2782 2145; x_wconf 90' lang='lat' dir='ltr'><strong>impios</strong></span> <span class='ocrx_word' id='word_1_607' title='bbox 2807 2085 3074 2147; x_wconf 89' lang='lat' dir='ltr'><strong>putarent,</strong></span> <span class='ocrx_word' id='word_1_608' title='bbox 3108 2093 3276 2150; x_wconf 90' lang='lat' dir='ltr'><strong>quare</strong></span> <span class='ocrx_word' id='word_1_609' title='bbox 3299 2095 3412 2137; x_wconf 89' lang='lat' dir='ltr'><strong>non</strong></span> 
     </span>
    </p>
   </div>
   <div class='ocr_carea' id='block_1_83' title="bbox 1824 2161 3411 2238">
    <p class='ocr_par' dir='ltr' id='par_1_83' title="bbox 1824 2161 3411 2238">
     <span class='ocr_line' id='line_1_83' title="bbox 1824 2161 3411 2238; baseline 0.008 -22"><span class='ocrx_word' id='word_1_610' title='bbox 1824 2161 1986 2216; x_wconf 90' lang='lat' dir='ltr'><strong>etiam</strong></span> <span class='ocrx_word' id='word_1_611' title='bbox 2014 2161 2268 2217; x_wconf 91' lang='lat' dir='ltr'><strong>sederunt</strong></span> <span class='ocrx_word' id='word_1_612' title='bbox 2295 2179 2309 2229; x_wconf 92' lang='lat'><strong>;</strong></span> <span class='ocrx_word' id='word_1_613' title='bbox 2341 2169 2400 2218; x_wconf 86' lang='lat' dir='ltr'><strong>ut</strong></span> <span class='ocrx_word' id='word_1_614' title='bbox 2427 2163 2482 2218; x_wconf 92' lang='lat' dir='ltr'><strong>in</strong></span> <span class='ocrx_word' id='word_1_615' title='bbox 2522 2175 2746 2236; x_wconf 89' lang='lat' dir='ltr'><strong>utroque</strong></span> <span class='ocrx_word' id='word_1_616' title='bbox 2789 2182 2896 2221; x_wconf 91' lang='lat' dir='ltr'><strong>non</strong></span> <span class='ocrx_word' id='word_1_617' title='bbox 2928 2169 3286 2238; x_wconf 89' lang='lat' dir='ltr'><strong>corporalem,</strong></span> <span class='ocrx_word' id='word_1_618' title='bbox 3312 2170 3411 2228; x_wconf 81' lang='lat' dir='ltr'><strong>sed</strong></span> 
     </span>
    </p>
   </div>
   <div class='ocr_carea' id='block_1_84' title="bbox 1824 2251 3416 2327">
    <p class='ocr_par' dir='ltr' id='par_1_84' title="bbox 1824 2251 3416 2327">
     <span class='ocr_line' id='line_1_84' title="bbox 1824 2251 3416 2327; baseline 0.008 -21"><span class='ocrx_word' id='word_1_619' title='bbox 1824 2251 2153 2322; x_wconf 88' lang='lat' dir='ltr'><strong>spiritualem</strong></span> <span class='ocrx_word' id='word_1_620' title='bbox 2181 2267 2494 2310; x_wconf 90' lang='lat' dir='ltr'><strong>consessum</strong></span> <span class='ocrx_word' id='word_1_621' title='bbox 2526 2265 2582 2310; x_wconf 89' lang='lat' dir='ltr'><strong>et</strong></span> <span class='ocrx_word' id='word_1_622' title='bbox 2624 2255 2923 2327; x_wconf 80' lang='lat' dir='ltr'><strong>ingressum</strong></span> <span class='ocrx_word' id='word_1_623' title='bbox 2961 2257 3229 2316; x_wconf 88' lang='lat' dir='ltr'><strong>devitasse</strong></span> <span class='ocrx_word' id='word_1_624' title='bbox 3260 2261 3416 2318; x_wconf 81' lang='lat' dir='ltr'><strong>vide-</strong></span> 
     </span>
    </p>
   </div>
   <div class='ocr_carea' id='block_1_85' title="bbox 1825 2344 3414 2410">
    <p class='ocr_par' dir='ltr' id='par_1_85' title="bbox 1825 2344 3414 2410">
     <span class='ocr_line' id='line_1_85' title="bbox 1825 2344 3414 2410; baseline 0.008 -13"><span class='ocrx_word' id='word_1_625' title='bbox 1825 2344 2052 2399; x_wconf 86' lang='lat' dir='ltr'><strong>rentur?</strong></span> <span class='ocrx_word' id='word_1_626' title='bbox 2095 2345 2170 2399; x_wconf 90' lang='lat' dir='ltr'><strong>lbi</strong></span> <span class='ocrx_word' id='word_1_627' title='bbox 2194 2356 2610 2402; x_wconf 90' lang='lat' dir='ltr'><strong>commemorata</strong></span> <span class='ocrx_word' id='word_1_628' title='bbox 2639 2358 2723 2403; x_wconf 91' lang='lat' dir='ltr'><strong>est</strong></span> <span class='ocrx_word' id='word_1_629' title='bbox 2746 2349 2907 2404; x_wconf 89' lang='lat' dir='ltr'><strong>etiam</strong></span> <span class='ocrx_word' id='word_1_630' title='bbox 2943 2365 3103 2406; x_wconf 90' lang='lat' dir='ltr'><strong>causa</strong></span> <span class='ocrx_word' id='word_1_631' title='bbox 3133 2351 3414 2410; x_wconf 56' lang='lat' dir='ltr'><strong>Maximis.</strong></span> 
     </span>
    </p>
   </div>
   <div class='ocr_carea' id='block_1_86' title="bbox 1828 2437 3416 2512">
    <p class='ocr_par' dir='ltr' id='par_1_86' title="bbox 1828 2437 3416 2512">
     <span class='ocr_line' id='line_1_86' title="bbox 1828 2437 3416 2512; baseline 0.008 -22"><span class='ocrx_word' id='word_1_632' title='bbox 1828 2437 2089 2492; x_wconf 86' lang='lat' dir='ltr'><strong>nistarum</strong></span> <span class='ocrx_word' id='word_1_633' title='bbox 2132 2439 2288 2494; x_wconf 89' lang='lat' dir='ltr'><strong>toties</strong></span> <span class='ocrx_word' id='word_1_634' title='bbox 2311 2439 2422 2510; x_wconf 89' lang='lat' dir='ltr'><strong>jam</strong></span> <span class='ocrx_word' id='word_1_635' title='bbox 2462 2439 2568 2496; x_wconf 89' lang='lat' dir='ltr'><strong>illis</strong></span> <span class='ocrx_word' id='word_1_636' title='bbox 2613 2440 2847 2512; x_wconf 87' lang='lat' dir='ltr'><strong>objecta,</strong></span> <span class='ocrx_word' id='word_1_637' title='bbox 2878 2443 2967 2499; x_wconf 92' lang='lat' dir='ltr'><strong>ubi</strong></span> <span class='ocrx_word' id='word_1_638' title='bbox 3012 2453 3069 2501; x_wconf 91' lang='lat' dir='ltr'><strong>et</strong></span> <span class='ocrx_word' id='word_1_639' title='bbox 3095 2460 3155 2502; x_wconf 92' lang='lat' dir='ltr'><strong>se</strong></span> <span class='ocrx_word' id='word_1_640' title='bbox 3197 2455 3253 2502; x_wconf 90' lang='lat' dir='ltr'><strong>et</strong></span> <span class='ocrx_word' id='word_1_641' title='bbox 3294 2447 3416 2504; x_wconf 85' lang='lat' dir='ltr'><strong>illos</strong></span> 
     </span>
    </p>
   </div>
   <div class='ocr_carea' id='block_1_87' title="bbox 1827 2528 3418 2598">
    <p class='ocr_par' dir='ltr' id='par_1_87' title="bbox 1827 2528 3418 2598">
     <span class='ocr_line' id='line_1_87' title="bbox 1827 2528 3418 2598; baseline 0.01 -16"><span class='ocrx_word' id='word_1_642' title='bbox 1827 2528 2021 2598; x_wconf 89' lang='lat' dir='ltr'><strong>quibus</strong></span> <span class='ocrx_word' id='word_1_643' title='bbox 2045 2529 2353 2587; x_wconf 89' lang='lat' dir='ltr'><strong>dilationem</strong></span> <span class='ocrx_word' id='word_1_644' title='bbox 2383 2532 2646 2589; x_wconf 89' lang='lat' dir='ltr'><strong>dederunt</strong></span> <span class='ocrx_word' id='word_1_645' title='bbox 2680 2535 2732 2590; x_wconf 91' lang='lat' dir='ltr'><strong>in</strong></span> <span class='ocrx_word' id='word_1_646' title='bbox 2779 2535 3084 2593; x_wconf 86' lang='lat' dir='ltr'><strong>Maximiani</strong></span> <span class='ocrx_word' id='word_1_647' title='bbox 3129 2538 3418 2598; x_wconf 82' lang='lat' dir='ltr'><strong>schismate</strong></span> 
     </span>
    </p>
   </div>
   <div class='ocr_carea' id='block_1_88' title="bbox 1827 2620 3417 2696">
    <p class='ocr_par' dir='ltr' id='par_1_88' title="bbox 1827 2620 3417 2696">
     <span class='ocr_line' id='line_1_88' title="bbox 1827 2620 3417 2696; baseline 0.009 -23"><span class='ocrx_word' id='word_1_648' title='bbox 1827 2620 2050 2689; x_wconf 91' lang='lat' dir='ltr'><strong>positos,</strong></span> <span class='ocrx_word' id='word_1_649' title='bbox 2079 2621 2315 2692; x_wconf 86' lang='lat' dir='ltr'><strong>ejusdem</strong></span> <span class='ocrx_word' id='word_1_650' title='bbox 2347 2623 2398 2677; x_wconf 92' lang='lat' dir='ltr'><strong>in</strong></span> <span class='ocrx_word' id='word_1_651' title='bbox 2428 2622 2773 2682; x_wconf 89' lang='lat' dir='ltr'><strong>damnatione</strong></span> <span class='ocrx_word' id='word_1_652' title='bbox 2817 2626 3069 2684; x_wconf 86' lang='lat' dir='ltr'><strong>Primiani</strong></span> <span class='ocrx_word' id='word_1_653' title='bbox 3104 2631 3300 2696; x_wconf 88' lang='lat' dir='ltr'><strong>socios,</strong></span> <span class='ocrx_word' id='word_1_654' title='bbox 3331 2640 3417 2687; x_wconf 88' lang='lat' dir='ltr'><strong>ta-</strong></span> 
     </span>
    </p>
   </div>
   <div class='ocr_carea' id='block_1_89' title="bbox 1827 2713 3419 2799">
    <p class='ocr_par' dir='ltr' id='par_1_89' title="bbox 1827 2713 3419 2799">
     <span class='ocr_line' id='line_1_89' title="bbox 1827 2713 3419 2799; baseline 0.01 -32"><span class='ocrx_word' id='word_1_655' title='bbox 1827 2729 1952 2769; x_wconf 86' lang='lat' dir='ltr'><strong>men</strong></span> <span class='ocrx_word' id='word_1_656' title='bbox 1984 2713 2124 2769; x_wconf 91' lang='lat' dir='ltr'><strong>illins</strong></span> <span class='ocrx_word' id='word_1_657' title='bbox 2153 2717 2400 2788; x_wconf 74' lang='lat' dir='ltr'><strong>contagio</strong></span> <span class='ocrx_word' id='word_1_658' title='bbox 2441 2718 2693 2776; x_wconf 83' lang='lat' dir='ltr'><strong>dixerunt</strong></span> <span class='ocrx_word' id='word_1_659' title='bbox 2737 2736 2844 2777; x_wconf 90' lang='lat' dir='ltr'><strong>non</strong></span> <span class='ocrx_word' id='word_1_660' title='bbox 2878 2737 2996 2780; x_wconf 88' lang='lat' dir='ltr'><strong>esse</strong></span> <span class='ocrx_word' id='word_1_661' title='bbox 3025 2725 3294 2794; x_wconf 84' lang='lat' dir='ltr'><strong>pollutos;</strong></span> <span class='ocrx_word' id='word_1_662' title='bbox 3323 2727 3419 2799; x_wconf 83' lang='lat' dir='ltr'><strong>qui</strong></span> 
     </span>
    </p>
   </div>
   <div class='ocr_carea' id='block_1_90' title="bbox 1827 2802 3418 2890">
    <p class='ocr_par' dir='ltr' id='par_1_90' title="bbox 1827 2802 3418 2890">
     <span class='ocr_line' id='line_1_90' title="bbox 1827 2802 3418 2890; baseline 0.01 -31"><span class='ocrx_word' id='word_1_663' title='bbox 1827 2802 2099 2862; x_wconf 74' lang='lat' dir='ltr'><strong>Caeciliani</strong></span> <span class='ocrx_word' id='word_1_664' title='bbox 2141 2807 2454 2865; x_wconf 89' lang='lat' dir='ltr'><strong>criminibus</strong></span> <span class='ocrx_word' id='word_1_665' title='bbox 2497 2811 2682 2868; x_wconf 91' lang='lat' dir='ltr'><strong>orbem</strong></span> <span class='ocrx_word' id='word_1_666' title='bbox 2739 2813 3090 2872; x_wconf 87' lang='lat' dir='ltr'><strong>christianum</strong></span> <span class='ocrx_word' id='word_1_667' title='bbox 3136 2832 3306 2890; x_wconf 89' lang='lat' dir='ltr'><strong>usque</strong></span> <span class='ocrx_word' id='word_1_668' title='bbox 3346 2818 3418 2875; x_wconf 87' lang='lat' dir='ltr'><strong>ad</strong></span> 
     </span>
    </p>
   </div>
   <div class='ocr_carea' id='block_1_91' title="bbox 1830 2899 2950 2972">
    <p class='ocr_par' dir='ltr' id='par_1_91' title="bbox 1830 2899 2950 2972">
     <span class='ocr_line' id='line_1_91' title="bbox 1830 2899 2950 2972; baseline 0.007 -18"><span class='ocrx_word' id='word_1_669' title='bbox 1830 2899 2088 2954; x_wconf 88' lang='lat' dir='ltr'><strong>terminos</strong></span> <span class='ocrx_word' id='word_1_670' title='bbox 2120 2908 2277 2956; x_wconf 71' lang='lat' dir='ltr'><strong>terrm</strong></span> <span class='ocrx_word' id='word_1_671' title='bbox 2307 2903 2513 2972; x_wconf 86' lang='lat' dir='ltr'><strong>perisse</strong></span> <span class='ocrx_word' id='word_1_672' title='bbox 2539 2905 2950 2964; x_wconf 90' lang='lat' dir='ltr'><strong>contenderent.</strong></span> 
     </span>
    </p>
   </div>
   <div class='ocr_carea' id='block_1_92' title="bbox 1900 2990 3422 3070">
    <p class='ocr_par' dir='ltr' id='par_1_92' title="bbox 1900 2990 3422 3070">
     <span class='ocr_line' id='line_1_92' title="bbox 1900 2990 3422 3070; baseline 0.01 -22"><span class='ocrx_word' id='word_1_673' title='bbox 1900 2990 2128 3050; x_wconf 83' lang='lat' dir='ltr'><strong>CAPUT</strong></span> <span class='ocrx_word' id='word_1_674' title='bbox 2167 2993 2237 3049; x_wconf 85' lang='lat' dir='ltr'><strong>X.</strong></span> <span class='ocrx_word' id='word_1_675' title='bbox 2277 3025 2349 3036; x_wconf 89' lang='lat'><strong><em>—</em></strong></span> <span class='ocrx_word' id='word_1_676' title='bbox 2388 2997 2478 3054; x_wconf 75' lang='lat' dir='ltr'><strong>t9.</strong></span> <span class='ocrx_word' id='word_1_677' title='bbox 2519 2999 2600 3053; x_wconf 88' lang='lat' dir='ltr'><strong>Ad</strong></span> <span class='ocrx_word' id='word_1_678' title='bbox 2642 2998 2758 3054; x_wconf 68' lang='lat' dir='ltr'><strong>haec</strong></span> <span class='ocrx_word' id='word_1_679' title='bbox 2799 3000 3106 3070; x_wconf 63' lang='lat' dir='ltr'><strong>Donatistar,</strong></span> <span class='ocrx_word' id='word_1_680' title='bbox 3135 3017 3257 3061; x_wconf 88' lang='lat' dir='ltr'><strong>cum</strong></span> <span class='ocrx_word' id='word_1_681' title='bbox 3288 3003 3422 3062; x_wconf 82' lang='lat' dir='ltr'><strong>vali-</strong></span> 
     </span>
    </p>
   </div>
   <div class='ocr_carea' id='block_1_93' title="bbox 1830 3082 3422 3166">
    <p class='ocr_par' dir='ltr' id='par_1_93' title="bbox 1830 3082 3422 3166">
     <span class='ocr_line' id='line_1_93' title="bbox 1830 3082 3422 3166; baseline 0.009 -27"><span class='ocrx_word' id='word_1_682' title='bbox 1830 3082 2066 3140; x_wconf 89' lang='lat' dir='ltr'><strong>dissimis</strong></span> <span class='ocrx_word' id='word_1_683' title='bbox 2111 3083 2507 3156; x_wconf 90' lang='lat' dir='ltr'><strong>Scripturarum</strong></span> <span class='ocrx_word' id='word_1_684' title='bbox 2553 3087 2888 3147; x_wconf 89' lang='lat' dir='ltr'><strong>documentis</strong></span> <span class='ocrx_word' id='word_1_685' title='bbox 2933 3103 2990 3149; x_wconf 89' lang='lat' dir='ltr'><strong>et</strong></span> <span class='ocrx_word' id='word_1_686' title='bbox 3033 3096 3279 3166; x_wconf 91' lang='lat' dir='ltr'><strong>exemplo</strong></span> <span class='ocrx_word' id='word_1_687' title='bbox 3321 3109 3422 3152; x_wconf 88' lang='lat' dir='ltr'><strong>suo</strong></span> 
     </span>
    </p>
   </div>
   <div class='ocr_carea' id='block_1_94' title="bbox 1830 3173 3417 3253">
    <p class='ocr_par' dir='ltr' id='par_1_94' title="bbox 1830 3173 3417 3253">
     <span class='ocr_line' id='line_1_94' title="bbox 1830 3173 3417 3253; baseline 0.008 -24"><span class='ocrx_word' id='word_1_688' title='bbox 1830 3173 1898 3230; x_wconf 91' lang='lat' dir='ltr'><strong>de</strong></span> <span class='ocrx_word' id='word_1_689' title='bbox 1927 3174 2327 3232; x_wconf 78' lang='lat' dir='ltr'><strong>Maximianistis</strong></span> <span class='ocrx_word' id='word_1_690' title='bbox 2373 3179 2700 3249; x_wconf 91' lang='lat' dir='ltr'><strong>respondere</strong></span> <span class='ocrx_word' id='word_1_691' title='bbox 2730 3196 2837 3236; x_wconf 95' lang='lat' dir='ltr'><strong>non</strong></span> <span class='ocrx_word' id='word_1_692' title='bbox 2876 3193 3137 3253; x_wconf 85' lang='lat' dir='ltr'><strong>possent:</strong></span> <span class='ocrx_word' id='word_1_693' title='bbox 3168 3185 3236 3240; x_wconf 90' lang='lat' dir='ltr'><strong>ad</strong></span> <span class='ocrx_word' id='word_1_694' title='bbox 3284 3185 3417 3242; x_wconf 89' lang='lat' dir='ltr'><strong>illud</strong></span> 
     </span>
    </p>
   </div>
   <div class='ocr_carea' id='block_1_95' title="bbox 1831 3268 3420 3342">
    <p class='ocr_par' dir='ltr' id='par_1_95' title="bbox 1831 3268 3420 3342">
     <span class='ocr_line' id='line_1_95' title="bbox 1831 3268 3420 3342; baseline 0.009 -20"><span class='ocrx_word' id='word_1_695' title='bbox 1831 3268 1973 3338; x_wconf 91' lang='lat' dir='ltr'><strong>quod</strong></span> <span class='ocrx_word' id='word_1_696' title='bbox 1995 3268 2106 3340; x_wconf 91' lang='lat' dir='ltr'><strong>jam</strong></span> <span class='ocrx_word' id='word_1_697' title='bbox 2148 3281 2420 3340; x_wconf 88' lang='lat' dir='ltr'><strong>peractum</strong></span> <span class='ocrx_word' id='word_1_698' title='bbox 2462 3271 2640 3330; x_wconf 88' lang='lat' dir='ltr'><strong>fuerat</strong></span> <span class='ocrx_word' id='word_1_699' title='bbox 2663 3274 2960 3342; x_wconf 90' lang='lat' dir='ltr'><strong>redierunt,</strong></span> <span class='ocrx_word' id='word_1_700' title='bbox 2989 3278 3231 3336; x_wconf 89' lang='lat' dir='ltr'><strong>dicentes</strong></span> <span class='ocrx_word' id='word_1_701' title='bbox 3258 3296 3420 3337; x_wconf 75' lang='lat' dir='ltr'><strong>mun-</strong></span> 
     </span>
    </p>
   </div>
   <div class='ocr_carea' id='block_1_96' title="bbox 1831 3357 3423 3442">
    <p class='ocr_par' dir='ltr' id='par_1_96' title="bbox 1831 3357 3423 3442">
     <span class='ocr_line' id='line_1_96' title="bbox 1831 3357 3423 3442; baseline 0.011 -30"><span class='ocrx_word' id='word_1_702' title='bbox 1831 3357 1957 3414; x_wconf 92' lang='lat' dir='ltr'><strong>dum</strong></span> <span class='ocrx_word' id='word_1_703' title='bbox 2000 3376 2107 3416; x_wconf 90' lang='lat' dir='ltr'><strong>non</strong></span> <span class='ocrx_word' id='word_1_704' title='bbox 2153 3365 2288 3417; x_wconf 90' lang='lat' dir='ltr'><strong>bene</strong></span> <span class='ocrx_word' id='word_1_705' title='bbox 2327 3363 2547 3435; x_wconf 81' lang='lat' dir='ltr'><strong>intelligi</strong></span> <span class='ocrx_word' id='word_1_706' title='bbox 2579 3365 2893 3434; x_wconf 89' lang='lat' dir='ltr'><strong>Ecclesiam,</strong></span> <span class='ocrx_word' id='word_1_707' title='bbox 2927 3369 2980 3425; x_wconf 92' lang='lat' dir='ltr'><strong>in</strong></span> <span class='ocrx_word' id='word_1_708' title='bbox 3023 3387 3128 3442; x_wconf 92' lang='lat' dir='ltr'><strong>qua</strong></span> <span class='ocrx_word' id='word_1_709' title='bbox 3177 3373 3336 3428; x_wconf 90' lang='lat' dir='ltr'><strong>simul</strong></span> <span class='ocrx_word' id='word_1_710' title='bbox 3365 3383 3423 3431; x_wconf 90' lang='lat' dir='ltr'><strong>et</strong></span> 
     </span>
    </p>
   </div>
   <div class='ocr_carea' id='block_1_97' title="bbox 1834 3449 3422 3524">
    <p class='ocr_par' dir='ltr' id='par_1_97' title="bbox 1834 3449 3422 3524">
     <span class='ocr_line' id='line_1_97' title="bbox 1834 3449 3422 3524; baseline 0.011 -21"><span class='ocrx_word' id='word_1_711' title='bbox 1834 3449 2067 3505; x_wconf 80' lang='lat' dir='ltr'><strong>triticum</strong></span> <span class='ocrx_word' id='word_1_712' title='bbox 2097 3459 2151 3506; x_wconf 91' lang='lat' dir='ltr'><strong>et</strong></span> <span class='ocrx_word' id='word_1_713' title='bbox 2179 3452 2379 3507; x_wconf 85' lang='lat' dir='ltr'><strong>zizania</strong></span> <span class='ocrx_word' id='word_1_714' title='bbox 2417 3453 2567 3524; x_wconf 87' lang='lat' dir='ltr'><strong>jussa</strong></span> <span class='ocrx_word' id='word_1_715' title='bbox 2595 3466 2720 3512; x_wconf 92' lang='lat' dir='ltr'><strong>sunt</strong></span> <span class='ocrx_word' id='word_1_716' title='bbox 2752 3472 3000 3516; x_wconf 89' lang='lat' dir='ltr'><strong>crescere</strong></span> <span class='ocrx_word' id='word_1_717' title='bbox 3028 3479 3042 3516; x_wconf 87' lang='lat'><strong>:</strong></span> <span class='ocrx_word' id='word_1_718' title='bbox 3073 3476 3193 3518; x_wconf 92' lang='lat' dir='ltr'><strong>cum</strong></span> <span class='ocrx_word' id='word_1_719' title='bbox 3220 3462 3422 3520; x_wconf 76' lang='lat' dir='ltr'><strong>Catho-</strong></span> 
     </span>
    </p>
   </div>
   <div class='ocr_carea' id='block_1_98' title="bbox 1831 3541 3422 3625">
    <p class='ocr_par' dir='ltr' id='par_1_98' title="bbox 1831 3541 3422 3625">
     <span class='ocr_line' id='line_1_98' title="bbox 1831 3541 3422 3625; baseline 0.011 -30"><span class='ocrx_word' id='word_1_720' title='bbox 1831 3541 1924 3596; x_wconf 90' lang='lat' dir='ltr'><strong>liei</strong></span> <span class='ocrx_word' id='word_1_721' title='bbox 1949 3551 2005 3598; x_wconf 85' lang='lat' dir='ltr'><strong>et</strong></span> <span class='ocrx_word' id='word_1_722' title='bbox 2041 3551 2119 3598; x_wconf 92' lang='lat' dir='ltr'><strong>tot</strong></span> <span class='ocrx_word' id='word_1_723' title='bbox 2153 3544 2460 3600; x_wconf 89' lang='lat' dir='ltr'><strong>testimonia</strong></span> <span class='ocrx_word' id='word_1_724' title='bbox 2503 3546 2681 3603; x_wconf 88' lang='lat' dir='ltr'><strong>divina</strong></span> <span class='ocrx_word' id='word_1_725' title='bbox 2726 3550 2836 3620; x_wconf 89' lang='lat' dir='ltr'><strong>jam</strong></span> <span class='ocrx_word' id='word_1_726' title='bbox 2884 3565 3422 3625; x_wconf 88' lang='lat' dir='ltr'><strong>commemorassent,</strong></span> 
     </span>
    </p>
   </div>
   <div class='ocr_carea' id='block_1_99' title="bbox 1832 3634 3424 3716">
    <p class='ocr_par' dir='ltr' id='par_1_99' title="bbox 1832 3634 3424 3716">
     <span class='ocr_line' id='line_1_99' title="bbox 1832 3634 3424 3716; baseline 0.01 -29"><span class='ocrx_word' id='word_1_727' title='bbox 1832 3634 2026 3706; x_wconf 89' lang='lat' dir='ltr'><strong>quibus</strong></span> <span class='ocrx_word' id='word_1_728' title='bbox 2055 3635 2425 3692; x_wconf 88' lang='lat' dir='ltr'><strong>ostenderetur</strong></span> <span class='ocrx_word' id='word_1_729' title='bbox 2458 3639 2690 3694; x_wconf 89' lang='lat' dir='ltr'><strong>mundus</strong></span> <span class='ocrx_word' id='word_1_730' title='bbox 2709 3641 2870 3696; x_wconf 91' lang='lat' dir='ltr'><strong>etiam</strong></span> <span class='ocrx_word' id='word_1_731' title='bbox 2901 3642 2954 3698; x_wconf 92' lang='lat' dir='ltr'><strong>in</strong></span> <span class='ocrx_word' id='word_1_732' title='bbox 2985 3643 3125 3700; x_wconf 91' lang='lat' dir='ltr'><strong>bona</strong></span> <span class='ocrx_word' id='word_1_733' title='bbox 3155 3646 3424 3716; x_wconf 76' lang='lat' dir='ltr'><strong>signiﬁca-</strong></span> 
     </span>
    </p>
   </div>
   <div class='ocr_carea' id='block_1_100' title="bbox 1834 3725 3411 3808">
    <p class='ocr_par' dir='ltr' id='par_1_100' title="bbox 1834 3725 3411 3808">
     <span class='ocr_line' id='line_1_100' title="bbox 1834 3725 3411 3808; baseline 0.011 -29"><span class='ocrx_word' id='word_1_734' title='bbox 1834 3725 1980 3782; x_wconf 90' lang='lat' dir='ltr'><strong>tione</strong></span> <span class='ocrx_word' id='word_1_735' title='bbox 2008 3726 2233 3796; x_wconf 90' lang='lat' dir='ltr'><strong>positus,</strong></span> <span class='ocrx_word' id='word_1_736' title='bbox 2260 3735 2314 3782; x_wconf 91' lang='lat' dir='ltr'><strong>et</strong></span> <span class='ocrx_word' id='word_1_737' title='bbox 2340 3729 2392 3783; x_wconf 90' lang='lat' dir='ltr'><strong>iu</strong></span> <span class='ocrx_word' id='word_1_738' title='bbox 2415 3743 2478 3785; x_wconf 91' lang='lat' dir='ltr'><strong>ea</strong></span> <span class='ocrx_word' id='word_1_739' title='bbox 2507 3746 2614 3786; x_wconf 91' lang='lat' dir='ltr'><strong>nou</strong></span> <span class='ocrx_word' id='word_1_740' title='bbox 2651 3731 2752 3787; x_wconf 89' lang='lat' dir='ltr'><strong>nisi</strong></span> <span class='ocrx_word' id='word_1_741' title='bbox 2778 3732 3017 3790; x_wconf 89' lang='lat' dir='ltr'><strong>Ecclesia</strong></span> <span class='ocrx_word' id='word_1_742' title='bbox 3044 3746 3225 3808; x_wconf 90' lang='lat' dir='ltr'><strong>posset</strong></span> <span class='ocrx_word' id='word_1_743' title='bbox 3251 3737 3411 3796; x_wconf 82' lang='lat' dir='ltr'><strong>intel-</strong></span> 
     </span>
    </p>
   </div>
   <div class='ocr_carea' id='block_1_101' title="bbox 1834 3817 3427 3902">
    <p class='ocr_par' dir='ltr' id='par_1_101' title="bbox 1834 3817 3427 3902">
     <span class='ocr_line' id='line_1_101' title="bbox 1834 3817 3427 3902; baseline 0.012 -31"><span class='ocrx_word' id='word_1_744' title='bbox 1834 3817 1967 3888; x_wconf 81' lang='lat' dir='ltr'><strong>ligi;</strong></span> <span class='ocrx_word' id='word_1_745' title='bbox 2012 3826 2068 3874; x_wconf 91' lang='lat' dir='ltr'><strong>et</strong></span> <span class='ocrx_word' id='word_1_746' title='bbox 2109 3819 2510 3890; x_wconf 89' lang='lat' dir='ltr'><strong>quomodolibet</strong></span> <span class='ocrx_word' id='word_1_747' title='bbox 2547 3823 2881 3895; x_wconf 88' lang='lat' dir='ltr'><strong>acciperetur</strong></span> <span class='ocrx_word' id='word_1_748' title='bbox 2922 3827 3173 3896; x_wconf 89' lang='lat' dir='ltr'><strong>mundus,</strong></span> <span class='ocrx_word' id='word_1_749' title='bbox 3210 3831 3427 3902; x_wconf 89' lang='lat' dir='ltr'><strong>quando</strong></span> 
     </span>
    </p>
   </div>
   <div class='ocr_carea' id='block_1_102' title="bbox 1833 3914 3430 3988">
    <p class='ocr_par' dir='ltr' id='par_1_102' title="bbox 1833 3914 3430 3988">
     <span class='ocr_line' id='line_1_102' title="bbox 1833 3914 3430 3988; baseline 0.011 -23"><span class='ocrx_word' id='word_1_750' title='bbox 1833 3919 2122 3982; x_wconf 90' lang='lat' dir='ltr'><strong>utrumque</strong></span> <span class='ocrx_word' id='word_1_751' title='bbox 2151 3925 2336 3968; x_wconf 85' lang='lat' dir='ltr'><strong>semen</strong></span> <span class='ocrx_word' id='word_1_752' title='bbox 2363 3927 2459 3983; x_wconf 90' lang='lat' dir='ltr'><strong>per</strong></span> <span class='ocrx_word' id='word_1_753' title='bbox 2486 3914 2742 3970; x_wconf 89' lang='lat' dir='ltr'><strong>mundum</strong></span> <span class='ocrx_word' id='word_1_754' title='bbox 2767 3927 3054 3988; x_wconf 89' lang='lat' dir='ltr'><strong>cresceret,</strong></span> <span class='ocrx_word' id='word_1_755' title='bbox 3093 3936 3198 3976; x_wconf 90' lang='lat' dir='ltr'><strong>non</strong></span> <span class='ocrx_word' id='word_1_756' title='bbox 3227 3922 3430 3984; x_wconf 84' lang='lat' dir='ltr'><strong>debere</strong></span> 
     </span>
    </p>
   </div>
   <div class='ocr_carea' id='block_1_103' title="bbox 1833 4003 3425 4074">
    <p class='ocr_par' dir='ltr' id='par_1_103' title="bbox 1833 4003 3425 4074">
     <span class='ocr_line' id='line_1_103' title="bbox 1833 4003 3425 4074; baseline 0.01 -18"><span class='ocrx_word' id='word_1_757' title='bbox 1833 4011 2055 4074; x_wconf 91' lang='lat' dir='ltr'><strong>propter</strong></span> <span class='ocrx_word' id='word_1_758' title='bbox 2092 4003 2291 4059; x_wconf 86' lang='lat' dir='ltr'><strong>zizania</strong></span> <span class='ocrx_word' id='word_1_759' title='bbox 2322 4007 2481 4060; x_wconf 90' lang='lat' dir='ltr'><strong>totius</strong></span> <span class='ocrx_word' id='word_1_760' title='bbox 2526 4008 2709 4063; x_wconf 90' lang='lat' dir='ltr'><strong>mundi</strong></span> <span class='ocrx_word' id='word_1_761' title='bbox 2763 4008 2995 4066; x_wconf 91' lang='lat' dir='ltr'><strong>triticum</strong></span> <span class='ocrx_word' id='word_1_762' title='bbox 3044 4011 3241 4069; x_wconf 89' lang='lat' dir='ltr'><strong>deseri.</strong></span> <span class='ocrx_word' id='word_1_763' title='bbox 3288 4013 3425 4073; x_wconf 89' lang='lat' dir='ltr'><strong>Cum</strong></span> 
     </span>
    </p>
   </div>
   <div class='ocr_carea' id='block_1_104' title="bbox 1835 4093 3424 4176">
    <p class='ocr_par' dir='ltr' id='par_1_104' title="bbox 1835 4093 3424 4176">
     <span class='ocr_line' id='line_1_104' title="bbox 1835 4093 3424 4176; baseline 0.009 -26"><span class='ocrx_word' id='word_1_764' title='bbox 1835 4109 1964 4166; x_wconf 81' lang='lat' dir='ltr'><strong>ergo</strong></span> <span class='ocrx_word' id='word_1_765' title='bbox 1993 4093 2109 4151; x_wconf 68' lang='lat' dir='ltr'><strong>haec</strong></span> <span class='ocrx_word' id='word_1_766' title='bbox 2129 4095 2238 4166; x_wconf 87' lang='lat' dir='ltr'><strong>jam</strong></span> <span class='ocrx_word' id='word_1_767' title='bbox 2259 4096 2402 4153; x_wconf 91' lang='lat' dir='ltr'><strong>dicta</strong></span> <span class='ocrx_word' id='word_1_768' title='bbox 2429 4097 2676 4165; x_wconf 87' lang='lat' dir='ltr'><strong>fuissent,</strong></span> <span class='ocrx_word' id='word_1_769' title='bbox 2699 4108 2754 4155; x_wconf 92' lang='lat' dir='ltr'><strong>et</strong></span> <span class='ocrx_word' id='word_1_770' title='bbox 2772 4103 3000 4171; x_wconf 68' lang='lat' dir='ltr'><strong>quaestio</strong></span> <span class='ocrx_word' id='word_1_771' title='bbox 3035 4104 3146 4174; x_wconf 88' lang='lat' dir='ltr'><strong>ipsa</strong></span> <span class='ocrx_word' id='word_1_772' title='bbox 3167 4106 3279 4176; x_wconf 88' lang='lat' dir='ltr'><strong>jam</strong></span> <span class='ocrx_word' id='word_1_773' title='bbox 3309 4115 3424 4163; x_wconf 77' lang='lat' dir='ltr'><strong>ter-</strong></span> 
     </span>
    </p>
   </div>
   <div class='ocr_carea' id='block_1_105' title="bbox 1835 4186 3424 4266">
    <p class='ocr_par' dir='ltr' id='par_1_105' title="bbox 1835 4186 3424 4266">
     <span class='ocr_line' id='line_1_105' title="bbox 1835 4186 3424 4266; baseline 0.008 -26"><span class='ocrx_word' id='word_1_774' title='bbox 1835 4186 2037 4244; x_wconf 90' lang='lat' dir='ltr'><strong>minata</strong></span> <span class='ocrx_word' id='word_1_775' title='bbox 2065 4186 2374 4253; x_wconf 88' lang='lat' dir='ltr'><strong>videretur;</strong></span> <span class='ocrx_word' id='word_1_776' title='bbox 2415 4187 2482 4243; x_wconf 89' lang='lat' dir='ltr'><strong>ad</strong></span> <span class='ocrx_word' id='word_1_777' title='bbox 2508 4204 2626 4245; x_wconf 91' lang='lat' dir='ltr'><strong>eam</strong></span> <span class='ocrx_word' id='word_1_778' title='bbox 2653 4206 2837 4246; x_wconf 89' lang='lat' dir='ltr'><strong>rursus</strong></span> <span class='ocrx_word' id='word_1_779' title='bbox 2861 4207 3067 4248; x_wconf 88' lang='lat' dir='ltr'><strong>summa</strong></span> <span class='ocrx_word' id='word_1_780' title='bbox 3093 4195 3271 4266; x_wconf 90' lang='lat' dir='ltr'><strong>inopia</strong></span> <span class='ocrx_word' id='word_1_781' title='bbox 3296 4197 3424 4253; x_wconf 59' lang='lat' dir='ltr'><strong>red-</strong></span> 
     </span>
    </p>
   </div>
   <div class='ocr_carea' id='block_1_106' title="bbox 1838 4279 3422 4362">
    <p class='ocr_par' dir='ltr' id='par_1_106' title="bbox 1838 4279 3422 4362">
     <span class='ocr_line' id='line_1_106' title="bbox 1838 4279 3422 4362; baseline 0.008 -28"><span class='ocrx_word' id='word_1_782' title='bbox 1838 4279 2033 4344; x_wconf 91' lang='lat' dir='ltr'><strong>ierunt,</strong></span> <span class='ocrx_word' id='word_1_783' title='bbox 2057 4279 2243 4335; x_wconf 89' lang='lat' dir='ltr'><strong>eadem</strong></span> <span class='ocrx_word' id='word_1_784' title='bbox 2268 4295 2363 4350; x_wconf 89' lang='lat' dir='ltr'><strong>per</strong></span> <span class='ocrx_word' id='word_1_785' title='bbox 2387 4281 2571 4337; x_wconf 87' lang='lat' dir='ltr'><strong>eadem</strong></span> <span class='ocrx_word' id='word_1_786' title='bbox 2596 4283 2938 4354; x_wconf 89' lang='lat' dir='ltr'><strong>replicantes,</strong></span> <span class='ocrx_word' id='word_1_787' title='bbox 2962 4297 3265 4356; x_wconf 65' lang='lat' dir='ltr'><strong>quaerentes</strong></span> <span class='ocrx_word' id='word_1_788' title='bbox 3283 4306 3422 4362; x_wconf 88' lang='lat' dir='ltr'><strong>quo-</strong></span> 
     </span>
    </p>
   </div>
   <div class='ocr_carea' id='block_1_107' title="bbox 1836 4371 3420 4443">
    <p class='ocr_par' dir='ltr' id='par_1_107' title="bbox 1836 4371 3420 4443">
     <span class='ocr_line' id='line_1_107' title="bbox 1836 4371 3420 4443; baseline 0.008 -18"><span class='ocrx_word' id='word_1_789' title='bbox 1836 4371 1999 4427; x_wconf 91' lang='lat' dir='ltr'><strong>modo</strong></span> <span class='ocrx_word' id='word_1_790' title='bbox 2033 4372 2268 4443; x_wconf 88' lang='lat' dir='ltr'><strong>potuerit</strong></span> <span class='ocrx_word' id='word_1_791' title='bbox 2287 4371 2530 4428; x_wconf 86' lang='lat' dir='ltr'><strong>diabolus</strong></span> <span class='ocrx_word' id='word_1_792' title='bbox 2556 4374 2609 4429; x_wconf 91' lang='lat' dir='ltr'><strong>in</strong></span> <span class='ocrx_word' id='word_1_793' title='bbox 2637 4373 2878 4432; x_wconf 87' lang='lat' dir='ltr'><strong>Ecclesia</strong></span> <span class='ocrx_word' id='word_1_794' title='bbox 2904 4377 3169 4435; x_wconf 90' lang='lat' dir='ltr'><strong>seminare</strong></span> <span class='ocrx_word' id='word_1_795' title='bbox 3196 4381 3420 4438; x_wconf 86' lang='lat' dir='ltr'><strong>zizania.</strong></span> 
     </span>
    </p>
   </div>
   <div class='ocr_carea' id='block_1_108' title="bbox 1839 4462 3425 4536">
    <p class='ocr_par' dir='ltr' id='par_1_108' title="bbox 1839 4462 3425 4536">
     <span class='ocr_line' id='line_1_108' title="bbox 1839 4462 3425 4536; baseline 0.007 -17"><span class='ocrx_word' id='word_1_796' title='bbox 1839 4463 2042 4519; x_wconf 82' lang='lat' dir='ltr'><strong>Deinde</strong></span> <span class='ocrx_word' id='word_1_797' title='bbox 2079 4462 2484 4532; x_wconf 88' lang='lat' dir='ltr'><strong>calumniantes,</strong></span> <span class='ocrx_word' id='word_1_798' title='bbox 2520 4465 2661 4536; x_wconf 90' lang='lat' dir='ltr'><strong>quod</strong></span> <span class='ocrx_word' id='word_1_799' title='bbox 2700 4465 2832 4522; x_wconf 90' lang='lat' dir='ltr'><strong>duas</strong></span> <span class='ocrx_word' id='word_1_800' title='bbox 2874 4467 3138 4525; x_wconf 83' lang='lat' dir='ltr'><strong>Ecclesias</strong></span> <span class='ocrx_word' id='word_1_801' title='bbox 3164 4469 3425 4530; x_wconf 82' lang='lat' dir='ltr'><strong>Catholici</strong></span> 
     </span>
    </p>
   </div>
   <div class='ocr_carea' id='block_1_109' title="bbox 1838 4556 3424 4633">
    <p class='ocr_par' dir='ltr' id='par_1_109' title="bbox 1838 4556 3424 4633">
     <span class='ocr_line' id='line_1_109' title="bbox 1838 4556 3424 4633; baseline 0.006 -21"><span class='ocrx_word' id='word_1_802' title='bbox 1838 4556 2102 4623; x_wconf 90' lang='lat' dir='ltr'><strong>dixerint;</strong></span> <span class='ocrx_word' id='word_1_803' title='bbox 2134 4572 2295 4612; x_wconf 90' lang='lat' dir='ltr'><strong>unam</strong></span> <span class='ocrx_word' id='word_1_804' title='bbox 2339 4573 2459 4628; x_wconf 72' lang='lat' dir='ltr'><strong>qua:</strong></span> <span class='ocrx_word' id='word_1_805' title='bbox 2510 4574 2652 4613; x_wconf 92' lang='lat' dir='ltr'><strong>nunc</strong></span> <span class='ocrx_word' id='word_1_806' title='bbox 2699 4557 2858 4615; x_wconf 92' lang='lat' dir='ltr'><strong>habet</strong></span> <span class='ocrx_word' id='word_1_807' title='bbox 2896 4561 3189 4632; x_wconf 86' lang='lat' dir='ltr'><strong>permixtos</strong></span> <span class='ocrx_word' id='word_1_808' title='bbox 3231 4565 3424 4633; x_wconf 87' lang='lat' dir='ltr'><strong>malos,</strong></span> 
     </span>
    </p>
   </div>
   <div class='ocr_carea' id='block_1_110' title="bbox 1837 4649 3498 4720">
    <p class='ocr_par' dir='ltr' id='par_1_110' title="bbox 1837 4649 3498 4720">
     <span class='ocr_line' id='line_1_110' title="bbox 1837 4649 3498 4720; baseline 0.005 -16"><span class='ocrx_word' id='word_1_809' title='bbox 1837 4649 1998 4704; x_wconf 91' lang='lat' dir='ltr'><strong>aliam</strong></span> <span class='ocrx_word' id='word_1_810' title='bbox 2043 4664 2162 4720; x_wconf 61' lang='lat' dir='ltr'><strong>quas</strong></span> <span class='ocrx_word' id='word_1_811' title='bbox 2205 4657 2325 4720; x_wconf 89' lang='lat' dir='ltr'><strong>post</strong></span> <span class='ocrx_word' id='word_1_812' title='bbox 2367 4650 2814 4706; x_wconf 89' lang='lat' dir='ltr'><strong>resurrectionem</strong></span> <span class='ocrx_word' id='word_1_813' title='bbox 2843 4667 2937 4708; x_wconf 89' lang='lat' dir='ltr'><strong>eos</strong></span> <span class='ocrx_word' id='word_1_814' title='bbox 2967 4668 3072 4708; x_wconf 91' lang='lat' dir='ltr'><strong>non</strong></span> <span class='ocrx_word' id='word_1_815' title='bbox 3101 4665 3246 4711; x_wconf 91' lang='lat' dir='ltr'><strong>esset</strong></span> <span class='ocrx_word' id='word_1_816' title='bbox 3273 4655 3427 4712; x_wconf 83' lang='lat' dir='ltr'><strong>habi—</strong></span> <span class='ocrx_word' id='word_1_817' title='bbox 3480 4701 3498 4719; x_wconf 79' lang='grc'>.</span> 
     </span>
    </p>
   </div>
   <div class='ocr_carea' id='block_1_111' title="bbox 1837 4735 3424 4805">
    <p class='ocr_par' dir='ltr' id='par_1_111' title="bbox 1837 4735 3424 4805">
     <span class='ocr_line' id='line_1_111' title="bbox 1837 4735 3424 4805; baseline 0.006 -9"><span class='ocrx_word' id='word_1_818' title='bbox 1837 4750 1990 4797; x_wconf 86' lang='lat' dir='ltr'><strong>tura:</strong></span> <span class='ocrx_word' id='word_1_819' title='bbox 2012 4741 2174 4797; x_wconf 80' lang='lat' dir='ltr'><strong>veluti</strong></span> <span class='ocrx_word' id='word_1_820' title='bbox 2195 4755 2297 4796; x_wconf 90' lang='lat' dir='ltr'><strong>non</strong></span> <span class='ocrx_word' id='word_1_821' title='bbox 2319 4740 2481 4797; x_wconf 90' lang='lat' dir='ltr'><strong>iidem</strong></span> <span class='ocrx_word' id='word_1_822' title='bbox 2503 4741 2664 4798; x_wconf 87' lang='lat' dir='ltr'><strong>futuri</strong></span> <span class='ocrx_word' id='word_1_823' title='bbox 2680 4752 2862 4799; x_wconf 90' lang='lat' dir='ltr'><strong>essent</strong></span> <span class='ocrx_word' id='word_1_824' title='bbox 2881 4745 3048 4800; x_wconf 88' lang='lat' dir='ltr'><strong>sancti</strong></span> <span class='ocrx_word' id='word_1_825' title='bbox 3071 4735 3190 4802; x_wconf 86' lang='lat' dir='ltr'><strong>cum</strong></span> <span class='ocrx_word' id='word_1_826' title='bbox 3211 4747 3424 4805; x_wconf 83' lang='lat' dir='ltr'><strong>Christo</strong></span> 
     </span>
    </p>
   </div>
   <div class='ocr_carea' id='block_1_112' title="bbox 1838 4833 3427 4909">
    <p class='ocr_par' dir='ltr' id='par_1_112' title="bbox 1838 4833 3427 4909">
     <span class='ocr_line' id='line_1_112' title="bbox 1838 4833 3427 4909; baseline 0.004 -19"><span class='ocrx_word' id='word_1_827' title='bbox 1838 4833 2131 4904; x_wconf 79' lang='lat' dir='ltr'><strong>regnaturi,</strong></span> <span class='ocrx_word' id='word_1_828' title='bbox 2148 4834 2237 4904; x_wconf 88' lang='lat' dir='ltr'><strong>qui</strong></span> <span class='ocrx_word' id='word_1_829' title='bbox 2266 4847 2411 4889; x_wconf 90' lang='lat' dir='ltr'><strong>nunc</strong></span> <span class='ocrx_word' id='word_1_830' title='bbox 2435 4849 2532 4905; x_wconf 88' lang='lat' dir='ltr'><strong>pro</strong></span> <span class='ocrx_word' id='word_1_831' title='bbox 2551 4835 2667 4905; x_wconf 83' lang='lat' dir='ltr'><strong>ejus</strong></span> <span class='ocrx_word' id='word_1_832' title='bbox 2695 4835 2910 4892; x_wconf 90' lang='lat' dir='ltr'><strong>nomine</strong></span> <span class='ocrx_word' id='word_1_833' title='bbox 2929 4851 3048 4892; x_wconf 92' lang='lat' dir='ltr'><strong>cum</strong></span> <span class='ocrx_word' id='word_1_834' title='bbox 3071 4837 3216 4909; x_wconf 88' lang='lat' dir='ltr'><strong>juste</strong></span> <span class='ocrx_word' id='word_1_835' title='bbox 3241 4841 3427 4897; x_wconf 76' lang='lat' dir='ltr'><strong>vivunt</strong></span> 
     </span>
    </p>
   </div>
   <div class='ocr_carea' id='block_1_113' title="bbox 1840 4925 2288 4980">
    <p class='ocr_par' dir='ltr' id='par_1_113' title="bbox 1840 4925 2288 4980">
     <span class='ocr_line' id='line_1_113' title="bbox 1840 4925 2288 4980; baseline 0 0"><span class='ocrx_word' id='word_1_836' title='bbox 1840 4925 2074 4980; x_wconf 89' lang='lat' dir='ltr'><strong>tolerant</strong></span> <span class='ocrx_word' id='word_1_837' title='bbox 2099 4925 2288 4980; x_wconf 90' lang='lat' dir='ltr'><strong>malos.</strong></span> 
     </span>
    </p>
   </div>
   <div class='ocr_carea' id='block_1_114' title="bbox 1912 5015 3427 5096">
    <p class='ocr_par' dir='ltr' id='par_1_114' title="bbox 1912 5015 3427 5096">
     <span class='ocr_line' id='line_1_114' title="bbox 1912 5015 3427 5096; baseline 0.006 -25"><span class='ocrx_word' id='word_1_838' title='bbox 1912 5016 2003 5072; x_wconf 76' lang='grc'><strong>20.</strong></span> <span class='ocrx_word' id='word_1_839' title='bbox 2040 5015 2121 5072; x_wconf 88' lang='lat' dir='ltr'><strong>Ad</strong></span> <span class='ocrx_word' id='word_1_840' title='bbox 2152 5015 2266 5072; x_wconf 64' lang='lat' dir='ltr'><strong>haec</strong></span> <span class='ocrx_word' id='word_1_841' title='bbox 2313 5017 2574 5073; x_wconf 89' lang='lat' dir='ltr'><strong>Catholici</strong></span> <span class='ocrx_word' id='word_1_842' title='bbox 2623 5018 3032 5090; x_wconf 89' lang='lat' dir='ltr'><strong>responderunt,</strong></span> <span class='ocrx_word' id='word_1_843' title='bbox 3064 5022 3224 5078; x_wconf 89' lang='lat' dir='ltr'><strong>etiam</strong></span> <span class='ocrx_word' id='word_1_844' title='bbox 3281 5024 3427 5096; x_wconf 85' lang='lat' dir='ltr'><strong>ipsos</strong></span> 
     </span>
    </p>
   </div>
   <div class='ocr_carea' id='block_1_115' title="bbox 1837 5109 3426 5181">
    <p class='ocr_par' dir='ltr' id='par_1_115' title="bbox 1837 5109 3426 5181">
     <span class='ocr_line' id='line_1_115' title="bbox 1837 5109 3426 5181; baseline 0.004 -18"><span class='ocrx_word' id='word_1_845' title='bbox 1837 5111 1950 5181; x_wconf 87' lang='lat' dir='ltr'><strong>jam</strong></span> <span class='ocrx_word' id='word_1_846' title='bbox 1989 5109 2150 5165; x_wconf 84' lang='lat' dir='ltr'><strong>fuisse</strong></span> <span class='ocrx_word' id='word_1_847' title='bbox 2190 5110 2484 5178; x_wconf 88' lang='lat' dir='ltr'><strong>confessos,</strong></span> <span class='ocrx_word' id='word_1_848' title='bbox 2515 5123 2635 5166; x_wconf 89' lang='lat' dir='ltr'><strong>esse</strong></span> <span class='ocrx_word' id='word_1_849' title='bbox 2679 5111 2733 5165; x_wconf 94' lang='lat' dir='ltr'><strong>in</strong></span> <span class='ocrx_word' id='word_1_850' title='bbox 2776 5111 3013 5168; x_wconf 88' lang='lat' dir='ltr'><strong>Ecclesia</strong></span> <span class='ocrx_word' id='word_1_851' title='bbox 3057 5113 3142 5170; x_wconf 90' lang='lat' dir='ltr'><strong>vel</strong></span> <span class='ocrx_word' id='word_1_852' title='bbox 3187 5117 3426 5180; x_wconf 64' lang='lat' dir='ltr'><strong>occulto:</strong></span> 
     </span>
    </p>
   </div>
   <div class='ocr_carea' id='block_1_116' title="bbox 1843 5203 3427 5276">
    <p class='ocr_par' dir='ltr' id='par_1_116' title="bbox 1843 5203 3427 5276">
     <span class='ocr_line' id='line_1_116' title="bbox 1843 5203 3427 5276; baseline 0.003 -16"><span class='ocrx_word' id='word_1_853' title='bbox 1843 5203 2041 5260; x_wconf 87' lang='lat' dir='ltr'><strong>malos:</strong></span> <span class='ocrx_word' id='word_1_854' title='bbox 2066 5211 2122 5260; x_wconf 92' lang='lat' dir='ltr'><strong>et</strong></span> <span class='ocrx_word' id='word_1_855' title='bbox 2138 5203 2370 5260; x_wconf 91' lang='lat' dir='ltr'><strong>vicissim</strong></span> <span class='ocrx_word' id='word_1_856' title='bbox 2387 5205 2710 5276; x_wconf 69' lang='lat' dir='ltr'><strong>qumsierunt</strong></span> <span class='ocrx_word' id='word_1_857' title='bbox 2727 5205 2995 5276; x_wconf 90' lang='lat' dir='ltr'><strong>quomodo</strong></span> <span class='ocrx_word' id='word_1_858' title='bbox 3009 5221 3102 5263; x_wconf 89' lang='lat' dir='ltr'><strong>eos</strong></span> <span class='ocrx_word' id='word_1_859' title='bbox 3120 5209 3172 5263; x_wconf 94' lang='lat' dir='ltr'><strong>in</strong></span> <span class='ocrx_word' id='word_1_860' title='bbox 3191 5209 3427 5266; x_wconf 86' lang='lat' dir='ltr'><strong>Ecclesia</strong></span> 
     </span>
    </p>
   </div>
   <div class='ocr_carea' id='block_1_117' title="bbox 1843 5295 3429 5370">
    <p class='ocr_par' dir='ltr' id='par_1_117' title="bbox 1843 5295 3429 5370">
     <span class='ocr_line' id='line_1_117' title="bbox 1843 5295 3429 5370; baseline 0.003 -20"><span class='ocrx_word' id='word_1_861' title='bbox 1843 5295 2088 5350; x_wconf 89' lang='lat' dir='ltr'><strong>diabolus</strong></span> <span class='ocrx_word' id='word_1_862' title='bbox 2128 5295 2501 5360; x_wconf 89' lang='lat' dir='ltr'><strong>seminaverit;</strong></span> <span class='ocrx_word' id='word_1_863' title='bbox 2531 5295 2675 5366; x_wconf 90' lang='lat' dir='ltr'><strong>quod</strong></span> <span class='ocrx_word' id='word_1_864' title='bbox 2717 5296 2794 5352; x_wconf 92' lang='lat' dir='ltr'><strong>illi</strong></span> <span class='ocrx_word' id='word_1_865' title='bbox 2821 5297 2973 5369; x_wconf 89' lang='lat' dir='ltr'><strong>quasi</strong></span> <span class='ocrx_word' id='word_1_866' title='bbox 3011 5298 3128 5356; x_wconf 89' lang='lat' dir='ltr'><strong>ﬁeri</strong></span> <span class='ocrx_word' id='word_1_867' title='bbox 3167 5316 3272 5356; x_wconf 88' lang='lat' dir='ltr'><strong>non</strong></span> <span class='ocrx_word' id='word_1_868' title='bbox 3305 5314 3429 5370; x_wconf 85' lang='lat' dir='ltr'><strong>pos-</strong></span> 
     </span>
    </p>
   </div>
   <div class='ocr_carea' id='block_1_118' title="bbox 1842 5388 3427 5461">
    <p class='ocr_par' dir='ltr' id='par_1_118' title="bbox 1842 5388 3427 5461">
     <span class='ocr_line' id='line_1_118' title="bbox 1842 5388 3427 5461; baseline 0.003 -16"><span class='ocrx_word' id='word_1_869' title='bbox 1842 5397 1946 5454; x_wconf 90' lang='lat' dir='ltr'><strong>set,</strong></span> <span class='ocrx_word' id='word_1_870' title='bbox 1986 5388 2052 5444; x_wconf 86' lang='lat' dir='ltr'><strong>de</strong></span> <span class='ocrx_word' id='word_1_871' title='bbox 2081 5389 2298 5444; x_wconf 86' lang='lat' dir='ltr'><strong>zizaniis</strong></span> <span class='ocrx_word' id='word_1_872' title='bbox 2339 5389 2698 5460; x_wconf 90' lang='lat' dir='ltr'><strong>requirebant.</strong></span> <span class='ocrx_word' id='word_1_873' title='bbox 2741 5389 3091 5461; x_wconf 79' lang='lat' dir='ltr'><strong>Repetierunt</strong></span> <span class='ocrx_word' id='word_1_874' title='bbox 3130 5392 3290 5447; x_wconf 90' lang='lat' dir='ltr'><strong>etiam</strong></span> <span class='ocrx_word' id='word_1_875' title='bbox 3317 5390 3427 5449; x_wconf 85' lang='lat' dir='ltr'><strong>Ca-</strong></span> 
     </span>
    </p>
   </div>
   <div class='ocr_carea' id='block_1_119' title="bbox 1842 5482 3430 5557">
    <p class='ocr_par' dir='ltr' id='par_1_119' title="bbox 1842 5482 3430 5557">
     <span class='ocr_line' id='line_1_119' title="bbox 1842 5482 3430 5557; baseline 0.005 -21"><span class='ocrx_word' id='word_1_876' title='bbox 1842 5482 2025 5538; x_wconf 87' lang='lat' dir='ltr'><strong>tholici</strong></span> <span class='ocrx_word' id='word_1_877' title='bbox 2065 5483 2422 5537; x_wconf 81' lang='lat' dir='ltr'><strong>testimonium</strong></span> <span class='ocrx_word' id='word_1_878' title='bbox 2462 5483 2734 5554; x_wconf 83' lang='lat' dir='ltr'><strong>Cypriani,</strong></span> <span class='ocrx_word' id='word_1_879' title='bbox 2766 5485 2855 5555; x_wconf 90' lang='lat' dir='ltr'><strong>qui</strong></span> <span class='ocrx_word' id='word_1_880' title='bbox 2887 5485 3126 5541; x_wconf 87' lang='lat' dir='ltr'><strong>eamdem</strong></span> <span class='ocrx_word' id='word_1_881' title='bbox 3158 5486 3430 5557; x_wconf 73' lang='lat' dir='ltr'><strong>evangeli-</strong></span> 
     </span>
    </p>
   </div>
   <div class='ocr_carea' id='block_1_120' title="bbox 1842 5574 3430 5650">
    <p class='ocr_par' dir='ltr' id='par_1_120' title="bbox 1842 5574 3430 5650">
     <span class='ocr_line' id='line_1_120' title="bbox 1842 5574 3430 5650; baseline 0.004 -20"><span class='ocrx_word' id='word_1_882' title='bbox 1842 5591 1959 5630; x_wconf 90' lang='lat' dir='ltr'><strong>cam</strong></span> <span class='ocrx_word' id='word_1_883' title='bbox 1991 5574 2388 5630; x_wconf 89' lang='lat' dir='ltr'><strong>similitudinem</strong></span> <span class='ocrx_word' id='word_1_884' title='bbox 2416 5590 2522 5631; x_wconf 92' lang='lat' dir='ltr'><strong>non</strong></span> <span class='ocrx_word' id='word_1_885' title='bbox 2560 5576 2714 5633; x_wconf 91' lang='lat' dir='ltr'><strong>aliter</strong></span> <span class='ocrx_word' id='word_1_886' title='bbox 2751 5577 3052 5645; x_wconf 86' lang='lat' dir='ltr'><strong>intellexit,</strong></span> <span class='ocrx_word' id='word_1_887' title='bbox 3086 5593 3242 5650; x_wconf 92' lang='lat' dir='ltr'><strong>quam</strong></span> <span class='ocrx_word' id='word_1_888' title='bbox 3273 5587 3331 5634; x_wconf 90' lang='lat' dir='ltr'><strong>ut</strong></span> <span class='ocrx_word' id='word_1_889' title='bbox 3373 5579 3430 5636; x_wconf 87' lang='lat' dir='ltr'><strong>In</strong></span> 
     </span>
    </p>
   </div>
   <div class='ocr_carea' id='block_1_121' title="bbox 1843 5667 3430 5740">
    <p class='ocr_par' dir='ltr' id='par_1_121' title="bbox 1843 5667 3430 5740">
     <span class='ocr_line' id='line_1_121' title="bbox 1843 5667 3430 5740; baseline 0.006 -18"><span class='ocrx_word' id='word_1_890' title='bbox 1843 5667 2080 5723; x_wconf 87' lang='lat' dir='ltr'><strong>Ecclesia</strong></span> <span class='ocrx_word' id='word_1_891' title='bbox 2119 5667 2321 5724; x_wconf 90' lang='lat' dir='ltr'><strong>diceret</strong></span> <span class='ocrx_word' id='word_1_892' title='bbox 2348 5683 2466 5724; x_wconf 91' lang='lat' dir='ltr'><strong>esse</strong></span> <span class='ocrx_word' id='word_1_893' title='bbox 2513 5669 2733 5737; x_wconf 82' lang='lat' dir='ltr'><strong>zizania,</strong></span> <span class='ocrx_word' id='word_1_894' title='bbox 2765 5686 2865 5727; x_wconf 89' lang='lat' dir='ltr'><strong>nec</strong></span> <span class='ocrx_word' id='word_1_895' title='bbox 2908 5671 3095 5740; x_wconf 86' lang='lat' dir='ltr'><strong>latere,</strong></span> <span class='ocrx_word' id='word_1_896' title='bbox 3144 5670 3240 5728; x_wconf 85' lang='lat' dir='ltr'><strong>sed</strong></span> <span class='ocrx_word' id='word_1_897' title='bbox 3279 5672 3430 5731; x_wconf 79' lang='lat' dir='ltr'><strong>cerni</strong></span> 
     </span>
    </p>
   </div>
   <div class='ocr_carea' id='block_1_122' title="bbox 1842 5758 3437 5837">
    <p class='ocr_par' dir='ltr' id='par_1_122' title="bbox 1842 5758 3437 5837">
     <span class='ocr_line' id='line_1_122' title="bbox 1842 5758 3437 5837; baseline 0.009 -21"><span class='ocrx_word' id='word_1_898' title='bbox 1842 5760 2038 5834; x_wconf 80' lang='lat' dir='ltr'><strong>(Epist.</strong></span> <span class='ocrx_word' id='word_1_899' title='bbox 2080 5760 2144 5815; x_wconf 77' lang='lat' dir='ltr'><strong>ad</strong></span> <span class='ocrx_word' id='word_1_900' title='bbox 2179 5758 2509 5834; x_wconf 71' lang='lat' dir='ltr'><strong>Maximum).</strong></span> <span class='ocrx_word' id='word_1_901' title='bbox 2543 5761 2737 5818; x_wconf 88' lang='lat' dir='ltr'><strong>Contra</strong></span> <span class='ocrx_word' id='word_1_902' title='bbox 2767 5762 2906 5837; x_wconf 86' lang='lat' dir='ltr'><strong>quod</strong></span> <span class='ocrx_word' id='word_1_903' title='bbox 2951 5764 3310 5825; x_wconf 87' lang='lat' dir='ltr'><strong>testimonium</strong></span> <span class='ocrx_word' id='word_1_904' title='bbox 3353 5761 3437 5832; x_wconf 64' lang='lat' dir='ltr'><strong>illi</strong></span> 
     </span>
    </p>
   </div>
  </div>
