3784 6146
379 235 485 296 055

379 353 602 422 omnino
629 350 759 408 nihil
802 347 918 406 ausi
961 347 1170 404 fuerant
1211 342 1568 416 respondere;
1615 357 1737 398 cum
1781 351 1967 396 aucto-

379 450 595 505 ritatem
625 444 872 520 Cypriani
903 443 1032 498 tanti
1065 439 1312 507 habeant,
1339 445 1397 494 ut
1419 453 1513 509 per
1537 437 1681 492 illam
1709 444 1970 492 conentur

382 540 671 598 defendere
696 536 837 609 quod
877 535 1016 591 male
1042 533 1108 590 de
1147 531 1389 588 iterando
1418 531 1690 604 Baptismo
1737 528 1974 585 sentiunt

379 645 434 690 et
475 632 693 688 faciunt.
746 630 823 685 De
872 627 1076 684 duabus
1135 625 1296 681 etiam
1349 623 1605 680 Ecclesiis
1649 621 1970 680 calumniam

379 741 564 784 eorum
613 722 871 779 Catholici
938 719 1262 786 refutarunt,
1321 710 1614 774 identidem
1663 712 1970 788 expressius

379 817 728 874 ostendentes
765 813 892 886 qttid
937 811 1190 879 dixerint,
1221 809 1272 864 id
1321 817 1424 877 est,
1465 825 1570 863 non
1617 822 1734 862 eam
1781 804 1968 860 Eccle-

379 911 512 964 Siatn
559 922 678 980 quae
718 919 858 960 nunc
888 903 1048 960 habet
1093 902 1388 974 permixtos
1437 899 1604 955 malos
1651 897 1880 953 alienam
1912 911 1971 952 se

379 1000 579 1055 ἀὶςίεεο
613 1014 641 1057 a
681 1013 848 1070 regno
893 995 1008 1062 Dei,
1033 995 1120 1050 ubi
1167 1009 1275 1050 non
1323 999 1483 1048 erunt
1517 990 1642 1046 mali
1665 988 1968 1054 commixti;

378 1093 473 1149 sed
496 1093 741 1148 eamdem
771 1091 938 1163 ipsam
974 1103 1133 1144 unam
1164 1096 1217 1142 et
1242 1095 1477 1142 sanetam
1506 1083 1800 1140 Ecclesiam
1832 1095 1974 1136 nunc
1999 1147 2002 1150 _

379 1199 500 1242 esse
536 1183 712 1250 aliter,
743 1192 866 1238 tunc
892 1193 1070 1237 autem
1101 1179 1258 1234 aliter
1294 1177 1521 1232 futuram
1548 1193 1561 1239 ;
1605 1189 1746 1230 nunc
1775 1173 1974 1228 habere

381 1277 552 1332 tnalos
582 1275 809 1340 mixtos;
844 1282 970 1329 tunc
996 1287 1100 1327 non
1131 1270 1463 1325 habituram:
1497 1269 1634 1323 sicut
1662 1281 1803 1321 nunc
1830 1280 1974 1319 mor-

382 1369 568 1436 talem,
594 1365 736 1439 quod
762 1381 828 1422 ex
854 1365 1168 1421 mortalibus
1193 1369 1461 1418 constaret
1484 1359 1816 1423 hominibus;
1849 1365 1973 1412 tunc

383 1471 561 1516 autem
605 1459 980 1523 immortalem,
1014 1455 1154 1528 quod
1186 1456 1239 1510 in
1267 1469 1326 1508 ea
1370 1452 1544 1508 nullus
1573 1459 1715 1506 esset
1742 1450 1822 1503 vel
1850 1465 1971 1504 cor-

381 1569 513 1625 pore
559 1552 888 1607 moriturus:
921 1549 1058 1604 sicut
1101 1562 1207 1602 non
1255 1546 1376 1600 ideo
1423 1544 1530 1598 duo
1574 1541 1800 1606 Christi,
1850 1541 1972 1612 quia

381 1645 528 1717 prior
540 1650 782 1699 mortuus
798 1642 814 1674 ¹
833 1648 1013 1711 postea
1030 1653 1134 1694 non
1159 1637 1468 1694 moriturus.
1485 1635 1689 1690 Dictum
1715 1644 1793 1688 est
1810 1632 1972 1688 etiam

384 1735 452 1792 de
481 1737 698 1791 homine
738 1734 1002 1790 exteriore
1031 1739 1086 1787 et
1115 1729 1391 1794 interiore,
1423 1743 1542 1799 quae
1583 1741 1704 1781 cum
1737 1724 1844 1779 sint
1889 1724 1972 1779 di-

382 1843 555 1896 versa,
585 1842 690 1882 non
719 1835 899 1881 tamen
926 1823 1031 1880 dici
1073 1821 1210 1878 duos
1238 1821 1483 1876 homines
1514 1837 1527 1874 :
1560 1826 1759 1890 quanto
1797 1817 1974 1873 minus

381 1923 485 1978 dici
530 1921 662 1979 duas
704 1921 992 1988 Ecclesias,
1025 1934 1148 1974 cum
1189 1917 1350 1974 iidem
1395 1917 1494 1986 ipsi
1534 1915 1622 1986 qui
1668 1930 1808 1969 nunc
1847 1913 1975 1968 boni

383 2015 615 2073 tolerant
649 2015 941 2088 permixtos
971 2013 1143 2069 malos
1172 2021 1226 2068 et
1266 2009 1622 2066 resurrecturi
1652 2007 1971 2075 moriuntur,

381 2119 511 2182 tunc
550 2125 650 2166 nec
699 2109 894 2165 mixtos
939 2107 1108 2163 malos
1158 2103 1391 2160 habituri
1438 2103 1564 2172 sint,
1611 2117 1710 2157 nec
1756 2100 1975 2156 omnino

383 2201 674 2260 morituri?
721 2201 797 2257 De
845 2201 960 2272 ipso
985 2213 1197 2272 quoque
1227 2212 1473 2262 numero,
1505 2194 1756 2266 quoniam
1803 2194 1976 2248 Dona-

382 2295 523 2352 tistae
548 2294 943 2366 Scripturarum
975 2290 1281 2368 testimonio
1311 2305 1469 2344 uuam
1502 2288 1793 2343 Ecclesiam
1823 2301 1973 2341 com-

386 2387 795 2451 mendaveruut,
815 2385 962 2440 velut
985 2391 1170 2439 contra
1191 2380 1323 2438 duas
1347 2397 1478 2451 quas
1500 2379 1803 2435 Catholicos
1830 2377 1978 2433 affir-

385 2495 568 2536 masse
595 2478 902 2552 iactabant;
947 2491 1263 2546 responsum
1309 2483 1392 2530 est
1419 2489 1448 2528 a
1477 2472 1785 2540 Catholicis,
1814 2472 1975 2527 etiam

384 2573 580 2628 multas
609 2571 881 2626 Ecclesias
923 2569 978 2624 in
1003 2567 1290 2640 Scripturis
1319 2566 1544 2622 inveniri
1570 2565 1759 2632 dictas,
1801 2574 1854 2621 et
1892 2581 1978 2622 se-

383 2673 526 2736 ptem
556 2662 624 2718 ad
660 2676 790 2734 quas
815 2661 1050 2719 Joannes
1087 2659 1273 2732 scribit
1315 2657 1500 2730 (Apoc.
1532 2657 1602 2730 ι),
1633 2673 1752 2730 quae
1796 2666 1974 2713 tamen

383 2755 564 2812 multa:
608 2755 748 2811 illius
779 2757 950 2810 unica:
996 2754 1235 2809 membra
1267 2768 1388 2809 esse
1425 2751 1886 2822 intelligerentur:
1920 2759 1978 2807 ut

384 2847 509 2903 hinc
536 2855 821 2918 appareret
860 2846 1028 2901 multo
1056 2847 1232 2900 minus
1277 2843 1376 2900 sibi
1405 2843 1601 2899 debere
1630 2828 1788 2913 objiei
1820 2842 1973 2912 duas,

381 2955 504 2994 cum
529 2939 774 2995 eamdem
807 2939 974 3009 ipsam
1011 2953 1170 2992 unam
1201 2937 1434 2992 dixerint
1477 2952 1584 2991 non
1627 2937 1786 2992 talem
1833 2952 1974 2992 nunc

382 3045 504 3087 esse
529 3029 700 3102 qualis
728 3029 779 3084 in
821 3029 1215 3085 resurrectione
1239 3027 1414 3084 futura
1442 3036 1613 3096 esset,
1639 3026 1974 3100 quandoqui-

386 3120 509 3177 dem
553 3121 860 3194 apostolicis
903 3120 1121 3176 Litteris
1165 3136 1271 3174 non
1319 3118 1636 3190 obiicianlur
1683 3119 1882 3186 multm,
1911 3134 1977 3174 ex

383 3214 579 3285 quibus
616 3214 730 3284 ipsa
756 3228 862 3268 una
887 3220 1179 3268 constaret.
1210 3211 1292 3267 Ad
1331 3212 1443 3266 hmc
1473 3211 1762 3265 Donatista:
1793 3227 1976 3267 rursus

381 3304 569 3361 eadem
616 3304 878 3376 replicare
905 3319 1012 3359 non
1043 3303 1380 3369 dCStiterunt,
1420 3303 1635 3374 insuper
1665 3299 1978 3372 adiicientes

383 3406 440 3454 et
468 3398 728 3455 invidiose
753 3398 1038 3470 iactantes,
1063 3397 1206 3470 quod
1233 3398 1526 3453 Ecclesiam
1555 3396 1839 3452 mortalem
1877 3395 1978 3452 Ca-

387 3489 569 3546 tholici
592 3491 853 3556 dixerint;
886 3500 942 3547 et
969 3491 1087 3546 ideo
1117 3501 1373 3563 negantes
1391 3506 1505 3546 eam
1531 3490 1808 3545 mortalem
1831 3506 1973 3559 esse,

383 3581 509 3655 quia
549 3581 780 3637 Trinitas
811 3582 1131 3638 immortalis
1160 3593 1263 3649 est,
1292 3581 1442 3652 cujus
1488 3583 1654 3652 gratia
1699 3597 1980 3637 consecra-

384 3683 472 3730 tur
497 3676 772 3742 Ecclesia;
819 3685 873 3731 et
908 3677 1033 3749 quia
1061 3676 1308 3732 Christus
1351 3675 1470 3732 ideo
1515 3691 1608 3746 pro
1646 3691 1708 3730 ea
1740 3685 1978 3733 mortuus

384 3771 476 3838 sit,
501 3781 556 3825 ut
581 3787 698 3827 eam
719 3770 921 3827 faceret
952 3772 1304 3827 immortalem
1332 3790 1344 3824 :
1376 3770 1524 3842 quasi
1549 3770 1809 3826 Catholici
1830 3770 1980 3826 dixe-

385 3859 498 3916 rint
539 3877 645 3917 non
693 3877 812 3918 eam
856 3862 970 3918 fieri
1003 3862 1356 3917 immortalem
1384 3862 1552 3934 gratia
1582 3861 1699 3928 Dei,
1729 3870 1783 3916 et
1809 3861 1978 3918 effuso

387 3949 486 4023 pro
509 3967 570 4008 ea
599 3954 858 4024 sanguine
881 3952 1179 4010 Salvatoris
1205 3973 1217 4008 :
1251 3953 1342 4010 sed
1372 3963 1607 4025 tempora
1631 3968 1749 4008 esse
1777 3953 1978 4008 discer-

386 4045 563 4101 nenda
607 4046 894 4113 dixerunt,
953 4062 1190 4119 prmsens
1235 4045 1484 4101 videlicet
1529 4061 1634 4117 quo
1681 4045 1980 4104 moriuntur

383 4151 574 4194 omnes
598 4139 790 4205 sancti,
829 4139 965 4194 sicut
990 4148 1232 4194 mortuus
1263 4147 1344 4193 est
1372 4138 1484 4210 ipse
1511 4137 1779 4202 Christus;
1818 4147 1871 4194 et
1898 4137 1979 4194 fu-

385 4236 587 4295 turum,
611 4245 718 4300 quo
748 4238 1048 4302 resurgent,
1079 4241 1133 4287 et
1175 4229 1318 4286 nullo
1358 4230 1620 4286 morituro
1647 4230 1825 4287 vivent
1854 4246 1976 4287 cum

386 4321 481 4377 illo
506 4322 593 4394 qui
616 4323 725 4393 iam
756 4324 1066 4380 resurrexit.

452 4411 678 4473 CAPUT
703 4416 795 4472 XI.
824 4447 895 4458 -
921 4418 1011 4474 2l.
1055 4417 1181 4472 Ilaec
1209 4416 1348 4472 inter
1375 4431 1467 4472 eos
1501 4431 1620 4472 cum
1663 4426 1972 4489 agerentur,

381 4521 437 4572 et
461 4512 708 4585 quamvis
751 4511 1034 4568 manifesta
1083 4521 1242 4582 atque
1272 4511 1501 4566 dilucida
1544 4513 1828 4570 Donatistis
1854 4529 1977 4569 cer-

383 4607 623 4664 tantibus
641 4604 905 4678 superﬂua
920 4603 1337 4675 replicarentur;
1369 4603 1612 4675 promisit
1633 4603 1887 4676 Cognitor
1910 4603 1979 4660 de

385 4701 470 4757 his
499 4716 556 4756 se
586 4716 704 4772 qua:
731 4699 861 4754 satis
889 4697 1129 4754 audisset
1157 4708 1398 4754 extrema
1427 4699 1687 4756 sententia
1711 4699 1978 4771 iudicatu-

381 4810 521 4858 rum,
554 4800 609 4848 et
644 4792 804 4863 jussit
830 4789 958 4845 illud
990 4789 1072 4861 agi
1112 4789 1307 4862 potius,
1342 4790 1482 4848 unde
1512 4792 1775 4850 exstiterit
1805 4792 1978 4864 prima

378 4900 538 4942 causa
567 4884 795 4940 discidii.
829 4883 982 4939 Tune
1027 4883 1318 4940 Donatistae
1363 4900 1552 4956 urgere
1580 4895 1877 4957 coeperunt,
1921 4896 1978 4944 ut

381 4979 445 5034 tte
493 4977 575 5033 his
623 4993 742 5048 qum
785 4977 1022 5034 audisset
1061 4978 1305 5049 primitus
1348 4977 1627 5048 iudicaret.
1671 4978 1823 5046 Quod
1853 4995 1976 5036 cum

377 5071 539 5127 etiam
573 5067 832 5124 Catholici
862 5071 1155 5142 exigerent,
1195 5079 1248 5126 et
1275 5069 1366 5126 ille
1398 5071 1449 5125 in
1491 5085 1556 5127 eo
1583 5071 1722 5143 quod
1767 5070 1975 5130 dixerat

378 5169 740 5232 permaneret,
778 5161 1099 5234 iuberetque
1147 5161 1277 5218 illud
1323 5163 1405 5234 agi
1456 5164 1654 5233 potius,
1707 5172 1766 5218 ut
1814 5179 1975 5222 causa

377 5255 535 5327 primi
581 5254 786 5310 discidii
828 5265 1249 5325 monstraretur;
1301 5257 1568 5330 petierunt
1611 5257 1888 5327 Catholici,
1920 5271 1975 5317 ut

376 5366 495 5422 qua:
522 5349 815 5408 offerebant
858 5353 1229 5410 recitarentur.
1275 5352 1430 5420 Quod
1475 5369 1594 5409 cum
1623 5354 1733 5410 ﬁeri
1777 5369 1976 5424 praece-

375 5447 564 5517 pisset,
593 5445 839 5502 obnixius
883 5447 1170 5503 Donatista:
1199 5447 1449 5503 resistere
1476 5457 1771 5516 cmperunt,
1797 5456 1850 5501 et
1876 5463 1973 5503 co-

375 5555 502 5610 gere
531 5551 588 5595 ut
609 5539 718 5611 iam
745 5541 812 5598 de
840 5542 1065 5612 cognitis
1086 5541 1372 5614 iudicaret,
1398 5539 1583 5598 eadem
1629 5556 1747 5611 quae
1800 5550 1974 5597 trans-

377 5643 491 5688 acta
521 5631 727 5688 fuerant
771 5644 1108 5706 repetentes;
1159 5645 1212 5692 et
1259 5634 1539 5704 addentes,
1573 5634 1713 5707 quod
1753 5635 1970 5693 omnino

441 5745 458 5780 ⁸
494 5745 775 5812 Legendum
798 5746 943 5810 forte,
973 5747 1088 5813 quia
1109 5747 1245 5814 prius
1267 5755 1338 5801 est
1357 5752 1586 5799 mortuus.

1625 225 1681 284 S.
1725 220 2090 284 AUGUSTINI
2129 221 2430 280 EPISCOPI

2079 337 2318 408 iudicare
2347 338 2412 392 de
2444 336 2532 392 illa
2561 350 2720 391 causa
2752 351 2855 392 non
2894 333 3132 401 deberet,
3160 350 3319 407 quam
3347 335 3578 392 volebat
3603 340 3681 408 agi

2082 432 2392 487 recitatione
2421 447 2605 486 eorum
2632 445 2749 502 qua“:
2779 447 2806 483 a
2838 429 3125 484 Catholicis
3149 431 3323 484 oblata
3355 429 3586 485 fuerant
3603 447 3680 486 re-

2081 523 2288 580 citanda
2321 541 2335 580 :
2365 523 2602 579 dicentes
2625 523 2779 594 huius
2806 539 2979 579 causae
3003 522 3272 580 Christum
3291 523 3541 594 iudicem
3566 541 3678 582 esse

2081 617 2307 681 debere;
2341 628 2390 672 et
2420 617 2671 672 invidiam
2701 617 2954 672 facientes
2985 617 3293 685 Catholicis,
3324 619 3472 690 quod
3507 619 3679 673 horni-

2083 727 2202 765 nem
2252 710 2549 780 petiverant
2597 709 2865 780 iudicem;
2917 709 3157 766 dicentes
3209 712 3369 766 etiam
3414 712 3580 767 solita
3621 715 3681 767 de

2081 802 2539 874 perseeutionibus
2567 818 2702 874 quas
2732 803 2938 874 perpeti
2967 803 3294 859 viderentur.
3327 803 3412 857 Ad
3447 803 3558 858 hoc
3583 804 3676 858 Ca-

2082 894 2262 950 tholici
2290 894 2698 966 responderunt,
2733 910 2832 949 nec
2855 894 2922 950 de
2949 893 3165 949 homine
3189 894 3370 966 iudice
3410 897 3680 966 postulato

2081 1001 2173 1043 eos
2198 984 2393 1041 debere
2420 986 2595 1041 facere
2625 985 2896 1052 invidiam,
2925 987 3015 1057 qui
3042 995 3096 1042 et
3120 986 3187 1042 de
3211 1003 3371 1041 causa
3403 987 3677 1042 Maximia.

2081 1078 2338 1132 nistarum
2360 1077 2752 1149 iudicaverunt,
2791 1093 2888 1132 nec
2913 1095 3029 1133 eam
3059 1077 3273 1134 Christo
3295 1079 3464 1150 iudici
3490 1095 3677 1135 serva-

2079 1179 2301 1236 verunt;
2335 1178 2388 1224 et
2418 1170 2585 1240 ipsam
2612 1168 2882 1225 Cmciliani
2903 1186 3116 1225 causam
3141 1171 3387 1242 primitus
3410 1170 3477 1226 ad
3509 1171 3681 1227 homi-

2080 1278 2226 1328 nem,
2259 1261 2361 1318 hoc
2402 1269 2504 1330 est,
2548 1261 2615 1317 ad
2653 1263 3029 1333 imperatorem
3072 1262 3477 1318 Constantinum
3523 1279 3679 1320 accu-

2080 1362 2259 1409 santes
2281 1354 2539 1410 miserunt
2562 1374 2574 1410 :
2604 1370 2702 1409 nec
2728 1355 2794 1410 de
2815 1355 3295 1426 persecutionibus,
3315 1357 3459 1429 quod
3476 1357 3679 1429 aliquid

2080 1447 2146 1501 ab
2177 1447 2586 1517 imperatoribus
2608 1463 2703 1517 pro
2726 1447 2962 1503 Ecclesia
2984 1447 3241 1504 Catholici
3265 1459 3536 1519 peterent,
3562 1466 3680 1505 eum

2082 1555 2265 1594 eorum
2297 1539 2773 1595 Circumcelliones
2803 1539 3026 1595 ducibus
3045 1541 3251 1596 clericis
3278 1549 3385 1596 tam
3409 1541 3678 1597 horrenda

2080 1635 2218 1690 mala
2244 1635 2661 1691 committerent.
2691 1635 2792 1692 Ubi
2836 1634 3030 1690 frustra
3074 1635 3507 1707 reSponderunt,
3549 1636 3678 1692 nihil

2080 1729 2182 1784 hoc
2207 1731 2271 1785 ad
2298 1732 2603 1788 sacerdotes
2634 1733 2903 1802 pertinere
2927 1748 2942 1799 ;
2971 1747 3092 1788 cum
3121 1731 3330 1789 clericis
3351 1731 3588 1790 ducibus
3606 1732 3678 1789 illi

2081 1822 2202 1876 talia
2230 1821 2419 1879 fecisse
2443 1823 2772 1880 asserebant.

2149 1918 2238 1974 22.
2273 1919 2347 1976 lbi
2375 1921 2534 1977 etiam
2559 1937 2680 1978 cum
2707 1921 2906 1978 dictum
2929 1931 3091 1992 esset,
3122 1923 3264 1995 quod
3287 1925 3435 1982 calce
3452 1933 3510 1980 et
3525 1934 3678 1980 aceto

2079 2003 2344 2070 humanos
2373 2013 2558 2068 oculos
2594 2014 2858 2084 persecuti
2887 2014 3013 2081 sint,
3045 2015 3097 2069 in
3133 2031 3238 2086 quo
3261 2016 3471 2073 scelere
3490 2015 3677 2071 diabo-

2080 2101 2189 2157 lum
2235 2103 2553 2162 crudelitate
2594 2106 2953 2176 pervicerunt,
3001 2107 3091 2180 qui
3136 2109 3236 2163 hoc
3275 2109 3327 2164 in
3373 2109 3551 2164 sancti
3579 2109 3673 2164 viri

2079 2208 2240 2251 carne
2271 2210 2376 2251 non
2407 2196 2552 2261 fecit,
2582 2212 2740 2268 quam
2785 2197 2836 2252 in
2885 2206 3203 2270 potestatem
3230 2210 3516 2269 acceperat
3544 2199 3674 2255 affli-

2078 2287 2304 2356 gendam
2348 2285 2471 2357 (Job
2500 2286 2597 2361 n);
2646 2288 2731 2344 hic
2771 2289 3061 2346 Donatistae
3104 2291 3455 2362 quaesierunt,
3502 2301 3673 2348 utrum

2079 2381 2169 2450 qui
2211 2380 2431 2446 faciunt,
2482 2381 2575 2436 lilii
2615 2390 2796 2438 essent
2839 2381 3056 2447 diaboli,
3105 2398 3172 2438 an
3213 2383 3304 2453 qui
3356 2384 3670 2454 patiuntur:

2079 2472 2230 2544 quasi
2273 2472 2530 2528 Catholici
2573 2473 2717 2529 aliud
2766 2489 2922 2546 quam
2967 2475 3242 2544 passiones
3289 2490 3416 2532 suas
3444 2476 3672 2532 dixerint

2081 2565 2497 2638 immanissimas
2521 2583 2551 2620 a
2582 2567 2792 2622 clericis
2821 2576 2874 2622 et
2907 2567 3438 2624 Circumcellionibus
3463 2585 3667 2625 eorum.

2080 2657 2460 2714 Verumtamen
2485 2659 2644 2714 etiam
2669 2659 2754 2712 hic
2786 2673 2889 2712 non
2914 2659 3366 2728 praetermiserunt
3384 2659 3667 2729 Catholici,

2080 2751 2361 2808 occasione
2384 2751 2580 2817 oblata,
2607 2751 2684 2807 eis
2715 2751 3130 2808 Maximianistas
3156 2753 3420 2822 obiicere;
3451 2765 3505 2810 et
3528 2755 3669 2811 dixe-

2081 2852 2204 2900 runt
2243 2843 2535 2899 secundum
2565 2859 2750 2900 eorum
2792 2843 3108 2900 sententiam
3140 2845 3392 2902 meliores
3416 2862 3541 2904 esse
3564 2847 3668 2902 Ma-

2080 2937 2432 3004 ximianistas,
2462 2952 2596 3007 quos
2623 2936 2762 3008 apud
2787 2947 2895 2994 tres
2924 2938 3008 2994 vel
3035 2953 3098 2994 eo
3126 2940 3354 3009 amplius
3377 2956 3669 3014 proconsu-

2082 3029 2157 3084 les
2181 3030 2444 3099 persecuti
2482 3038 2626 3084 sunt.
2661 3031 2739 3086 llli
2766 3030 2908 3102 enim
2941 3035 2984 3087 si
3028 3032 3169 3102 passi
3199 3041 3346 3100 sunt,
3376 3035 3503 3092 victi
3530 3036 3668 3092 fece-

2081 3129 2204 3176 runt
2233 3113 2270 3175 ¹’.
2303 3120 2368 3175 Et
2397 3121 2653 3191 urgebant
2679 3121 2960 3188 Catholici,
2984 3131 3043 3178 ut
3066 3125 3478 3196 responderent,
3499 3138 3669 3183 utrum

2081 3227 2145 3266 ex
2176 3211 2304 3281 ipsis
2348 3228 2483 3282 quos
2527 3213 2914 3270 damnaverunt
2959 3224 3013 3271 et
3060 3219 3322 3287 persecuti
3370 3229 3520 3286 sunt,
3570 3238 3674 3277 non

2081 3307 2414 3377 susceperint
2437 3307 2781 3374 Felicianum,
2805 3318 2859 3364 et
2884 3317 3060 3364 utrum
3089 3327 3193 3364 non
3217 3326 3338 3366 eum
3361 3312 3596 3370 habeant
3623 3316 3672 3370 in

2081 3400 2306 3470 collegio
2335 3416 2450 3456 suo.
2481 3401 2560 3458 Ad
2593 3402 2733 3472 quod
2764 3403 2838 3457 illi
2869 3403 3137 3474 obiectum
3166 3404 3302 3460 sicut
3321 3421 3540 3477 semper
3558 3422 3672 3463 om—

2082 3492 2210 3556 nino
2251 3492 2700 3562 obmutescentes,
2732 3496 2784 3552 in
2825 3496 2968 3552 aliud
3014 3497 3208 3564 ierunt,
3242 3497 3548 3570 obiiciendo
3574 3500 3671 3556 Ca-

2084 3583 2316 3653 tholicis,
2346 3586 2488 3656 quod
2524 3586 2794 3643 diabolum
2839 3585 3248 3658 defendissent;
3276 3591 3400 3662 quia
3429 3592 3676 3652 dixerant

2082 3692 2203 3732 eum
2234 3679 2400 3734 sancti
2429 3678 2529 3734 Job
2558 3680 2727 3736 oculis
2756 3681 3078 3752 pepercisse,
3106 3682 3249 3740 unde
3273 3684 3422 3740 illum
3451 3687 3537 3742 isti
3557 3704 3676 3744 cru-

2082 3770 2300 3826 delitate
2336 3771 2610 3828 vicissent.
2644 3773 2710 3828 Et
2736 3784 3085 3846 susceperunt
3123 3790 3374 3834 accusare
3399 3776 3673 3836 diabolum

2081 3866 2227 3919 velut
2252 3863 2530 3922 defensum
2553 3881 2582 3919 a
2604 3865 2912 3935 Catholicis,
2945 3867 3185 3926 dicentes
3213 3886 3335 3926 eum
3363 3873 3537 3944 magis
3555 3889 3673 3932 cru-

2083 3956 2272 4012 deliter
2301 3958 2354 4013 in
2394 3974 2556 4014 carne
2583 3958 2685 4014 Job
2722 3960 2890 4014 oculis
2927 3961 3265 4030 pepercisse,
3297 3974 3356 4018 ut
3398 3977 3676 4022 manerent

2083 4049 2149 4104 ad
2182 4050 2544 4119 spectaculum
2575 4050 2833 4116 vulneris,
2875 4053 3015 4123 quod
3063 4055 3312 4110 universo
3353 4059 3569 4126 corpori
3595 4060 3674 4114 in-

2083 4141 2310 4200 ﬂixerat.
2343 4142 2495 4214 Quod
2522 4144 2748 4200 multum
2772 4145 2960 4216 mirum
2989 4153 3090 4214 est,
3122 4163 3283 4217 quare
3307 4147 3406 4205 hoc
3432 4164 3532 4219 pro
3557 4167 3671 4206 ma-

2081 4250 2189 4304 gno
2218 4235 2399 4290 dicere
2437 4234 2730 4304 voluerint,
2757 4236 2856 4290 nisi
2884 4236 3021 4292 forte
3052 4247 3110 4292 ut
3136 4238 3562 4309 iutelligerentur
3586 4243 3672 4314 pie

2081 4326 2292 4395 fecisse,
2329 4327 2418 4398 qui
2449 4327 2630 4383 oculos
2667 4328 2720 4383 in
2761 4326 3066 4385 hominibus
3110 4331 3371 4400 persecuti
3415 4343 3563 4400 sunt,
3606 4349 3670 4390 ne

2082 4419 2452 4476 cruciarentur
2483 4419 2711 4476 videndo
2733 4421 2951 4477 vulnera
2978 4437 3093 4486 sua,
3125 4437 3244 4494 quae
3266 4422 3333 4478 ab
3361 4423 3441 4479 eis
3467 4439 3564 4495 per
3587 4434 3666 4482 to-

2081 4517 2192 4568 tum
2215 4525 2410 4584 corpus
2433 4522 2768 4581 acceperant.

2151 4602 2244 4658 23.
2281 4602 2389 4660 Sed
2412 4619 2532 4660 cum
2563 4604 2752 4659 iterum
2785 4604 3073 4660 Donatista:
3111 4608 3516 4675 persecutiones
3539 4625 3667 4680 quas

2079 4695 2350 4766 patiuntur
2396 4707 2822 4767 exaggerantes,
2874 4711 3094 4752 suorum
3143 4698 3401 4768 quasdam
3469 4713 3662 4759 mortes

2081 4800 2562 4846 commemorarent
2589 4793 2641 4845 in
2673 4790 2868 4862 oppido
2895 4792 3168 4862 Bagaiensi
3194 4809 3208 4856 ;
3241 4809 3560 4864 responsum
3589 4808 3668 4852 est

2080 4898 2111 4938 a
2136 4882 2444 4951 Catholicis,
2474 4899 2569 4940 eos
2607 4884 2709 4940 hoc
2740 4899 2924 4954 passos
2951 4901 3069 4940 esse
3094 4886 3217 4942 dum
3252 4902 3437 4944 eorum
3467 4891 3664 4947 violen-

2080 4975 2167 5030 tia:
2194 4976 2555 5043 resisteretur,
2583 4991 2740 5047 quam
2762 4976 2994 5046 etiudici
3024 4977 3219 5034 inferre
3243 4981 3417 5034 conati
3440 4992 3587 5036 sunt.
3611 4983 3662 5038 lu
3709 5031 3718 5036 -

2081 5067 2172 5122 illo
2198 5068 2393 5139 oppido
2423 5077 2980 5124 commemoraverunt
3024 5067 3278 5124 Catholici
3315 5071 3383 5127 ab
3419 5072 3502 5128 eis
3545 5073 3663 5128 bor—
3700 5067 3704 5070 ’

2081 5160 2241 5216 renda
2267 5176 2387 5216 esse
2413 5161 2716 5228 commissa,
2750 5161 2819 5216 ita
2863 5171 2921 5217 ut
2958 5161 3118 5216 etiam
3145 5161 3361 5219 basilica
3393 5175 3538 5220 esset
3587 5166 3663 5220 iu-

2079 5269 2260 5318 censa,
2288 5266 2341 5310 et
2373 5256 2425 5310 in
2472 5256 2648 5325 ignem
2688 5257 2834 5310 missi
2865 5256 3077 5311 codices
3119 5259 3307 5314 sancti.
3341 5259 3538 5315 Mortes
3573 5277 3663 5315 au-

2083 5356 2185 5402 tem
2209 5347 2419 5403 illorum
2443 5350 2610 5418 magis
2635 5364 2754 5405 esse
2779 5365 2848 5403 ex
2871 5349 3250 5405 consuetudine
3272 5366 3430 5420 quam
3456 5353 3660 5420 habent,

2078 5447 2135 5492 ut
2164 5455 2222 5495 se
2249 5439 2347 5508 ipsi
2371 5439 2722 5510 prmcipitcnt.
2751 5439 2989 5510 Cumque
3022 5441 3102 5495 his
3132 5441 3418 5498 Donatista:
3445 5460 3662 5516 I‘CSpmt-
3721 5501 3723 5506 ,

2078 5530 2266 5586 dentes
2311 5540 2696 5602 exaggerarent
2743 5531 3030 5586 identidem
3089 5532 3233 5587 velut
3275 5538 3657 5604 persecutiones

2075 5684 2475 5812 [agminum
2496 5684 2641 5750 forte,
2689 5685 2764 5738 Illi
2798 5685 2927 5739 enim
2962 5686 3335 5754 persecutionem
3377 5688 3513 5755 passi
3548 5699 3668 5763 εω,
