3784 6140
8 339 135 397 637

14 462 172 524 quas
202 457 539 521 paterentur,
560 455 811 518 tanquam
849 458 913 502 ex
944 445 1028 501 his
1059 444 1313 501 fructibus
1358 459 1485 501 suos
1531 438 1627 499 ad-

18 542 311 599 versarios
334 539 529 595 malam
550 550 670 595 esse
696 536 940 593 arborem
961 537 1289 606 jaetitantes,
1312 544 1366 591 et
1386 544 1631 605 petentes

16 632 334 690 idemidem
360 640 421 686 ut
442 629 513 686 de
537 642 667 702 agro
685 637 739 685 et
766 628 984 683 zizaniis
1008 638 1062 685 et
1099 626 1167 684 de
1197 643 1300 683 una
1326 636 1379 684 et
1407 628 1631 682 immor-

19 726 120 781 tali
154 723 404 780 Ecclesia
424 720 782 793 judicaretur;
809 730 995 775 contra
1039 727 1217 775 autem
1242 717 1499 774 Catholici
1522 715 1632 773 fru-

12 830 153 875 ctus
199 833 391 876 eorum
419 822 906 872 commemorarent
946 813 1233 870 schismata
1258 821 1313 869 et
1337 810 1633 883 rebaptiza-

16 914 237 980 tiones,
263 921 321 968 et
342 910 483 982 quod
509 910 610 982 ipsi
639 908 884 980 primitus
911 908 1141 979 majores
1159 922 1285 963 suos
1300 902 1440 978 apud
1462 904 1633 976 Impe-

17 1016 274 1063 ratorem
295 1013 658 1069 accusassent,
699 1002 935 1073 atquein
978 999 1280 1072 hujusmodi
1310 999 1506 1055 mutuis
1532 988 1632 1053 ob-

14 1101 196 1172 jectis
222 1099 316 1155 diu
344 1097 610 1154 conﬂictio
635 1103 942 1152 versaretur
969 1113 984 1151 :
1027 1095 1215 1150 maluit
1236 1092 1491 1165 Cognitor
1519 1090 1636 1147 haec

20 1192 223 1247 omnia
244 1189 520 1257 cohibere,
548 1188 864 1259 promittens
879 1186 1047 1243 dehis
1060 1182 1316 1257 judicium
1338 1185 1635 1259 posteriore

22 1281 328 1339 sententia.
363 1281 432 1336 Et
451 1279 659 1335 recitari
681 1279 841 1349 jussit
864 1277 1007 1350 quod
1032 1294 1062 1333 a
1082 1275 1372 1334 Catholieis
1398 1276 1635 1333 oblatum

19 1377 143 1448 jam
188 1375 301 1446 legi
344 1380 582 1444 coeperat
606 1382 659 1428 et
695 1371 869 1428 fuerat
894 1372 1250 1441 interruptum
1298 1370 1393 1443 Sic
1422 1378 1635 1439 peracta

24 1478 119 1524 est
146 1482 316 1526 causa
348 1465 624 1529 Ecclesiae,
653 1479 812 1535 quam
840 1477 1162 1535 magnopere
1187 1461 1450 1519 Catholici
1474 1474 1635 1516 cura-

27 1567 234 1615 verant
288 1572 318 1611 a
366 1555 636 1613 Caeciliani
686 1570 845 1611 causa
892 1554 1251 1625 distinguere;
1296 1553 1545 1625 quoniam
1586 1552 1637 1607 ei

24 1666 144 1707 non
188 1657 376 1720 posset
417 1647 700 1718 cujuslibet
744 1646 1078 1717 praejudicari
1124 1646 1470 1710 criminibus,
1518 1659 1638 1715 quae

28 1749 231 1798 contra
257 1752 447 1794 omnes
478 1738 738 1792 humanas
765 1737 1165 1792 criminationes
1207 1744 1288 1792 tot
1329 1734 1636 1792 testimonia

27 1833 222 1887 divina
246 1830 552 1887 meruisset.
582 1827 660 1884 Ex
686 1828 787 1884 hoc
806 1828 917 1899 jam
946 1828 1109 1901 erepit
1152 1828 1237 1901 agi
1275 1826 1435 1884 etiam
1478 1838 1639 1883 causa

28 1924 341 1985 thciliani.
553 1964 566 1976 .

106 2016 351 2075 CAPUT
375 2015 491 2072 Xll.
514 2045 587 2057 —
609 2014 699 2070 24.
726 2013 921 2083 Quinto
943 2027 1071 2085 ergo
1091 2013 1209 2069 loco
1226 2013 1340 2068 haec
1358 2017 1474 2067 acta
1493 2018 1635 2066 sunt.

31 2113 308 2169 Recitata!
335 2116 460 2166 sunt
485 2109 605 2165 dum
644 2108 931 2164 relationes
962 2105 1176 2162 Anulini
1206 2104 1544 2177 proconsulis
1571 2102 1641 2158 ad

33 2205 458 2263 Constantinum
498 2202 876 2271 imperatorem
908 2216 922 2253 :
952 2213 1055 2254 una
1097 2213 1214 2269 qua:
1242 2198 1356 2270 jam
1395 2196 1641 2269 superius

32 2305 159 2352 erat
204 2294 428 2350 recitata
478 2291 700 2364 (Supra,
751 2307 807 2345 n.
853 2290 935 2361 8),
981 2304 1083 2361 qua
1131 2289 1363 2345 ostendit
1409 2288 1643 2359 majores

37 2388 470 2450 Donatistarum,
494 2383 547 2440 id
573 2392 675 2451 est,
715 2384 784 2440 de
816 2392 966 2455 parte
1007 2382 1271 2454 Majorini,
1299 2381 1510 2437 dedisse
1539 2379 1642 2436 sibi

37 2481 268 2537 chartas
287 2476 572 2534 criminum
590 2474 881 2542 Caeciliani,
904 2484 958 2531 et
979 2474 1276 2545 postulasse
1292 2471 1644 2529 Constantino

38 2569 342 2629 mittendas
360 2611 375 2637 ,
404 2582 572 2640 seque
604 2567 722 2623 iHas
744 2575 1038 2623 memorato
1064 2566 1369 2641 imperatori
1397 2565 1639 2620 misisse:

36 2663 222 2719 altera
264 2667 443 2716 autem
491 2673 595 2731 qua
640 2658 873 2714 ostendit
920 2674 986 2713 ex
1024 2657 1262 2727 ejusdem
1308 2655 1646 2727 imperatoris

40 2752 296 2824 jussione
321 2750 486 2806 denos
503 2762 569 2805 ex
598 2756 820 2819 utraque
843 2758 1011 2818 parte,
1039 2747 1106 2802 ad
1128 2748 1385 2819 agendam
1406 2761 1644 2814 causam,

44 2855 107 2900 ut
136 2845 441 2909 mitterent,
471 2857 564 2899 eos
598 2855 657 2897 se
683 2840 1025 2909 convenisse,
1070 2848 1229 2911 atque
1281 2840 1401 2895 illos
1445 2840 1647 2911 promi-

48 2941 195 2995 sisse
220 2937 475 2993 facturos.
505 2935 638 2991 Tum
665 2933 859 2991 deinde
902 2934 1055 2990 lectae
1094 2943 1219 2989 sunt
1258 2934 1420 2991 etiam
1458 2933 1648 2989 litterte

46 3045 218 3102 supra
248 3028 377 3084 dicti
419 3027 754 3099 imperatoris
800 3024 866 3083 ad
914 3027 1192 3097 episcopos
1237 3025 1409 3092 datm.
1441 3026 1527 3082 ubi
1570 3024 1648 3082 eis

46 3138 279 3180 causam
302 3120 567 3178 Caeciliani
596 3122 822 3192 injunxit
845 3120 1162 3176 audiendam
1191 3120 1287 3193 (a).
1316 3122 1488 3192 Atque
1526 3116 1651 3176 inde

50 3233 119 3273 ex
151 3214 346 3271 ordine
371 3214 472 3285 legi
496 3214 660 3284 cmpit
696 3214 856 3269 etiam
901 3214 1206 3284 episcopale
1233 3210 1492 3283 judicium
1520 3211 1648 3267 Mel-

51 3306 270 3364 chiadis
290 3305 512 3361 Romani
540 3305 776 3377 episcopi
798 3314 851 3361 et
872 3304 1097 3359 aliorum
1120 3320 1240 3360 cum
1264 3304 1355 3358 illo
1375 3300 1651 3360 Gallorum

55 3410 110 3457 et
131 3399 391 3455 Italorum
418 3397 810 3468 episcoporum,
856 3394 911 3450 in
940 3396 1127 3451 eadem
1172 3395 1300 3451 urbe
1339 3395 1522 3451 Romae
1569 3392 1652 3450 fa-

53 3503 232 3558 ctum,
263 3489 414 3561 cujus
438 3488 623 3560 iudicii
665 3488 836 3568 prima
861 3495 1033 3558 parte,
1066 3485 1117 3541 id
1161 3493 1263 3554 est,
1291 3486 1453 3556 gestis
1494 3486 1654 3557 primi

55 3583 174 3640 diei
222 3580 496 3645 recitatis,
541 3579 632 3635 ubi
679 3586 1017 3634 accusatores
1058 3576 1325 3632 Caeciliani
1367 3578 1457 3649 qui
1505 3577 1655 3634 missi

56 3674 300 3737 fuerant,
327 3678 655 3741 negaverunt
678 3683 737 3725 se
766 3668 965 3723 habere
994 3667 1135 3739 quod
1161 3667 1214 3722 in
1239 3681 1360 3723 cum
1380 3667 1653 3737 dicerent;

58 3763 163 3821 ubi
189 3762 353 3819 etiam
384 3761 619 3817 Donatus
646 3774 676 3817 a
701 3757 1062 3830 CasisoNigris
1103 3759 1154 3814 in
1200 3760 1449 3829 prmsenti
1476 3760 1659 3815 convi-

58 3865 188 3911 ctus
236 3861 341 3919 est,
382 3851 559 3908 adhuc
597 3851 824 3907 diacono
866 3849 1151 3905 Caeciliano
1186 3849 1421 3906 schisma
1466 3851 1659 3908 fecisse

60 3943 426 4015 Carthagine;
453 3942 521 3998 de
547 3941 881 4013 Carthaginis
899 3940 1041 3997 enim
1064 3940 1352 3997 schismate
1372 3951 1555 3999 exorta
1576 3950 1660 4000 est

60 4037 335 4095 adversus
355 4034 648 4092 Ecclesiam
669 4033 982 4090 catholicam
999 4048 1124 4105 pars
1144 4034 1363 4091 Donati:
1386 4035 1475 4091 ubi
1496 4037 1658 4092 etiam

63 4130 437 4204 promiserunt
465 4128 624 4185 iidem
651 4126 1226 4183 adversariiCaaciliani
1251 4128 1357 4183 alio
1381 4128 1467 4184 die
1490 4143 1552 4185 se
1573 4136 1661 4185 res

65 4228 493 4293 praesentaturos
518 4260 533 4285 ,
577 4232 713 4289 quos
752 4216 927 4273 causa?
955 4215 1288 4273 necessarios
1327 4217 1661 4276 subtraxisse

65 4312 464 4384 arguebantur;
490 4322 545 4368 et
568 4310 672 4367 hoc
696 4309 921 4378 mentiti,
954 4309 1177 4366 ulterius
1201 4309 1266 4365 ad
1285 4309 1542 4381 judicium
1567 4327 1661 4369 ac-

66 4404 272 4463 cedere
298 4403 584 4461 noluernnt
616 4422 629 4458 :
676 4402 778 4459 hac
818 4416 948 4474 ergo
989 4402 1177 4474 judicii
1223 4412 1374 4474 parte
1417 4406 1659 4476 recitata,

69 4515 198 4557 cum
220 4498 472 4569 cupisset
495 4497 705 4561 recitari
735 4494 861 4568 quid
896 4496 1001 4551 alio
1024 4494 1110 4552 die
1132 4505 1341 4568 gestum
1362 4499 1467 4565 sit;
1501 4499 1664 4555 inter-

70 4597 341 4663 ruperunt
390 4589 698 4655 Donatisue,
742 4597 799 4644 et
837 4597 1018 4659 petere
1057 4589 1439 4647 instantissime
1481 4606 1664 4664 coepe-

72 4692 225 4749 runt,
253 4691 311 4740 ut
341 4680 489 4753 prius
511 4696 574 4745 ea
598 4696 719 4752 qua:
757 4679 1053 4737 oderebant
1094 4681 1467 4751 recitarentur,
1513 4698 1663 4740 asse-

75 4784 263 4834 rentes
285 4790 392 4832 non
419 4780 541 4831 esse
560 4773 784 4838 ordinis,
818 4783 875 4828 ut
901 4772 1049 4844 prius
1076 4773 1340 4830 absolutio
1362 4774 1660 4846 Caeciliani,

75 4883 244 4940 quem
267 4865 505 4923 nondum
532 4872 932 4931 accusaverant,
960 4864 1253 4935 legeretur;
1285 4873 1339 4921 et
1361 4863 1430 4922 de
1455 4867 1556 4923 hoc
1576 4868 1667 4924 ali-

78 4967 286 5032 quanto
317 4958 514 5015 diutius
537 4956 924 5014 conﬂixerunt:
956 4971 1077 5012 eum
1118 4954 1379 5014 Cathoiici
1403 4958 1664 5030 dicerent,

79 5070 192 5111 non
218 5050 418 5108 debere
441 5050 754 5122 interrumpi
781 5049 922 5122 quod
950 5050 1053 5122 legi
1077 5050 1186 5122 jam
1213 5060 1469 5122 coeperat,
1497 5051 1669 5110 donec

81 5146 327 5219 ejusdem
352 5145 536 5218 judicii
569 5147 746 5205 munia
785 5154 933 5218 gesta
963 5146 1410 5214 terminarentur;
1448 5147 1526 5203 illi
1570 5164 1668 5204 an-

85 5253 195 5298 tem
222 5250 255 5296 e
282 5238 492 5295 diverso
519 5246 843 5306 assererem,
873 5252 934 5295 ea
979 5253 1098 5309 qum
1124 5234 1666 5310 interrumpﬁiantur,

86 5352 186 5392 nec
209 5333 372 5405 incipi
402 5331 651 5391 debuisse
678 5341 738 5388 ut
766 5332 1088 5405 legerentur,
1116 5333 1366 5405 quoniam
1396 5350 1502 5393 non
1527 5350 1672 5392 com-

88 5436 298 5497 peteret
337 5426 484 5497 prius
534 5424 747 5481 defendi
790 5426 1057 5481 hominem
1100 5440 1258 5497 quam
1302 5427 1559 5482 accusari.
1591 5428 1673 5485 Ad

91 5520 194 5576 hoc
218 5518 483 5575 Catholici
522 5516 935 5590 reSpondebant,
980 5532 1100 5574 cum
1128 5534 1283 5574 causa
1313 5518 1615 5576 schismatis
1642 5535 1674 5577 a

91 5613 381 5686 Cognitore
404 5623 754 5684 quaereretur,
784 5613 979 5682 petisse
1005 5621 1062 5667 ut
1088 5613 1174 5667 illa
1204 5613 1522 5685 legerentur,
1557 5630 1677 5686 quae

94 5706 271 5764 oblata
305 5704 513 5761 fuerant
539 5702 606 5763 ad
628 5703 932 5776 legendum,
954 5719 1075 5763 cum
1095 5716 1338 5778 ageretur
1365 5705 1431 5763 de
1450 5721 1676 5779 persona

160 5810 232 5876 ια)
262 5810 383 5862 vide
404 5808 525 5861 infra
541 5810 592 5862 in
614 5809 901 5875 Appendice.

896 329 1326 390 BREVICULUS
1364 327 1811 389 COLLATIONIS
1858 326 2001 388 CUM
2040 327 2462 388 DONATISTIS.

1739 443 1998 513 petitoris.
2028 440 2170 509 Duas
2197 444 2374 514 itaque
2400 441 2471 498 ob
2490 454 2577 527 res
2604 441 2693 503 illa
2719 444 2952 525 voluisse
2979 446 3227 519 recitari;
3263 461 3322 509 ut

1738 542 2018 605 appareret
2040 548 2133 590 eos
2159 534 2402 605 primitus
2430 533 2483 589 in
2506 518 2604 589 hac
2623 546 2780 595 causa
2798 518 3066 599 hominem
3082 539 3318 613 judicent

1737 625 2055 709 postulasse,
2078 623 2169 697 qui
2194 624 2459 681 faciebant
2481 624 2771 705 Catholicis
2796 629 3069 698 invidiam,
3094 635 3234 709 quod
3266 636 3322 693 in

1739 702 1841 773 hac
1868 713 2164 774 Coilatione
2202 717 2365 773 homo
2402 702 2645 790 cognitor
2676 721 2977 791 residebat;
3009 736 3062 781 et
3092 702 3147 781 ut
3184 727 3324 798 peti-

1739 808 1870 863 toris
1897 823 2124 880 persona
2145 817 2415 866 constaret
2443 827 2457 865 :
2484 818 2539 867 et
2562 813 2812 884 quoniam
2855 813 2959 886 legi
2994 825 3170 887 coepta
3208 816 3326 876 fue-

1739 911 1881 970 rant,
1905 917 2010 958 non
2037 901 2234 959 debere
2257 903 2595 975 interrumpi,
2627 904 2722 971 sed
2752 922 2918 979 usque
2947 908 3013 964 ad
3042 908 3203 966 finem
3233 928 3321 968 re-

1739 993 1953 1049 citando
1975 994 2211 1065 perduci.
2240 994 2384 1052 Inter
2420 994 2537 1051 haec
2572 996 2843 1068 Cognitor,
2870 1013 2990 1054 cum
3018 999 3121 1057 hoc
3144 1002 3320 1072 primo

1740 1083 2015 1151 voluisset,
2048 1085 2191 1157 quod
2217 1100 2246 1140 a
2275 1083 2562 1143 Catholicis
2592 1088 2889 1159 petebatur,
2917 1099 2976 1147 ut
2999 1107 3060 1147 ea
3087 1109 3206 1164 quae
3236 1110 3324 1151 re-

1742 1174 1894 1230 citari
1918 1185 2193 1248 cmperant
2217 1176 2533 1246 finirentur;
2561 1189 2743 1250 postea
2769 1190 2948 1239 tamen
2968 1184 3016 1238 ei
3039 1184 3328 1242 Donatista:

1742 1276 2102 1361 extorserunt,
2131 1277 2271 1326 utea
2297 1285 2415 1341 qua:
2449 1270 2549 1342 ipsi
2573 1269 2870 1333 offerebant
2891 1273 3070 1332 dilatis
3093 1275 3200 1333 illis
3224 1277 3329 1361 legi

1743 1358 2200 1431 permitterentur.

1812 1446 2039 1508 CAPUT
2065 1451 2203 1507 Xlll.
2232 1484 2303 1495 —
2342 1453 2433 1511 23.
2478 1453 2631 1512 Tunc
2673 1456 2965 1513 Donatistae
3005 1458 3333 1532 aliquantum

1742 1542 2019 1613 praelocuti
2050 1551 2194 1610 sunt,
2237 1543 2379 1615 quod
2407 1544 2707 1601 Mensurius
2736 1546 2825 1616 qui
2873 1544 3045 1603 fuerat
3066 1559 3191 1605 ante
3218 1547 3335 1609 Ca:-

1743 1634 1994 1690 eilianum
2024 1635 2275 1690 Ecclesiae
2301 1633 2735 1707 Carthaginensis
2756 1638 3058 1711 episcopus,
3089 1650 3332 1714 tempore

1744 1726 2131 1797 persecutionis
2159 1725 2439 1782 tradiderit
2468 1727 2897 1797 persecutoribus
2938 1740 3150 1786 sanctas
3185 1732 3332 1786 Scri-

1743 1826 1950 1889 pturas.
1985 1816 2052 1871 Et
2079 1817 2180 1873 hoc
2218 1826 2275 1872 ut
2311 1817 2617 1887 probarent,
2645 1818 3024 1891 legeruntejus
3052 1822 3333 1892 epistolam

1744 1908 1813 1964 ad
1837 1907 2141 1964 Secundum
2187 1909 2531 1981 Tigisitanum
2570 1911 2771 1977 datam,
2818 1913 2909 1983 qui
2939 1921 3063 1971 tunc
3104 1913 3336 1971 habebat

1745 2001 2031 2079 primatum
2059 2001 2431 2073 episcoporum
2467 2000 2747 2058 Numidizc.
2797 2004 2854 2060 In
2884 2021 2986 2076 qua
3011 2006 3234 2076 epistola
3258 2005 3337 2061 vi-

1746 2091 1970 2148 debatur
1998 2091 2299 2148 Mensurius
2341 2094 2488 2149 velut
2529 2094 2597 2150 de
2634 2109 2732 2152 suo
2772 2095 2999 2153 crimine
3046 2078 3333 2155 confiteri:

1747 2184 1836 2253 qui
1864 2192 2039 2239 tamen
2071 2199 2178 2239 non
2225 2185 2512 2255 scripserat
2558 2202 2618 2243 se
2662 2196 2876 2243 sanctos
2914 2186 3129 2245 codices
3176 2190 3339 2247 tradi—

1747 2275 1913 2343 disse,
1951 2276 2045 2331 sed
2092 2280 2264 2347 potius
2309 2292 2377 2334 ne
2419 2293 2450 2333 a
2494 2281 2928 2350 persecutoribus
2971 2282 3339 2340 invenirentur

1748 2367 2030 2423 abstulisse
2056 2376 2216 2439 atque
2239 2384 2513 2436 servasse;
2542 2369 2807 2427 dimisisse
2832 2381 3011 2429 autem
3037 2373 3090 2427 in
3121 2373 3341 2430 basilica

1748 2458 2023 2515 Novorum
2052 2476 2400 2531 quaecumque
2428 2461 2655 2533 reproba
2700 2463 2897 2533 scripta
2939 2462 3339 2532 haereticorum,

1749 2567 1869 2623 quae
1910 2568 2031 2607 cum
2086 2553 2413 2608 invenissent
2463 2562 2834 2629 persecutores
2879 2563 2935 2612 et
2971 2556 3339 2626 abstulissent,

1751 2643 1886 2698 nihil
1926 2643 1995 2698 ab
2037 2644 2131 2698 illo
2159 2645 2389 2714 amplius
2414 2646 2731 2716 postulasse.
2757 2645 3137 2707 Verumtamen
3176 2665 3341 2721 quos-

1752 2733 1875 2790 dam
1929 2736 2360 2807 Carthaginensis
2389 2736 2591 2792 ordinis
2629 2739 2773 2794 viros
2802 2749 2982 2811 postea
3015 2742 3345 2813 suggessisse

1756 2829 2081 2899 proconsuli,
2131 2828 2272 2899 quod
2320 2828 2459 2884 illusi
2503 2828 2712 2885 fuerant
2759 2831 2848 2901 qui
2894 2830 3044 2889 missi
3082 2840 3234 2887 erant
3274 2831 3345 2899 ad

1750 2918 2178 2977 Christianorum
2204 2921 2508 2994 Scripturas
2532 2924 2846 2981 auferendus
2871 2934 2923 2980 et
2962 2923 3344 2995 incendendas,

1754 3012 1876 3082 quia
1902 3028 2008 3068 non
2037 3012 2353 3069 invenerant
2374 3014 2477 3069 nisi
2507 3014 2690 3070 nescio
2719 3031 2839 3089 qure
2866 3014 2932 3071 ad
2967 3032 3060 3073 eos
3087 3033 3195 3073 non
3222 3032 3347 3091 per-

1754 3103 2012 3171 tinentia;
2038 3108 2179 3176 ipsas
2198 3115 2374 3161 autem
2396 3106 2448 3161 in
2471 3105 2631 3163 domo
2647 3108 2881 3180 episcopi
2904 3110 3180 3179 custodiri,
3207 3108 3349 3167 unde

1757 3196 2015 3255 deberent
2044 3199 2266 3270 proferri
2312 3209 2367 3255 et
2412 3200 2624 3256 incendi
2667 3219 2680 3255 :
2722 3204 3099 3277 proconsulem
3124 3219 3251 3263 vero
3278 3203 3347 3261 ad

1756 3290 1863 3348 hoc
1894 3293 1973 3348 eis
2009 3294 2314 3349 consentire
2340 3294 2597 3350 noluisse.
2651 3293 2707 3349 In
2744 3295 2945 3352 eisdem
2967 3298 3126 3352 etiam
3157 3296 3348 3354 litteris

1718 3440 1723 3445 ,
1758 3383 1959 3440 lectum
1985 3392 2088 3452 est,
2117 3398 2211 3440 eos
2240 3384 2329 3456 qui
2360 3400 2419 3440 se
2457 3382 2712 3449 oﬂ'errent
2754 3388 3213 3458 persecutionﬂins
3239 3404 3349 3445 non

1758 3477 2150 3549 comprehensi,
2181 3486 2234 3535 et
2263 3478 2399 3535 ultro
2430 3478 2668 3535 dicerent
2702 3495 2762 3536 se
2804 3480 3000 3541 habere
3024 3482 3344 3555 Scripturas,

1759 3587 1893 3645 quas
1922 3586 2029 3628 non
2057 3571 2346 3640 traderent,
2386 3587 2417 3627 a
2461 3574 2653 3645 quibus
2700 3572 2803 3630 hoc
2847 3590 3003 3631 nemo
3045 3570 3348 3649 qumsierat,

1760 3665 2097 3737 displicuisse
2125 3664 2418 3733 Mensnrio,
2452 3676 2507 3724 et
2526 3666 2593 3721 ab
2612 3667 2691 3724 eis
2718 3667 3039 3725 honorandis
3065 3684 3186 3724 eum
3220 3684 3350 3741 pro-

1761 3757 2000 3815 hibuisse
2026 3755 2377 3815 Christianos.
2404 3755 2629 3826 Quidam
2656 3759 2817 3816 etiam
2839 3758 2892 3815 in
2920 3760 3105 3816 eadem
3128 3758 3351 3837 cpistola

1762 3852 2049 3911 facinerosi
2095 3853 2457 3925 arguebantur
2501 3862 2557 3910 et
2600 3848 2711 3908 fisci
2741 3852 3031 3924 debitores,
3062 3853 3153 3924 qui
3193 3869 3353 3910 oeca-

1763 3946 1917 4002 sione
1944 3944 2332 4018 persecutionis
2364 3943 2449 4001 vel
2478 3959 2662 4003 carere
2688 3944 2889 4000 vellent
2916 3960 3140 4000 onerosa
3171 3944 3354 4001 multis

1764 4035 1958 4094 debitis
1981 4038 2108 4106 vita,
2136 4036 2221 4092 vel
2247 4052 2475 4108 purgare
2499 4052 2559 4093 se
2587 4045 2855 4109 putarent,
2881 4047 2935 4092 et
2963 4037 3112 4109 quasi
3139 4036 3354 4094 abluere

1765 4127 2003 4184 facinora
2029 4143 2145 4196 sua,
2176 4127 2258 4184 vel
2288 4135 2433 4183 certe
2461 4127 2737 4198 acquirere
2765 4128 3069 4199 pecuniam,
3096 4135 3151 4182 et
3178 4127 3229 4181 in
3261 4142 3354 4183 cu-

1766 4224 1938 4280 stodia
1990 4222 2195 4279 deliciis
2244 4219 2445 4295 perfrui
2490 4220 2560 4279 de
2601 4221 2859 4292 obsequio
2906 4219 3352 4277 Christianorum.

1766 4315 1981 4374 Crimen
2008 4322 2185 4372 tamen
2227 4308 2516 4371 Donatistze
2555 4328 2663 4368 non
2710 4312 3023 4385 ingerebant
3060 4312 3352 4393 Mensurio,

1769 4407 1871 4463 nisi
1896 4404 1963 4462 de
2004 4404 2274 4461 codicibus
2316 4403 2521 4459 traditis
2553 4421 2566 4459 :
2597 4405 2875 4460 mentitum
2900 4419 3022 4481 eum
3049 4404 3244 4478 quippe
3270 4405 3355 4473 di-

1768 4499 1980 4569 cebant,
2011 4496 2154 4571 quod
2196 4497 2271 4553 illi
2301 4498 2407 4553 non
2444 4496 2644 4559 fuerint
2682 4497 2897 4555 codices
2921 4498 3111 4568 sancti,
3143 4508 3197 4556 et
3233 4515 3356 4571 pec-

1768 4601 1945 4648 catum
1972 4606 2125 4646 suum
2154 4598 2332 4660 tegere
2354 4589 2615 4657 voluisse;
2642 4588 2885 4662 quamvis
2911 4600 2963 4646 et
2989 4591 3157 4665 ipsam
3188 4591 3360 4649 fictio-

1769 4699 1892 4743 nem
1930 4682 2358 4740 criminarentur.
2398 4681 2715 4739 Recitarunt
2753 4683 2913 4740 etiam
2952 4685 3212 4756 rescripta
3257 4684 3357 4741 Se-

1770 4776 1930 4833 cundi
1953 4775 2231 4848 Tigisitani
2256 4774 2323 4830 ad
2349 4773 2596 4832 eumdem
2617 4770 2941 4832 Mensurium
2965 4777 3183 4848 pacifice
3210 4777 3356 4849 data,

1771 4869 1864 4926 ubi
1905 4878 1959 4925 et
1998 4868 2111 4940 ipse
2150 4867 2403 4937 narravit,
2451 4867 2505 4923 in
2557 4867 2800 4923 Numidia
2831 4879 3201 4939 persecutores
3238 4883 3360 4941 quae

1772 4965 1978 5035 egerint
2017 4980 2032 5018 ς
2077 4970 2134 5017 et
2159 4961 2252 5033 qui
2295 4959 2668 5032 comprehensi
2712 4970 2768 5016 et
2805 4956 3105 5034 Scriptores
3147 4971 3361 5020 sanctas

1774 5054 1985 5111 tradere
2016 5052 2276 5123 nolentes,
2306 5060 2362 5107 et
2389 5051 2553 5107 multa
2585 5052 2723 5107 mala
2765 5051 2909 5124 passi
2951 5061 3006 5109 et
3032 5054 3361 5125 gravissimis

1775 5148 2047 5222 suppliciis
2071 5145 2358 5203 exerueiati
2385 5153 2439 5201 et
2466 5145 2630 5201 occisi
2659 5155 2783 5202 sunt
2824 5165 2836 5201 :
2866 5162 3067 5218 eosque
3093 5147 3363 5205 honoran-

1777 5241 1874 5300 dos
1900 5258 1997 5317 pro
2044 5241 2283 5314 martyrii
2322 5239 2406 5295 sui
2447 5241 2639 5297 merito
2679 5241 3089 5310 commendavit,
3138 5242 3360 5301 laudans

1779 5352 1873 5394 eos
1901 5352 2006 5395 non
2035 5333 2316 5390 tradidisse
2339 5332 2642 5405 Scripturas
2662 5338 2894 5401 Sanctas,
2933 5333 3076 5391 illius
3121 5333 3361 5390 mulieris

1781 5431 2046 5505 exemplo,
2082 5444 2201 5501 qua:
2242 5427 2377 5482 duos
2405 5426 2771 5498 exploratores
2809 5427 2861 5483 in
2889 5426 3124 5494 Iericho,
3155 5426 3209 5481 in
3239 5423 3361 5496 qui-

1779 5522 1880 5580 bus
1911 5522 2265 5593 ﬁgnrarentur
2293 5518 2400 5576 duo
2429 5518 2764 5576 Testamenta
2787 5561 2801 5586 ,
2839 5519 2996 5576 Vetus
3030 5527 3083 5573 ct
3128 5515 3362 5581 Novum.

1784 5614 1994 5671 tradere
2017 5611 2443 5684 persecutoribus
2467 5612 2636 5667 noluit
2656 5609 2838 5684 (Iosue
2855 5609 2940 5683 η).
2966 5608 3116 5676 Quod
3148 5607 3366 5680 quidem

1784 5708 2091 5780 exemplum
2119 5707 2163 5761 si
2193 5704 2292 5761 sub
2320 5704 2421 5760 hac
2451 5704 2614 5777 figura
2639 5714 2721 5760 cst
2754 5701 3177 5774 intelligendum,
3216 5701 3368 5759 Men-

1787 5803 1985 5861 surium
2025 5800 2197 5873 ponus
2238 5797 2537 5870 adjuvabat.
2583 5796 2644 5853 ln
2684 5795 2795 5853 suis
2824 5794 2964 5852 enim
2996 5793 3188 5853 litteris
3216 5793 3368 5857 Men-
