3784 6158
480 284 586 342 639

477 396 657 454 surius
702 387 1124 468 reprehendebat
1168 408 1261 451 eos
1307 388 1398 467 qui
1449 395 1750 468 Scripturas
1799 406 2012 454 sanctas
2040 439 2056 468 ,

477 487 719 562 quamvis
743 503 835 546 eas
859 503 966 544 non
989 486 1262 544 traderent
1298 503 1358 545 se
1396 496 1572 546 tamen
1606 489 1803 546 habere
1827 490 2060 547 fateren-

478 594 597 650 tur;
627 582 770 656 quod
809 582 1000 640 mulier
1028 581 1119 638 illa
1151 597 1260 638 non
1287 579 1433 638 fecit.
1459 580 1643 653 Neque
1672 582 1818 638 enim
1851 595 1945 637 eos
1970 595 2064 636 ex-

473 677 771 749 ploratores
796 677 888 749 qui
910 676 1304 749 quaarebantur,
1323 675 1462 747 apud
1481 691 1541 732 se
1557 690 1676 732 esse
1695 675 1938 731 confessa
1954 681 2058 741 est,

471 769 568 825 sed
591 769 819 841 negavit.
857 769 1082 840 Scripsit
1109 769 1269 826 etiam
1295 768 1593 838 Secundus,
1624 777 1677 825 et
1699 768 1766 824 ad
1803 783 1862 824 se
1887 769 2061 839 ipsum

471 861 667 918 missos
694 877 726 918 a
750 871 1000 918 curatore
1019 877 1074 918 et
1095 862 1286 918 ordine
1310 862 1677 918 centurionem
1703 872 1757 918 et
1778 861 2062 918 beneficia-

469 953 632 1021 rium,
662 955 751 1025 qui
783 962 1028 1026 peterent
1055 952 1266 1009 divinos
1291 952 1503 1010 codices
1524 951 1848 1019 exurendos,
1874 954 2061 1024 eisque

468 1045 830 1116 respondisse,
860 1045 1176 1100 Christianus
1203 1062 1314 1100 sum
1356 1054 1402 1100 et
1445 1046 1731 1117 episcopus,
1772 1061 1874 1100 non
1901 1045 2062 1100 tradi-

471 1146 568 1191 tar.
601 1138 668 1192 Et
695 1151 815 1193 cum
845 1137 912 1192 ab
933 1152 1000 1193 eo
1019 1137 1214 1193 vellent
1233 1135 1408 1209 aliqua
1434 1137 1621 1194 ecbola
1651 1136 1748 1209 (a),
1780 1145 1872 1193 aut
1891 1135 2060 1208 quod-

467 1244 694 1300 cumque
731 1230 1010 1300 accipere;
1055 1245 1231 1302 neque
1282 1230 1385 1287 hoc
1428 1231 1507 1287 eis
1547 1230 1780 1300 dedisse,
1813 1229 2058 1301 exemplo

467 1320 707 1377 Eleazari
746 1319 1058 1390 Machabazi,
1113 1322 1205 1392 qui
1252 1336 1352 1377 nec
1400 1321 1598 1393 fingere
1645 1322 1816 1378 voluit
1843 1322 2056 1378 suillam

467 1427 683 1468 carnem
712 1428 772 1469 se
800 1413 1146 1481 manducare,
1193 1427 1263 1469 ne
1303 1412 1422 1468 aliis
1450 1413 1714 1484 praeberet
1739 1413 2058 1485 praevarica-

468 1503 630 1558 tionis
674 1503 1060 1576 exemplum(ll
1103 1504 1340 1559 Machab.
1384 1509 1456 1572 vi,
1499 1504 1710 1576 21-28).
1743 1505 1837 1560 lla:
1863 1504 2057 1560 littera:

466 1593 719 1650 Mensurii
749 1605 805 1651 et
834 1595 1064 1652 Secundi
1113 1595 1288 1652 donec
1330 1595 1557 1666 legendo
1606 1596 2052 1662 terminarentur,

465 1684 723 1743 Catholici
747 1689 1007 1758 patienter
1031 1689 1346 1754 audierunt;
1379 1688 1621 1759 quamvis
1655 1688 1830 1743 testati
1857 1687 2056 1743 fuerint

462 1794 556 1834 eas
581 1795 699 1836 esse
739 1779 1041 1848 familiares,
1095 1796 1194 1837 nec
1232 1779 1298 1836 ad
1344 1794 1560 1836 causam
1587 1778 1845 1835 Ecclesiae
1885 1779 2053 1849 perti-

462 1885 611 1927 nere.

535 1964 762 2022 CAPUT
788 1966 928 2022 XIV.
947 1997 1018 2007 —
1036 1966 1127 2022 26.
1157 1965 1408 2038 Cognitor
1427 1980 1554 2037 ergo
1575 1979 1923 2022 commonens
1941 1965 2051 2022 Do-

461 2056 717 2122 natistas,
747 2065 806 2113 ut
835 2059 1103 2129 patientia:
1129 2058 1299 2113 vicem
1327 2056 1642 2123 redderent,
1670 2057 1827 2127 jussit
1851 2056 2052 2128 perlegi

460 2163 581 2219 quas
611 2149 786 2205 oblata
817 2165 846 2204 a
876 2149 1288 2221 Catholicisjam
1315 2166 1380 2206 ex
1407 2159 1557 2221 parte
1578 2149 1786 2206 fuerant
1807 2151 2048 2206 recitata.

460 2240 561 2298 llic
591 2242 884 2298 Donatista:
916 2251 1302 2314 poposcerunt,
1337 2253 1395 2298 ut
1422 2244 1568 2314 prius
1595 2245 1754 2299 etiam
1782 2245 2052 2315 legeretur

460 2331 604 2402 quod
634 2332 701 2388 de
729 2346 889 2388 causa
918 2333 1182 2388 Caeciliani
1212 2333 1528 2389 offerebant.
1562 2333 1674 2389 lloc
1701 2348 1912 2405 quoque
1933 2334 2051 2391 sine

460 2422 568 2477 uita
589 2421 899 2478 difficultate
920 2421 1207 2478 Catholicis
1229 2422 1677 2494 permittentibus,
1705 2433 1759 2480 et
1778 2439 2051 2480 commen-

459 2514 710 2572 dantibus
739 2531 896 2586 quam
926 2515 1189 2586 patienter
1214 2516 1315 2571 hoc
1343 2518 1737 2586 permitterent,
1766 2526 1823 2573 ut
1850 2518 1950 2575 hoc
1970 2519 2050 2576 eis

459 2613 516 2661 et
545 2605 620 2661 illi
651 2605 1044 2677 rependerent;
1082 2605 1243 2676 jussit
1271 2606 1412 2676 quod
1443 2606 1765 2663 offerebatur
1791 2607 2048 2680 Cognitor

456 2698 692 2755 recitari.
739 2697 1108 2754 Etreeitatum
1139 2707 1221 2753 est
1257 2713 1288 2753 a
1320 2699 1607 2755 Donatistis
1632 2700 1914 2755 concilium
1942 2700 2050 2757 fer-

455 2804 546 2845 me
572 2788 903 2860 septuaginta
928 2788 1300 2860 episcoporum
1327 2799 1513 2844 contra
1539 2789 1880 2846 Caecilianum
1907 2790 2049 2861 apud

457 2877 832 2950 Carthaginem
853 2877 1071 2944 factum,
1096 2878 1183 2933 ubi
1205 2894 1326 2933 eum
1345 2879 1617 2935 absentem
1635 2879 2045 2950 damnaverunt,

457 2970 601 3040 quod
628 2971 695 3026 ad
725 2986 817 3026 eos
845 2971 1026 3026 venire
1055 2970 1319 3037 noluerit;
1355 2981 1605 3042 tanquam
1643 2988 1674 3028 a
1703 2973 2048 3032 traditoribus

457 3062 755 3131 ordinatus,
785 3073 838 3119 et
863 3063 987 3134 quia
1015 3077 1136 3118 cum
1159 3073 1304 3119 esset
1325 3063 1613 3131 diaconus,
1643 3065 1839 3121 victum
1867 3067 2048 3125 all‘erri

455 3158 780 3230 martyribus
804 3157 857 3212 in
885 3157 1125 3214 custodia
1149 3158 1449 3214 constitutis
1474 3158 1813 3228 prohibuisse
1835 3161 2049 3218 diceba-

460 3257 567 3305 tur.
592 3248 858 3305 Nominati
880 3257 1005 3305 sunt
1024 3250 1185 3306 etiam
1207 3249 1419 3321 quidam
1441 3251 1660 3323 collega:
1679 3251 1950 3309 Caiciliani
1972 3254 2044 3327 (ὁ,

455 3341 548 3413 qui
576 3340 860 3398 traditores
881 3341 1258 3398 asserebantur
1279 3342 1504 3412 publicis
1522 3343 1706 3414 gestis,
1731 3360 1850 3414 quae
1871 3354 2046 3401 tamen

454 3444 605 3508 gesta
645 3450 750 3492 non
781 3435 1110 3507 legebantur.
1143 3433 1285 3490 Inter
1309 3434 1409 3491 hos
1434 3444 1610 3490 autem
1637 3437 1866 3493 maxime
1891 3437 2047 3494 Felix

455 3527 821 3600 Abtugnensis
843 3527 1094 3585 acerbius
1121 3537 1400 3584 accusatus
1427 3536 1529 3594 est,
1560 3528 1630 3582 ita
1659 3538 1716 3584 ut
1739 3533 1856 3601 fons
1880 3530 2046 3586 malo-

455 3639 572 3678 rum
612 3623 838 3678 omnium
876 3621 1160 3678 diceretur.
1204 3620 1408 3677 Deinde
1440 3621 1718 3676 sententia:
1755 3637 1787 3676 a
1823 3623 2048 3694 singulis

455 3715 612 3770 dictae
632 3723 776 3780 sunt,
800 3713 1047 3784 primitus
1074 3727 1104 3766 a
1132 3711 1377 3768 Secundo
1402 3711 1715 3783 Tigisitano,
1743 3712 1834 3783 qui
1860 3729 2046 3770 eorum

455 3805 710 3876 princeps
736 3804 832 3858 fuit
853 3819 868 3870 ;
899 3802 1095 3858 deinde
1121 3818 1152 3856 a
1177 3803 1386 3858 caeteris
1414 3819 1427 3855 :
1451 3800 1642 3872 quibus
1667 3812 2048 3872 expresserunt

457 3913 518 3954 se
555 3896 839 3952 Caeciliano
877 3903 931 3950 et
955 3895 1176 3966 collegis
1205 3895 1321 3964 ejus
1350 3908 1456 3948 non
1485 3894 1900 3949 communicare.
1934 3894 2048 3952 Hoc

455 3987 637 4058 itaque
666 3986 893 4043 concilio
925 3984 1150 4041 recitato
1185 3983 1444 4040 Catholici
1479 3983 1890 4054 responderunt,
1927 3987 2046 4043 illas

453 4079 661 4135 litteras
699 4077 952 4133 Mensurii
977 4085 1032 4132 et
1059 4075 1290 4133 Secundi
1320 4075 1387 4130 ad
1424 4075 1650 4131 invicem
1684 4075 1836 4131 datas
1860 4118 1876 4143 ,
1915 4078 2046 4134 satis

455 4171 856 4228 demonstrasse
883 4179 1098 4241 pacatos
1126 4185 1141 4236 ;
1173 4167 1310 4224 nihil
1335 4176 1520 4238 postea
1545 4167 1784 4224 criminis
1811 4169 1877 4225 de
1905 4169 2046 4228 facto

453 4262 711 4320 Mensurii
737 4261 825 4318 vel
851 4270 1156 4317 accusatum
1179 4258 1264 4315 vel
1289 4258 1583 4330 judicatum
1611 4278 1624 4312 :
1647 4260 1930 4316 concilium
1955 4277 2047 4318 ve-

453 4371 521 4413 ro
545 4354 687 4427 quod
714 4361 899 4410 contra
923 4351 1264 4408 Czecilianum
1289 4349 1485 4406 factum
1512 4349 1770 4420 legerant,
1801 4366 1905 4406 non
1930 4352 2048 4422 qui-

455 4450 580 4507 dem
619 4448 818 4504 habere
853 4445 1126 4503 consulem
1165 4453 1221 4501 et
1254 4443 1396 4500 diem
1418 4485 1434 4511 ,
1476 4442 1570 4498 sed
1601 4442 1728 4498 hinc
1753 4458 1812 4499 se
1840 4443 2045 4500 nullum

455 4542 662 4597 crimen
686 4538 924 4610 objicere
944 4578 959 4604 ,
991 4535 1132 4610 quod
1160 4534 1330 4606 magis
1357 4534 1693 4608 negligentiae
1715 4549 1874 4606 quam
1899 4535 2046 4593 frau-

455 4631 540 4688 dis
567 4646 687 4688 esse
713 4629 966 4701 potuerit.

526 4724 752 4782 CAPUT
781 4721 898 4778 XV.
921 4721 1098 4776 —27.
1133 4721 1239 4777 Sed
1267 4721 1574 4777 obtulerunt
1597 4721 1757 4778 iidem
1782 4721 2046 4781 Catholici

453 4816 598 4872 aliud
635 4815 920 4872 concilium
949 4813 1049 4869 sub
1075 4811 1262 4869 eodem
1292 4811 1585 4884 Tigisitano
1616 4812 1852 4868 habitum
1882 4815 1933 4868 in
1964 4814 2045 4870 ci-

453 4912 620 4963 vitate
642 4906 870 4963 Cirtensi
897 4906 991 4979 (ο),
1020 4904 1170 4975 cujus
1189 4904 1376 4960 consul
1399 4913 1454 4960 et
1473 4905 1589 4961 dies
1613 4919 1734 4960 cum
1757 4905 2043 4978 legeretur,

453 4999 750 5055 Donatista:
774 4999 1041 5066 dixerunt,
1070 5012 1170 5053 nec
1198 4997 1494 5065 consulem,
1525 5012 1623 5053 nec
1646 4997 1787 5052 diem
1811 4998 1931 5052 talia
1958 5014 2048 5054 so-

454 5092 572 5149 lere
599 5092 797 5149 habere
821 5092 1054 5150 decreta.
1082 5090 1180 5148 llic
1205 5091 1462 5147 Catholici
1488 5089 1899 5162 responderunt,
1928 5091 2047 5148 illo-

517 5229 591 5292 (α)
623 5228 792 5279 Ecbola
808 5229 885 5279 hic
904 5228 1128 5279 dicuntur
1145 5229 1483 5292 ejectamenta,
1501 5238 1593 5292 seu
1614 5237 1699 5292 res
1712 5237 1914 5292 quarum
1937 5225 2048 5292 nul-

453 5287 537 5344 lus
560 5287 636 5343 est
658 5306 791 5343 usus.
817 5300 916 5342 Huc
937 5293 1154 5355 pertinet
1174 5287 1290 5355 illud
1307 5287 1553 5355 silvaniuin
1565 5289 1694 5355 fictis
1707 5287 1853 5355 supra
1869 5289 2046 5349 citatis,

452 5355 539 5405 lib.
564 5355 598 5404 3
618 5362 783 5406 contra
804 5349 1127 5414 (:resc'onium,
1151 5365 1201 5400 n.
1223 5352 1315 5401 ὅδε
1349 5369 1371 5397 ι
1388 5349 1506 5400 nihil
1529 5349 1608 5400 hic
1627 5349 1876 5411 remansit,
1897 5356 2049 5401 totum

462 5437 485 5465 ι
509 5418 600 5469 hoc
617 5419 865 5480 ejecimus.
888 5433 910 5480 ξ

517 5480 589 5542 (b)
623 5474 750 5530 tuter
772 5477 1006 5529 czeciliani
1049 5474 1266 5542 collegas
1291 5476 1354 5526 ibi
1378 5475 1652 5542 traditionis
1695 5477 1888 5542 nomine
1918 5487 2049 5525 com-

451 5537 774 5603 memoratos,
796 5543 997 5603 fuerunt
1025 5537 1252 5589 Novellus
1277 5539 1554 5603 flyzicensis
1591 5545 1644 5603 et
1679 5539 1927 5603 Faustinus
1961 5545 2050 5587 Tu-

454 5600 768 5665 burbitanus,
807 5615 870 5652 ex
907 5600 1032 5650 libro
1067 5607 1175 5664 post
1212 5600 1525 5651 Collationem
1567 5601 1628 5651 ad
1670 5601 1969 5663 Donatistas,
1997 5613 2047 5651 n.

452 5663 742 5846 :San‘ide
765 5725 850 5776 lib.
883 5725 916 5778 3
949 5731 1113 5780 contra
1152 5726 1474 5788 Cresconium,
1512 5740 1564 5778 n.
1604 5726 1683 5789 50,
1726 5733 1777 5778 et
1811 5731 2051 5792 Optatum,

3452 198 3462 206 ἰ
3479 196 3568 218 ιη...-

1724 284 1781 340 S.
1823 283 2048 343 AUCUS

2229 281 2532 341 EPIStIUPI
2854 323 2859 327 .
3381 274 3400 308 ί
3690 297 3779 356 sn.

2173 413 2290 454 rum
2317 413 2436 455 esse
2468 400 2622 455 istum
2648 399 2868 457 forsitan
2896 390 3129 472 morem,
3149 401 3238 478 qui
3263 405 3499 467 concilia
3527 426 3642 471 sua
3674 416 3770 472 nol-

2172 488 2282 545 lent
2309 491 2361 546 in
2391 493 2564 565 aliqua
2590 493 2820 554 falsitate
2844 500 3122 568 convinci;
3151 501 3560 563 Catholicorum
3595 518 3766 565 auten

2170 583 2391 639 concilia
2437 587 2684 643 consules
2709 597 2763 644 et
2811 589 2926 646 dies
2971 607 3184 665 semper
3228 594 3508 656 habuisse.
3567 601 3764 660 Deinde

2169 676 2330 747 erepit
2355 677 2641 736 identidem
2664 683 2972 752 concilium,
2997 686 3136 757 quod
3157 685 3417 746 Catholici
3438 693 3763 763 attulerant,

2168 769 2400 839 recitari,
2427 771 2515 828 ubi
2539 773 2817 832 Secundus
2840 779 3098 848 quosdam
3120 781 3190 838 de
3213 798 3442 856 quorum
3473 787 3764 848 traditione

2167 860 2426 931 audierat,
2459 872 2513 920 et
2540 866 2847 937 singillatim
2875 871 3253 944 interrogabat,
3282 884 3335 932 et
3357 891 3458 932 eos
3480 877 3768 937 confessos

2166 967 2199 1008 a
2227 968 2481 1012 consessu
2508 959 2836 1016 removebat.
2867 962 3020 1032 Quod
3046 979 3113 1021 eo
3140 966 3302 1024 modo
3325 970 3693 1040 recitabatur,
3721 987 3769 1032 ut

2165 1059 2286 1100 cum
2313 1062 2376 1103 ex
2403 1047 2633 1106 Cirtensi
2658 1054 2884 1110 concilio
2910 1055 3046 1112 lecta
3071 1067 3217 1115 esset
3239 1060 3515 1118 confessio
3542 1068 3769 1122 tradito-

2165 1152 2283 1192 rum
2309 1181 2324 1206 ,
2356 1139 2624 1212 legeretur
2659 1145 2819 1200 etiam
2857 1146 2925 1201 de
2951 1150 3179 1206 concilio
3210 1151 3638 1226 Carthaginensi
3675 1176 3765 1215 no-

2163 1245 2288 1286 men
2317 1233 2432 1303 ejus
2459 1235 2604 1290 velut
2632 1237 2904 1294 traditoris
2929 1239 2982 1294 in
3006 1239 3277 1298 Caeciliani
3301 1259 3464 1302 causa
3494 1247 3762 1306 damnati.

2164 1322 2364 1379 Deinde
2417 1335 2635 1383 ventum
2683 1339 2766 1385 est
2810 1329 2876 1386 ad
2919 1331 3088 1402 ipsius
3131 1333 3360 1392 Secundi
3403 1338 3706 1411 Tigisitani
3740 1361 3766 1400 ε

2163 1411 2427 1506 Purpurio
2460 1417 2754 1477 Limatensi
2782 1423 2984 1479 crimen
3020 1425 3325 1497 objectum;
3367 1432 3452 1486 cui
3487 1432 3764 1506 Purpurio

2162 1503 2305 1561 idem
2347 1506 2622 1566 Secundus
2651 1513 2856 1569 occisos
2891 1515 2960 1569 ab
2993 1531 3060 1572 eo
3099 1516 3153 1573 in
3191 1534 3409 1578 carcere
3436 1503 3764 1584 Nilei—tilias

2161 1598 2362 1653 sororis
2403 1600 2518 1671 ejus
2555 1603 2825 1673 objecerat
2867 1623 2880 1659 :
2923 1606 3011 1662 ubi
3050 1608 3140 1664 ille
3178 1610 3410 1669 vicissim
3448 1615 3507 1671 ei
3548 1618 3759 1677 crimen

2160 1689 2460 1746 traditionis
2486 1693 2703 1764 objecit,
2737 1695 2922 1752 dicens
2949 1697 3226 1756 detentum
3252 1719 3373 1759 eum
3402 1704 3585 1764 fuisse
3612 1725 3650 1766 a
3677 1728 3763 1768 cu-

2159 1787 2338 1837 ratore
2359 1791 2414 1837 et
2437 1783 2626 1840 ordine
2647 1794 2703 1840 ut
2722 1786 3024 1857 Scripturas
3043 1790 3216 1860 daret,
3239 1809 3338 1850 nec
3359 1810 3486 1852 eum
3516 1801 3761 1870 potuisse

2158 1872 2351 1929 dimitti
2394 1876 2498 1930 nisi
2541 1876 2741 1948 aliquid
2785 1879 3106 1936 tradidisset.
3153 1882 3266 1950 Hoc
3302 1896 3486 1943 autem
3531 1892 3688 1962 quod
3721 1895 3764 1949 ei

2157 1963 2356 2034 objecit
2381 1965 2694 2037 Purpurius,
2727 1969 2997 2026 detentum
3024 1987 3146 2029 eum
3177 1975 3340 2034 fuisse
3364 1994 3395 2034 a
3421 1994 3693 2040 miratore
3718 1998 3766 2042 et

2158 2057 2347 2113 ordine
2378 2068 2435 2113 ut
2462 2058 2766 2130 Scripturas
2795 2062 2964 2132 daret,
2994 2064 3134 2120 idem
3164 2067 3442 2128 Secundus
3477 2073 3539 2130 in
3568 2076 3762 2134 litteris

2157 2163 2290 2220 quas
2320 2149 2588 2208 Mensurio
2616 2155 3001 2226 rescripserat,
3035 2173 3169 2228 pene
3197 2161 3478 2222 confessus
3511 2179 3603 2224 est
3627 2213 3643 2235 ,
3679 2171 3761 2227 ubi

2157 2245 2232 2300 ait
2256 2245 2478 2301 missum
2504 2246 2572 2302 ad
2595 2261 2654 2303 se
2681 2248 2844 2304 fuisse
2866 2263 2896 2303 a
2918 2260 3166 2309 curatore
3188 2262 3242 2308 et
3264 2255 3456 2314 ordine
3482 2265 3762 2318 centurio-

2156 2352 2280 2393 nem
2311 2347 2365 2394 et
2390 2338 2786 2395 beneficiarium
2809 2382 2824 2406 ,
2852 2351 2907 2397 et
2933 2357 2964 2397 a
2993 2359 3052 2400 se
3078 2343 3380 2417 Scripturas
3403 2353 3616 2421 petitas
3634 2398 3652 2423 ,
3682 2358 3759 2412 vel

2155 2431 2406 2502 quaslibet
2430 2432 2615 2488 ecbola
2635 2448 2649 2499 ;
2673 2449 2792 2504 qua:
2814 2435 3028 2505 quidem
3053 2451 3111 2492 se
3133 2453 3240 2494 non
3264 2440 3560 2500 Uadidisse
3585 2446 3756 2504 dixit:

2155 2523 2250 2578 sed
2278 2537 2399 2579 cum
2430 2523 2543 2594 ipse
2571 2524 2677 2580 illic
2705 2528 3204 2584 commemoraverit
3229 2538 3308 2585 tot
3333 2545 3642 2607 martyres,
3671 2543 3755 2610 qui

2153 2630 2275 2671 cum
2319 2614 2531 2671 tradere
2569 2617 2904 2684 noluissent,
2951 2623 3240 2678 excruciati
3274 2632 3330 2679 et
3368 2627 3546 2684 occisi
3591 2642 3756 2700 sunt;

2153 2707 2423 2778 quomodo
2449 2706 2564 2777 ipse
2590 2707 2836 2764 detentus
2860 2718 2914 2765 et
2941 2711 3216 2768 convictus
3241 2723 3296 2770 et
3322 2717 3524 2776 nolens
3553 2721 3752 2795 aliquid

2154 2798 2367 2854 tradere
2389 2841 2405 2866 ,
2435 2797 2567 2853 nihil
2595 2801 2700 2870 pati
2727 2809 2783 2856 et
2812 2802 3003 2857 dimitti
3033 2807 3304 2874 potuerit,
3345 2825 3447 2867 nec
3475 2812 3754 2873 Mensurio

2153 2892 2388 2963 scripsit,
2417 2908 2516 2948 nec
2545 2893 2807 2965 Purpurio
2834 2898 3129 2967 respondit.
3158 2899 3274 2956 Non
3304 2904 3446 2960 enim
3477 2913 3754 2968 centurio-

2153 2985 2208 3040 ni
2235 2995 2290 3040 et
2316 2985 2658 3042 beneficiario
2681 2987 2816 3042 dixit
2845 3003 2903 3044 se
2931 2988 3234 3061 Scripturas
3259 3009 3365 3050 non
3393 2996 3637 3068 habere,
3665 3004 3752 3059 sed

2153 3080 2431 3150 respondit
2469 3095 2528 3136 se
2562 3081 2780 3136 omnino
2820 3095 2926 3136 non
2957 3082 3186 3140 tradere.
3218 3084 3370 3153 Quod
3399 3088 3476 3144 illi
3508 3094 3753 3151 auditum

2153 3171 2423 3243 quomodo
2463 3171 2555 3227 illo
2595 3172 2816 3228 dimisso
2852 3176 3155 3233 renuntiare
3191 3181 3462 3249 potuerint
3498 3186 3633 3243 sine
3665 3204 3755 3244 suo

2153 3263 2318 3318 exitio
2341 3304 2355 3328 ,
2385 3278 2488 3318 non
2519 3272 2776 3334 apparet;
2819 3268 3114 3334 praesertim
3141 3269 3264 3339 quia
3294 3269 3435 3327 idem
3464 3274 3754 3336 Secundus

2153 3369 2262 3409 non
2291 3353 2556 3425 quoslibet
2583 3355 2811 3422 intimos,
2841 3356 2934 3412 sed
2963 3357 3120 3412 etiam
3151 3363 3601 3437 patresfamilias,
3633 3387 3752 3427 cum

2155 3444 2258 3501 hoc
2287 3447 2427 3502 idem
2451 3447 2879 3518 persecutoribus
2907 3450 3328 3520 respondissent,
3353 3457 3752 3519 crudelissimis

2153 3540 2415 3595 mortibus
2443 3539 2574 3595 dixit
2603 3541 2832 3597 occisos.
2876 3541 2982 3598 Sed
3011 3542 3079 3599 de
3118 3544 3220 3601 hac
3246 3562 3304 3602 re
3333 3546 3607 3610 Catholici
3639 3557 3749 3612 nul-

2151 3633 2262 3691 lum
2303 3631 2549 3689 Secundo
2591 3633 2793 3689 crimen
2837 3633 3150 3704 objecerunt
3188 3654 3200 3691 :
3234 3639 3328 3694 sed
3368 3648 3750 3703 tantummodo

2154 3726 2295 3799 quod
2321 3727 2368 3782 ei
2395 3726 2687 3796 Purpurius
2713 3727 2926 3798 objecit,
2953 3737 3007 3784 et
3027 3739 3243 3800 propter
3267 3733 3408 3803 quod
3433 3752 3657 3807 pacem,
3688 3757 3748 3799 ne

2152 3820 2384 3876 schisma
2413 3819 2583 3886 fieret,
2617 3820 2792 3874 omnia
2823 3821 2910 3875 illa
2939 3821 3048 3877 Deo
3074 3822 3378 3890 dimittens,
3413 3844 3543 3884 cum
3578 3834 3747 3889 tradi.

2154 3911 2355 3968 toribus
2398 3909 2525 3966 fecit
2549 3951 2564 3977 ,
2595 3911 2806 3966 recitari
2833 3912 3154 3981 voluerunt,
3187 3925 3245 3970 ut
3280 3919 3468 3988 quales
3498 3921 3748 3983 homines

2151 4006 2204 4061 in
2236 4005 2512 4060 absentem
2543 4003 2879 4060 Cecilianum
2905 4007 3196 4064 sententias
3225 4008 3479 4080 dixerint,
3517 4031 3748 4089 appaw

2149 4107 2252 4154 κει.

2221 4189 2448 4246 CAPUT
2478 4189 2618 4246 XVI.
2641 4189 2814 4246 -28.
2849 4190 2962 4248 Hoc
2989 4203 3163 4250 autem
3190 4198 3434 4268 recitato,
3468 4203 3746 4274 petierunt

2152 4281 2449 4351 Catholici,
2482 4291 2542 4339 ut
2568 4284 2727 4338 etiam
2760 4283 2846 4338 illa
2875 4299 2992 4356 qua:
3021 4286 3179 4343 dilata
3208 4288 3459 4362 fuerant,
3493 4295 3746 4368 legeren-

2151 4382 2258 4442 tur,
2291 4373 2358 4429 de
2385 4374 2611 4429 concilio
2646 4373 3074 4446 Carthaginensi,
3108 4378 3161 4435 in
3201 4397 3310 4452 quo
3339 4384 3536 4442 lectum
3568 4388 3745 4448 fuerat

2150 4469 2427 4524 absentem
2455 4465 2796 4522 Caecilianum
2823 4483 2853 4521 a
2883 4468 3066 4524 multis
3092 4473 3356 4545 episcopis
3382 4475 3555 4535 fuisse
3583 4480 3743 4539 dam-

2150 4567 2356 4616 natum.
2388 4558 2502 4614 Hoc
2530 4557 2657 4614 illud
2684 4559 2966 4616 concilium
2993 4601 3008 4626 ,
3044 4563 3168 4633 quia
3195 4563 3450 4624 Catholici
3478 4571 3744 4630 recitave-

2149 4661 2271 4709 rant
2290 4651 2576 4708 relationes
2596 4651 2808 4707 Anulini
2832 4654 3163 4723 proconsulis
3182 4657 3219 4722 ¹,
3244 4659 3436 4729 quibus
3453 4676 3741 4735 apparere:

2151 4743 2362 4800 chartas
2387 4743 2666 4799 criminum
2679 4743 2941 4800 Caeciliani
2959 4745 3308 4804 Constantino
3332 4751 3648 4822 imperatori
3673 4774 3741 4814 es-

2150 4852 2211 4893 se
2241 4836 2578 4892 transmissas
2610 4855 2622 4890 :
2651 4836 2791 4907 quod
2819 4837 3001 4906 utique
3038 4847 3257 4908 agentes
3285 4843 3739 4905 conﬁrmaverunt

2151 4943 2183 4984 a
2210 4927 2498 4998 majoribus
2533 4929 2645 4982 suis
2675 4926 3016 4984 Caecilianum
3049 4931 3191 5002 apud
3226 4931 3610 5004 Imperatorem
3654 4958 3741 4998 ac-

2152 5029 2415 5077 cusatum.
2455 5020 2789 5092 Responsum
2831 5029 2914 5077 est
2953 5031 3132 5079 autem
3170 5039 3202 5078 a
3240 5023 3564 5096 Catholicis,
3607 5031 3738 5088 illud

2152 5115 2571 5186 Carthaginense
2598 5113 2882 5170 concilium
2912 5115 2990 5170 sic
3018 5130 3124 5171 non
3156 5117 3503 5188 przejudicare
3531 5122 3742 5182 absenti

2153 5207 2455 5276 Caeciliano,
2496 5205 2941 5278 quemadmodum
2986 5223 3090 5263 non
3132 5208 3496 5280 przejudicavit
3534 5215 3738 5273 absenti

2218 5346 2236 5377 ί
2269 5350 2417 5407 locus
2436 5342 2729 5407 depravatus
2764 5355 2819 5393 ac
2841 5343 3071 5407 mutilus,
3113 5357 3180 5396 ex
3224 5344 3437 5397 lndiculo
3469 5347 3739 5403 Collatiam:

2152 5420 2292 5519 capp.
2316 5406 2409 5456 369
2433 5411 2484 5455 et
2499 5405 2590 5456 370
2612 5407 2683 5454 sic
2705 5405 2810 5455 fere
2833 5405 3270 5478 redintegrandus:
3296 5415 3349 5458 ut
3368 5409 3515 5460 etiam
3535 5411 3625 5463 illa
3641 5427 3738 5483 quq

2157 5469 2208 5519 dt
2229 5475 2311 5519 ata
2334 5471 2522 5519 merant
2544 5467 2832 5519 teaerentnr.
2856 5469 2972 5519 mdc
2991 5476 3256 5519 maerentes
3288 5483 3426 5519 nosse
3465 5481 3736 5519 Mum.

2157 5467 2311 5520 dildta
2334 5467 2832 5540 merantotegerenttti',
2856 5468 2972 5540 inde
2991 5467 3256 5540 asserentes
3280 5483 3426 5541 posse
3465 5467 3737 5533 mm

2156 5531 2274 5604 (Md
2295 5531 2633 5604 demotum
2653 5535 2850 5604 gestum.
2873 5537 2956 5604 sit,
2975 5531 3146 5604 quije
3169 5534 3470 5604 ρεπιεεῃμωη
3502 5536 3568 5587 de

2158 5591 2622 5665 lioparfhagiitensi,
2648 5591 2700 5643 ἱη
2716 5605 2810 5665 quo
2834 5591 3010 5665 tectum
3021 5595 3181 5658 fuerat
3195 5594 3507 5665 (“glutinantia
3531 5612 3564 5665 gr
3589 5599 3735 5651 milia

2157 5657 2402 5730 episcopis
2413 5657 2559 5719 fuisse
2573 5657 2872 5730 damnatum.
2897 5657 3358 5730 Contranponatistq
3364 5657 3646 5730 put/totiens
3667 5675 3737 5713 ιι.

2158 5717 2332 5793 glebam;
2353 5717 2600 5793 mserum
2635 5731 2756 5793 esse.
2774 5719 3037 5793 [uterentur
3059 5717 3181 5793 illud
3203 5718 3460 5793 concilium
3483 5733 3502 5773 :
3527 5723 3648 5788 quia
3665 5735 3725 5783 co

2161 5779 2327 5839 ihotici
2346 5780 2658 5835 recitaverunt
2682 5779 2938 5855 relationes
2960 5779 3149 5836 mihi
3169 5782 3482 5850 proconsulis.
