3784 6156
8 280 148 339 641

7 394 321 453 Primiano
358 392 644 451 concilium
672 405 896 462 eorum,
937 408 968 449 a
1007 394 1200 466 quibus
1239 395 1292 450 in
1333 393 1636 449 Maximiani

7 503 208 545 causa
233 487 519 544 damnatus
547 494 661 553 est;
693 485 944 556 quoniam
975 486 1144 558 magis
1172 487 1344 543 tenuit
1373 501 1494 556 pars
1524 485 1634 540 Do-

7 579 180 645 nati,
210 578 353 651 quod
377 587 555 634 actum
577 586 658 632 cst
679 585 862 648 postea
885 592 982 648 pro
1001 577 1293 644 Primiano,
1317 591 1474 649 quam
1496 576 1638 632 illius

7 675 262 732 concilii
292 672 659 729 auctoritatem
697 687 805 742 quo
846 670 1019 728 fuerat
1055 679 1178 727 ante
1206 671 1489 727 damnatus
1522 671 1640 727 :sic

7 780 175 836 ergo
202 773 260 821 et
289 765 344 820 in
363 761 630 819 Caeciliani
651 776 810 817 causa
830 761 1025 817 debere
1054 761 1256 816 attendi
1281 761 1422 833 quod
1452 771 1637 832 postea

7 865 255 923 gestum
286 862 386 910 est.
418 854 514 910 ilic
555 853 845 909 Donatista
872 851 940 908 de
965 851 1267 908 Maximiani
1296 867 1456 908 causa
1483 867 1638 909 coar-

7 947 168 1002 utati
195 946 466 1014 dixerunt,
491 961 582 1000 nec
604 961 812 1000 causam
831 960 1017 1010 causae,
1045 960 1134 999 nec
1159 960 1426 1015 personam
1446 945 1640 1016 prmju-

7 1038 216 1093 dicare
239 1053 486 1110 personae.
511 1038 679 1106 Quam
701 1036 1019 1093 sententiam
1040 1036 1096 1091 in
1121 1051 1216 1093 ore
1240 1035 1442 1092 habere
1464 1036 1641 1092 solent

7 1143 235 1186 omnes
280 1129 586 1198 Catholici,
636 1144 758 1185 cum
807 1129 1097 1185 Donatista:
1139 1128 1366 1184 aliorum
1411 1129 1638 1185 crimina

7 1221 157 1276 aliis
196 1221 512 1291 objicientes
553 1236 704 1276 suam
733 1220 1126 1290 separationem
1169 1219 1552 1284 defenderent,
1582 1226 1638 1276 et

7 1313 228 1368 orbem
254 1312 602 1369 christianum
630 1313 811 1369 nescio
835 1313 1029 1384 quibus
1049 1312 1300 1369 Afrorum
1322 1313 1638 1370 criminibus

7 1413 375 1461 accusarent.
430 1403 566 1460 Nam
593 1415 649 1460 et
678 1405 779 1460 ista
805 1403 1100 1461 Collatione
1140 1412 1308 1460 totum
1338 1405 1480 1476 quod
1507 1420 1634 1477 ege-

7 1507 156 1552 rant
183 1496 484 1566 Catholici,
513 1508 574 1552 ut
599 1496 856 1553 Ecclesia
881 1511 1094 1552 causam
1123 1510 1153 1550 a
1179 1510 1340 1551 causa
1368 1493 1637 1552 Caeciliani

8 1587 440 1663 distinguerent
464 1598 768 1646 asserentes
795 1589 849 1644 in
879 1587 1118 1644 Ecclesia
1143 1587 1439 1659 permixtos
1464 1589 1636 1645 malos

8 1697 140 1737 non
181 1681 381 1738 obesse
418 1680 611 1750 bonis,
651 1696 753 1737 nec
775 1695 869 1737 eos
907 1681 1020 1736 suis
1055 1679 1326 1736 maculare
1367 1682 1634 1750 peccatis,

8 1772 134 1830 hoc
161 1774 353 1846 utique
378 1781 620 1844 egerant,
653 1781 710 1829 ut
732 1788 830 1830 nec
852 1787 1014 1829 causa
1037 1787 1217 1829 causa
1239 1773 1633 1843 prajudicaret,

9 1881 130 1922 nec
169 1881 407 1939 persona
430 1880 697 1938 persona.
724 1865 878 1936 Quod
900 1865 968 1922 ab
990 1865 1313 1922 adversariis
1337 1865 1464 1922 dum
1489 1865 1637 1922 aliud

8 1967 310 2030 ageretur,
330 1973 462 2014 voce
489 1959 825 2029 apertissima
853 1957 1226 2014 conﬁrmatum
1254 1968 1356 2015 est.
1387 1958 1493 2014 Sed
1525 1958 1636 2015 Co-

8 2050 212 2123 gnitor
251 2064 377 2106 cum
407 2049 690 2122 quasisset
716 2049 844 2122 quid
873 2049 941 2105 de
970 2049 1377 2120 Carthaginensi
1404 2050 1634 2107 concilio

8 2141 299 2199 Catholici
324 2143 746 2215 responderent;
774 2143 972 2199 iterum
995 2143 1390 2214 responderunt
1415 2160 1522 2200 non
1545 2159 1632 2200 es-

8 2247 77 2290 se
99 2234 562 2291 contemnendam
583 2233 989 2292 similitudinem
1011 2249 1188 2291 causa
1213 2235 1488 2302 Primiani,
1511 2235 1635 2307 quia

8 2334 70 2381 et
101 2325 376 2382 Dominus
404 2322 649 2382 Christus
675 2324 890 2382 Judaos
918 2324 986 2382 de
1015 2324 1172 2383 factis
1197 2341 1385 2383 eorum
1415 2326 1636 2383 convin-

13 2432 160 2473 cens
195 2416 526 2490 perducebat
553 2416 621 2473 ad
649 2433 859 2474 verum.

88 2511 199 2566 29.
237 2509 445 2566 Deinde
476 2510 766 2566 Donatista
791 2510 948 2583 longa
979 2512 1354 2583 prosecutione
1382 2512 1632 2584 agebant,

14 2608 82 2656 ut
128 2615 203 2657 ex
246 2600 391 2656 illius
425 2601 741 2657 auctoritate
775 2600 1213 2674 Carthaginensis
1246 2604 1458 2659 concilii
1505 2619 1636 2659 con-

14 2691 344 2747 ﬁrmaretur
366 2691 636 2747 Caciliani
656 2691 948 2761 damnatio,
973 2691 1114 2764 quod
1137 2692 1203 2747 ad
1227 2701 1304 2748 tot
1327 2692 1634 2751 sacerdotes

17 2786 228 2843 venire
273 2785 542 2853 noluerit;
586 2785 737 2856 quasi
782 2801 887 2842 non
929 2796 984 2841 et
1025 2785 1327 2842 Primianus
1365 2785 1433 2841 ad
1473 2801 1566 2841 eos
1601 2801 1634 2842 a

15 2879 232 2949 quibus
264 2876 546 2933 damnatus
575 2883 691 2943 est,
734 2891 854 2932 cum
894 2891 1080 2933 eorum
1116 2876 1401 2932 factionem
1430 2892 1634 2948 cogno-

18 2977 236 3036 sceret,
265 2968 425 3024 simili
453 2967 724 3025 voluntate
752 2983 860 3024 non
887 2968 1123 3034 venerit;
1148 2979 1201 3024 et
1227 2968 1366 3040 quod
1401 2983 1507 3025 non
1535 2984 1633 3024 ex-

18 3061 362 3131 spectaverit
387 3059 724 3130 Cacilianus,
755 3069 811 3116 ut
837 3061 1082 3132 princeps
1108 3078 1137 3116 a
1160 3062 1401 3134 principe
1429 3062 1635 3118 ordina-

19 3161 218 3218 retur;
251 3166 373 3207 cum
403 3151 547 3206 aliud
573 3151 767 3208 habeat
787 3153 803 3183 ¹
828 3152 1080 3208 Ecclesia
1107 3153 1384 3209 Catholica
1409 3169 1636 3211 consue-

21 3244 166 3300 tudo
189 3285 205 3310 ,
247 3252 308 3299 ut
351 3257 458 3299 non
493 3243 755 3300 Numidiae
778 3286 794 3313 ,
833 3244 927 3302 sed
957 3245 1368 3316 propinquiores
1395 3247 1632 3318 episcopi

21 3337 350 3408 episcopum
385 3335 639 3392 Ecclesia
671 3334 1008 3408 Carthaginis
1041 3337 1291 3392 ordinent
1319 3354 1332 3390 :
1360 3338 1497 3393 sicut
1534 3354 1635 3395 nec

22 3427 296 3484 Romanae
321 3427 574 3483 Ecclesia
601 3426 813 3482 ordinat
837 3428 1031 3498 aliquis
1057 3427 1339 3500 episcopus
1362 3439 1633 3500 metropo-

23 3521 274 3588 litanus,
322 3520 419 3577 sed
461 3520 528 3577 de
573 3522 822 3592 proximo
866 3521 1128 3576 Ostiensis
1169 3523 1473 3594 episcopus.
1521 3525 1634 3581 lloc

22 3625 220 3672 autem
265 3614 506 3671 dicentes
547 3614 616 3670 de
659 3629 752 3670 sua
799 3614 1210 3682 consuetudine,
1253 3631 1410 3686 quam
1453 3617 1634 3674 nescio
1685 3653 1690 3656 -

24 3709 257 3781 quando
286 3709 654 3776 instituerunt,
687 3709 943 3764 Ecclesiae
972 3708 1256 3765 catholica
1285 3710 1634 3781 praeiudicare

25 3803 416 3862 conabantur:
446 3819 567 3875 qua
604 3801 937 3858 consuetudo
975 3802 1020 3858 si
1060 3804 1277 3874 antiqua
1323 3813 1485 3870 esset,
1530 3802 1634 3860 hoc

26 3897 215 3968 ipsum
246 3895 572 3966 obiecissent
595 3894 879 3950 Caciliano
900 3936 916 3962 ,
963 3894 1178 3963 quando
1206 3910 1327 3950 eum
1357 3895 1634 3952 absentem

27 3989 450 4045 damnaverunt.
497 3987 758 4043 Dixerunt
801 3987 961 4042 etiam
1010 3986 1289 4056 scripsisse
1335 3986 1583 4058 Optatum
1614 4027 1632 4053 ,

29 4083 184 4156 quod
216 4082 530 4138 Cacilianus
554 4081 766 4146 dixerit,
804 4079 865 4134 Si
894 4080 1160 4135 traditores
1185 4080 1418 4149 suquui
1446 4096 1524 4133 me
1551 4095 1637 4133 οτ-

31 4176 366 4238 dinaverunt,
390 4173 490 4243 ipsi
518 4173 736 4236 veniant,
768 4181 814 4225 et
843 4172 1076 4225 ordinent
1103 4187 1180 4224 me
1209 4171 1309 4242 (α).
1339 4169 1490 4237 Quod
1517 4170 1635 4241 qui-

31 4267 164 4324 dem
193 4265 240 4321 si
265 4264 464 4321 dictum
487 4274 586 4333 est,
616 4263 734 4319 ideo
755 4263 858 4318 dici
886 4263 1059 4334 potuit
1080 4262 1147 4317 ad
1168 4263 1286 4318 illos
1307 4263 1631 4330 irridendos,

31 4358 240 4432 quibus
264 4356 368 4413 hoc
390 4356 672 4412 mandasse
697 4355 1026 4426 perhibetur,
1050 4357 1300 4427 quoniam
1323 4364 1499 4411 certus
1519 4365 1636 4412 erat

35 4452 384 4508 ordinatores
420 4465 548 4506 suos
585 4466 690 4504 non
731 4463 850 4504 esse
891 4447 1198 4504 traditores.
1243 4447 1358 4502 Non
1389 4449 1530 4503 enim
1560 4447 1637 4504 ait

913 276 1340 338 BREVICULUS
1375 274 1820 337 COLLATIONIS
1857 279 1998 338 CUM
2040 278 2466 338 DONATISTIS.

35 4545 167 4616 quia
195 4541 481 4598 traditores
508 4550 633 4598 sunt
656 4558 670 4606 ;
699 4539 816 4608 sed,
849 4540 892 4595 si
917 4539 1183 4595 traditores
1208 4551 1322 4596 sunt
1349 4557 1368 4595 :
1394 4551 1450 4595 ut
1476 4541 1656 4614 inno~.

37 4634 218 4692 centia
261 4649 447 4689 eorum
487 4631 762 4704 probanda
802 4639 1065 4700 restaret,
1109 4632 1201 4688 ubi
1242 4631 1452 4704 probari
1491 4640 1638 4689 recte

39 4743 106 4799 po
115 4727 326 4783 ruisset.

112 4821 208 4877 30.
251 4817 333 4873 Ad
373 4817 519 4884 hac,
560 4817 688 4873 etsi
724 4831 842 4888 qua
878 4816 981 4870 alia
1020 4816 1222 4888 prolixa
1261 4816 1639 4888 prosecutione

41 4911 326 4971 dixerunt,
359 4906 592 4963 breviter
621 4905 1015 4976 responderunt
1040 4905 1322 4973 Catholici,
1354 4922 1460 4961 non
1492 4907 1640 4963 sufﬁ-

42 5016 169 5057 cere
210 4997 277 5053 ad
318 5013 532 5053 causam
574 4996 841 5052 Caci'iani
873 4995 1286 5067 Carthaginense
1317 4997 1636 5067 concilium,

45 5095 194 5164 ipsos
221 5090 381 5146 etiam
407 5088 697 5160 judicasse,
725 5089 814 5159 qui
842 5103 959 5144 eam
988 5087 1053 5142 ad
1080 5086 1457 5159 imperatorem
1483 5104 1641 5145 accu-

48 5185 223 5241 sando
245 5184 542 5249 miserunt;
571 5192 626 5238 et
647 5183 725 5239 sic
748 5182 1181 5239 demonstrarunt
1200 5181 1301 5238 hoc
1326 5184 1501 5254 potius
1520 5200 1642 5241 esse

50 5276 470 5351 exspectandum
497 5319 513 5343 ,
545 5291 651 5347 quo
681 5292 768 5333 res
796 5278 1096 5348 pervenerit
1119 5292 1288 5348 usque
1312 5277 1379 5333 ad
1411 5276 1643 5348 Impera-

51 5375 186 5429 toris
228 5371 550 5427 sententiam
575 5411 590 5437 ,
637 5372 722 5426 cui
780 5370 1023 5427 eamdem
1063 5385 1281 5426 causam
1327 5371 1642 5426 mittendam

52 5466 337 5521 duxerunt.
379 5461 491 5519 lloc
517 5462 659 5518 etaim
687 5461 946 5519 Catholici
973 5463 1278 5529 instabant,
1313 5472 1371 5519 ut
1398 5463 1645 5521 omnibus

55 5575 327 5619 morarum
361 5557 689 5614 umbraculis
721 5557 1028 5630 amputatis,
1067 5557 1157 5614 illa
1189 5558 1366 5632 potius
1401 5557 1644 5631 legeren-

121 5698 138 5730 ι
179 5695 306 5758 Apud
325 5699 445 5754 Am.,
465 5688 680 5742 habebat.

105 5779 198 5845 (η)
213 5747 344 5832 ’νωθ
359 5747 598 5844 Oplatum,
620 5775 702 5828 lib.
728 5775 770 5826 ί.
1113 5756 1118 5761 ’
1155 5753 1185 5841 Α
1535 5747 1629 5835 ’.δ’

3232 284 3341 344 6i!

1753 401 1838 449 tur
1861 437 1876 462 ,
1907 395 2099 466 quibus
2127 396 2278 452 lectis
2307 396 2434 452 olim
2473 409 2632 452 causa
2662 396 2806 453 finita
2831 437 2846 464 ,
2879 405 2933 453 et
2957 397 3224 456 Caciliani
3251 401 3338 457 in-

1746 487 1991 541 nocentia
2021 487 2352 543 manifestata
2379 488 2496 546 luce
2520 489 2716 545 clarius
2737 500 3038 561 appareret.
3069 493 3201 562 Qua
3228 494 3336 551 Do-

1746 579 1954 634 natista
1999 587 2056 634 ut
2097 580 2440 650 legerentur,
2487 583 2707 638 omnino
2749 583 3030 653 nolentes,
3073 587 3334 657 quidlibet

1745 671 1887 729 aliud
1917 674 2304 747 interponendo
2341 675 2722 748 impediebant.
2753 677 2884 734 Nam
2923 693 3042 734 cum
3077 679 3332 751 Cognitor

1744 764 2042 833 quasisset,
2087 775 2261 822 utrum
2303 768 2449 838 prius
2491 778 2634 824 esset
2676 769 2871 825 factum
2909 770 3333 843 Carthaginenso

1744 855 2027 910 concilium
2054 897 2070 924 ,
2116 865 2170 913 et
2215 866 2398 929 postea
2445 859 2605 916 missa
2653 858 2812 917 fuerit
2838 860 2905 916 ad
2951 861 3332 933 imperatorem

1743 961 1903 1004 causa
1932 948 2234 1019 Caciliani;
2263 953 2512 1010 dixerunt
2534 953 2815 1022 Catholici,
2847 957 3098 1028 quoniam
3127 975 3332 1016 consu-

1746 1039 1850 1097 lem
1878 1053 1932 1098 et
1961 1042 2101 1100 diem
2131 1045 2261 1102 illud
2289 1047 2570 1104 concilium
2596 1065 2704 1105 non
2731 1050 2954 1109 haberet
2980 1093 2994 1119 ,
3025 1053 3092 1108 ad
3121 1062 3334 1112 utrum-

1745 1151 1850 1207 que
1875 1151 1934 1192 se
1961 1139 2288 1209 respondere
2317 1158 2329 1194 :
2359 1141 2480 1212 quia
2506 1142 2551 1198 si
2581 1143 2728 1214 prius
2755 1159 2913 1200 causa
2941 1145 3009 1202 ad
3039 1146 3335 1218 Imperato-

1743 1241 1858 1282 rem
1901 1227 2065 1284 missa
2108 1239 2226 1297 est,
2267 1246 2374 1302 quo
2413 1233 2557 1289 exitu
2598 1235 2877 1289 terminata
2917 1237 2988 1292 sit
3028 1240 3334 1310 exspectari

1744 1330 2028 1389 oportere;
2059 1323 2105 1378 si
2133 1333 2309 1380 autem
2332 1335 2540 1398 postea,
2569 1327 2916 1385 nihilominus
2943 1345 3050 1386 non
3078 1332 3326 1402 istorum,

1742 1411 1837 1468 sed
1877 1413 2020 1470 illius
2055 1414 2314 1485 judicium
2357 1432 2477 1474 esse
2511 1419 2858 1489 quarendum
2885 1463 2901 1487 ,
2933 1437 3040 1492 quo
3065 1438 3185 1479 eam
3213 1433 3335 1496 post

1737 1503 1996 1575 judicium
2037 1522 2193 1563 suum
2234 1509 2544 1565 mittendam
2579 1519 2850 1582 putarunt.
2881 1512 2989 1570 Sed
3015 1530 3135 1570 cum
3163 1518 3332 1574 multa

1745 1597 2034 1656 Donatista
2063 1601 2361 1658 insererent
2388 1602 2456 1658 de
2494 1604 2713 1660 consule
2741 1613 2796 1661 et
2822 1605 2909 1662 die
2928 1648 2944 1675 ,
2986 1621 3084 1663 cur
3118 1609 3170 1664 in
3198 1623 3332 1666 suo-

1742 1707 1864 1748 rum
1886 1693 2147 1764 majorum
2169 1697 2396 1752 concilio
2417 1713 2524 1752 non
2547 1699 2832 1769 legeretur,
2855 1715 2924 1756 ne
2943 1699 3066 1758 hinc
3086 1701 3334 1761 falsitatis

1742 1795 2095 1856 arguerentur
2116 1830 2133 1857 ,
2175 1796 2230 1844 et
2262 1799 2567 1846 assererent
2595 1790 2735 1847 hanc
2763 1806 2882 1848 esse
2911 1793 3332 1852 ecclesiasticam

1742 1879 2182 1936 consuetudinem
2206 1922 2221 1947 ,
2254 1896 2323 1937 ne
2346 1881 2461 1938 dies
2499 1891 2554 1940 et
2581 1883 2828 1941 consules
2863 1883 3092 1942 decretis
3121 1886 3332 1957 episco-

1742 1985 1932 2040 porum
1957 1975 2441 2043 conscriberentur,
2469 1977 2573 2049 legi
2595 1979 2836 2036 volentes
2856 1980 3018 2036 etiam
3039 1982 3329 2040 concilium

1741 2063 2010 2135 Cypriani,
2041 2075 2102 2122 ut
2129 2068 2232 2125 hoc
2260 2069 2576 2139 probarent,
2605 2073 2727 2142 quia
2754 2071 2886 2129 nihil
2909 2073 3051 2131 aliud
3076 2073 3180 2131 nisi
3207 2091 3331 2132 mo-

1739 2169 1815 2210 ra
1845 2158 2218 2226 quarebantur
2243 2160 2441 2232 (neque
2466 2162 2607 2218 enim
2637 2163 2899 2220 Catholici
2931 2166 2983 2220 in
3013 2181 3082 2222 eo
3104 2182 3326 2224 causam

1739 2262 1895 2303 suam
1935 2251 2344 2322 constituerant,
2375 2254 2590 2325 quando
2617 2255 2687 2312 ad
2717 2266 3002 2330 utrumque
3027 2260 3328 2331 responde-

1739 2348 1884 2409 rant,
1915 2341 2028 2400 sive
2057 2344 2226 2414 prius,
2257 2345 2370 2402 sive
2398 2348 2666 2416 posterius
2693 2358 2837 2406 esset
2862 2350 2992 2406 illud
3021 2353 3326 2422 concilium,

1739 2431 1884 2501 quod
1904 2443 2092 2489 contra
2112 2435 2452 2492 Caecilianum
2474 2438 2612 2509 apud
2633 2437 3006 2512 Carthaginem
3031 2443 3330 2516 fecerant);

1736 2521 1896 2593 jussit
1921 2525 2174 2597 Cognitor
2194 2569 2210 2594 ,
2239 2526 2532 2587 Catholicis
2557 2531 2877 2591 instantibus
2896 2576 2914 2603 ,
2945 2544 3003 2592 ut
3027 2537 3130 2595 ista
3153 2539 3334 2610 potius

1740 2629 1860 2685 qua
1886 2614 2046 2672 dilata
2077 2617 2308 2686 fuerant,
2337 2620 2659 2690 legerentur.

1811 2707 2038 2766 CAPUT
2077 2709 2240 2766 XVII.
2279 2743 2351 2754 —
2389 2715 2476 2770 51.
2518 2715 2668 2772 Tunc
2689 2717 2978 2776 Donatista
3003 2721 3160 2779 aliam
3178 2740 3330 2796 qua-

1741 2801 1969 2858 stionem
2014 2803 2446 2875 interposuerunt
2482 2824 2755 2866 morarum
2794 2814 3180 2886 plenissimam,
3228 2820 3326 2877 sed

1741 2911 1928 2951 revera
1963 2897 2014 2951 in
2038 2912 2141 2968 qua
2181 2913 2278 2968 pro
2307 2915 2366 2956 se
2403 2901 2648 2959 laborare
2688 2904 2989 2974 voluerunt,
3035 2910 3082 2965 si
3114 2923 3336 2980 possent

1740 2986 2021 3043 ostendere
2041 2989 2180 3059 quod
2206 2990 2458 3046 volebant
2485 3008 2498 3046 :
2533 2993 2666 3049 illud
2695 2995 2898 3052 scilicet
2917 2995 3161 3056 Cirtense
3197 3017 3332 3059 con-

1739 3079 1922 3136 cilium
1968 3081 2156 3138 falsum
2191 3098 2347 3150 esse,
2373 3085 2466 3141 ubi
2509 3085 2659 3143 lecta
2715 3088 2926 3146 fuerant
2965 3093 3336 3154 confessiones

1741 3173 2058 3229 traditorum
2088 3173 2320 3230 invicem
2341 3176 2442 3232 sibi
2464 3176 2850 3248 ignoscentium
2876 3198 2945 3238 nc
2972 3184 3204 3241 schisma
3231 3187 3332 3244 fie-

1739 3275 1852 3333 ret;
1882 3267 2003 3337 quia
2035 3269 2136 3338 ipsi
2161 3270 2476 3339 legebantur
2512 3271 2653 3328 inter
2678 3284 2903 3330 cateros
2929 3287 3116 3332 contra
3154 3279 3331 3336 Caci-

1739 3357 1939 3414 lianum
2006 3359 2283 3415 absentem
2348 3363 2640 3418 sententias
2687 3365 2991 3434 protulisse.
3047 3368 3161 3425 Hoc
3200 3387 3331 3443 ergo

1739 3450 1930 3506 falsum
1978 3452 2348 3509 demonstrare
2388 3464 2664 3523 conantes,
2722 3458 2888 3515 multa
2923 3461 3204 3530 dixerunt;
3233 3467 3333 3523 sed

1739 3544 1842 3599 alia
1864 3543 2000 3599 levia
2027 3559 2148 3600 esse
2195 3545 2296 3615 ipsi
2345 3545 2669 3616 judicantes,
2713 3548 2822 3605 duo
2867 3553 3109 3622 quadam
3159 3555 3211 3610 in
3267 3572 3332 3614 ea

1739 3638 2036 3707 quaestione
2060 3637 2285 3693 multum
2301 3640 2832 3709 commendavcrunt,
2858 3654 2915 3701 et
2935 3645 2987 3700 in
3009 3647 3089 3702 eis
3103 3649 3330 3707 multum

1739 3728 2012 3786 immorati
2061 3739 2187 3786 sunt
2218 3750 2230 3784 :
2263 3747 2425 3786 unum
2451 3774 2468 3798 ,
2518 3733 2640 3804 quia
2683 3746 2869 3792 contra
2914 3738 3332 3800 ecclesiasticam

1741 3820 2182 3877 consuetudinem
2238 3821 2412 3892 ipsum
2460 3819 2702 3880 Cirtense
2743 3829 3030 3885 concilium
3079 3831 3221 3888 diem
3278 3843 3337 3892 et

1741 3914 2014 3970 consulem
2050 3914 2304 3982 haberet;
2331 3916 2558 3972 alterum
2586 3926 2786 3986 autem,
2825 3922 2970 3993 quod
2997 3926 3334 3994 persecutio-

1740 4006 1824 4062 uis
1848 4015 2088 4079 tempore
2117 4022 2225 4063 non
2253 4016 2436 4078 posset
2458 4010 2745 4067 concilium
2774 4017 3105 4086 congregari.
3135 4018 3334 4090 Exige-

1740 4097 1865 4152 bant
1891 4113 2017 4168 ergo
2053 4097 2344 4154 Donatista
2377 4113 2407 4153 a
2435 4098 2746 4169 Catholicis,
2767 4113 2824 4158 ut
2863 4106 2948 4160 vel
2976 4107 3079 4162 alia
3109 4110 3334 4167 concilia

1739 4187 2044 4259 proferrent
2097 4189 2314 4260 antiqua
2378 4191 2754 4260 episcoporum
2781 4235 2797 4262 ,
2851 4196 2940 4252 ubi
2990 4198 3336 4259 05tenderent

1740 4281 1990 4335 consules
2015 4288 2068 4335 et
2090 4279 2206 4336 dies
2230 4281 2394 4336 etiam
2420 4285 2776 4355 conscriptos,
2795 4286 2876 4341 vel
2899 4287 2967 4342 de
2987 4289 3116 4360 ipsis
3133 4292 3336 4350 sanctis

1740 4373 2031 4444 Scripturis
2075 4373 2180 4428 tale
2206 4371 2406 4443 aliquid
2437 4376 2748 4432 recitarent.
2780 4377 2878 4434 Ubi
2911 4379 3171 4438 Catholici
3210 4399 3334 4443 cum

1741 4466 1986 4522 viderent
2011 4465 2079 4521 de
2099 4480 2158 4522 re
2183 4464 2496 4522 inanissima
2519 4483 2698 4525 moras
2727 4470 2998 4528 mirabiles
3019 4482 3075 4530 et
3101 4474 3333 4549 inexpli-

1742 4559 1941 4615 cabiles
1987 4558 2292 4628 interponi;
2351 4558 2501 4632 (quis
2545 4562 2687 4617 enim
2732 4578 2827 4620 eos
2871 4563 2997 4621 hinc
3048 4567 3333 4628 falsitatem

1743 4652 1987 4708 crederet
2033 4651 2371 4722 objecturos,
2429 4653 2517 4708 ubi
2561 4654 2629 4710 ad
2694 4656 2952 4728 majorem
3007 4657 3336 4731 diligentiam

1743 4755 2044 4817 temporum
2074 4748 2345 4802 attestatio
2375 4756 2665 4818 praenotata
2687 4748 2972 4821 legeretur,
2993 4768 3061 4809 ne
3077 4752 3216 4812 forte
3243 4771 3338 4827 per

1745 4837 1884 4893 hanc
1909 4845 2054 4894 esset
2092 4836 2384 4911 aliquando
2409 4840 2707 4896 necessaria
2750 4840 3016 4914 indagatio
3062 4846 3342 4905 veritatis?

1745 4932 1866 5004 quis
1885 4945 2014 5003 ergo
2042 4944 2140 4989 eos
2165 4932 2408 4990 crederet
2443 4933 2547 4988 hoc
2575 4933 2882 5004 objecturos
2899 4977 2913 5002 ,
2941 4947 2998 4994 ut
3018 4951 3344 5012 prapararet

1747 5025 1963 5095 antiqua
1993 5025 2243 5094 concilia,
2274 5026 2467 5098 quibus
2489 5025 2626 5082 hanc
2643 5028 3084 5088 consuetudinem
3113 5032 3344 5092 demon-

1747 5115 2102 5173 straret‘iaut
2148 5119 2268 5189 quis
2319 5127 2443 5174 tunc
2487 5119 2588 5174 iret
2628 5127 2680 5174 ct
2722 5129 2925 5176 vetusta
2979 5125 3344 5186 ecclesiastica

1749 5209 1965 5264 archiva
2002 5210 2360 5278 rcvolveret?)
2401 5225 2520 5266 cum
2555 5211 2655 5268 hoc
2689 5211 2930 5270 viderent
2961 5215 3245 5290 Catholici,
3291 5231 3344 5278 et

1751 5303 1809 5359 in
1834 5303 2142 5360 Melchiadis
2176 5305 2407 5360 concilio
2433 5304 2574 5361 diem
2604 5315 2660 5360 et
2692 5307 2967 5364 consulem
3011 5311 3345 5371 demonstra-

1752 5396 1903 5465 bant,
1936 5407 1989 5454 et
2011 5397 2076 5455 de
2097 5399 2225 5469 ipsis
2255 5401 2454 5455 sanctis
2475 5400 2764 5471 Scripturis
2790 5417 3350 5469 commemoraverunt

1756 5489 2054 5560 Prophetas
2112 5489 2304 5545 indicia
2353 5491 2847 5562 antiquissimorum
2893 5503 3190 5568 temporum
3233 5503 3348 5560 suis

1755 5585 1950 5642 litteris
1979 5595 2325 5656 pranotasse,
2357 5595 2520 5656 quoto
2547 5601 2708 5655 anno,
2739 5588 2994 5661 cujusque
3023 5607 3211 5650 mense
3249 5611 3349 5654 an-

1758 5680 1834 5744 ni,
1865 5685 2027 5748 quoto
2052 5677 2136 5731 die
2178 5677 2377 5732 mensis
2405 5676 2601 5733 factum
2629 5688 2772 5735 esset
2799 5694 2959 5750 super
2999 5695 3090 5736 eos
3131 5686 3352 5749 verbum

1762 5770 1991 5828 nomini.
2023 5769 2271 5842 Cognitor
2297 5778 2474 5826 autem
2497 5769 2623 5828 illud
2653 5769 2719 5829 de
2748 5770 2832 5829 dic
2871 5779 2925 5829 et
2950 5775 3168 5835 consule
3203 5778 3354 5853 obje-

2287 5929 2310 5936 .-
2364 5928 2376 5933 τ.
2382 5914 2446 5935 -..ιη
