3778 6140
455 181 563 240 643

453 309 598 356 ctum
645 299 1091 357 contemnendum
1143 302 1200 352 et
1249 290 1632 352 removendum
1687 288 1997 345 existimans
2027 326 2042 352 ,

453 392 610 464 jussit
629 402 776 463 gesta
805 391 941 462 apud
968 388 1314 446 Melchiadem
1347 384 1524 441 habita
1556 392 1753 440 caetera
1780 380 1992 439 recitari
2025 399 2038 434 :

455 499 508 543 et
528 486 744 543 recitata
783 496 923 543 sunt.
959 486 1160 555 Quibus
1201 485 1447 558 apparuit
1490 482 1730 538 omnium
1769 478 1862 550 qui
1912 485 2042 531 tunc

454 580 806 637 consederant
825 579 1198 652 episcoporum
1223 577 1503 634 sententiis
1522 586 1576 632 et
1597 575 1762 645 ipsius
1782 567 2035 649 Melchia‘

453 673 536 731 dis
561 716 576 743 ,
608 670 951 730 Caecilianum
978 673 1280 730 absolutum
1323 680 1481 742 atque
1506 677 1790 741 purgatum
1824 681 1838 721 :
1873 664 2033 719 Dona‘

453 778 564 826 tum
612 783 742 826 vero
771 768 1101 833 damnatum,
1137 768 1226 838 qui
1273 780 1509 838 praesens
1566 764 1622 818 in
1669 761 1839 832 prima
1875 757 2049 813 fuerat

455 865 662 921 actione
686 863 989 929 convictus;
1013 860 1100 918 ille
1121 861 1325 918 Scilicet
1345 860 1580 914 Donatus
1608 871 1639 912 a
1665 851 2044 923 Casis-Nigris,

455 974 610 1030 quem
639 964 958 1030 praesentem
988 954 1148 1011 fuisse
1173 963 1301 1010 tunc
1325 952 1580 1010 constitit.

527 1051 614 1106 52.
657 1049 764 1106 Sed
792 1050 894 1106 hoc
923 1048 1169 1114 recitato,
1200 1061 1319 1103 cum
1350 1052 1682 1116 qumrerctur
1702 1055 1733 1096 a
1754 1037 2054 1097 Donatistis

455 1141 581 1213 quid
610 1140 996 1213 responderent
1018 1140 1083 1196 ad
1113 1139 1244 1194 illud
1269 1138 1510 1194 Cirtense
1536 1133 1846 1199 concilium,
1870 1147 1937 1188 eo
1962 1147 2049 1187 re-

456 1234 687 1299 dierunt,
711 1243 971 1290 conantes
1001 1232 1187 1287 falsum
1217 1244 1337 1287 esse
1371 1237 1692 1284 monstrare.
1717 1223 1852 1280 Tum
1895 1223 2048 1279 dixe-

456 1335 583 1382 runt
619 1335 858 1396 tempore
895 1323 1281 1398 persecutionis
1311 1320 1618 1391 congregari
1674 1331 1782 1374 non
1811 1315 2049 1388 potuisse

456 1419 760 1474 concilium.
789 1417 940 1486 Quod
965 1415 1220 1488 Cognitor
1239 1428 1344 1470 non
1370 1410 1710 1482 contempsit,
1733 1416 1788 1464 et
1813 1406 2048 1462 validum

456 1510 770 1565 existimans
814 1551 828 1575 ,
883 1523 913 1562 a
956 1506 1243 1563 Catholicis
1293 1504 1700 1576 responsionem
1753 1499 2048 1571 poposcit;

458 1612 616 1672 atque
657 1600 794 1655 inter
823 1599 937 1653 haec
965 1599 1232 1669 quaesivit,
1283 1594 1425 1652 unde
1470 1593 1790 1665 probaretur
1836 1599 2050 1660 tempus

457 1692 621 1748 fuisse
682 1690 1084 1761 persecutionis.
1138 1689 1287 1745 Tunc
1355 1687 1647 1743 Donatistae
1713 1682 2054 1755 protulerunt

456 1792 750 1855 martyrum
776 1791 944 1853 gesta,
981 1781 1072 1836 ubi
1103 1779 1270 1835 auditi
1309 1788 1363 1834 et
1393 1792 1490 1848 pro
1525 1775 1865 1832 confessione
1904 1771 2051 1844 passi

455 1883 599 1931 sunt.
631 1872 797 1929 Jussit
835 1873 994 1929 etiam
1043 1871 1300 1942 Cognitor
1332 1876 1645 1939 computare
1683 1864 1954 1930 Ofﬁcium,
1994 1870 2054 1919 et

454 1967 783 2034 renuntiare,
822 1963 1172 2021 consideratis
1222 1963 1499 2032 utriusque
1555 1956 1867 2014 consulibus
1923 1957 1940 1988 ί
1993 1963 2055 2011 et

455 2059 666 2127 diebus,
695 2067 750 2115 et
772 2057 862 2130 qui
889 2057 956 2114 de
992 2056 1220 2114 concilio
1256 2054 1510 2123 Cirtensi,
1543 2059 1599 2108 et
1631 2051 1719 2122 qui
1773 2048 1841 2105 de
1886 2048 2053 2120 gestis

455 2159 748 2224 martyrum
778 2150 1090 2221 legebantur
1129 2167 1142 2204 :
1175 2147 1298 2219 quia
1323 2147 1522 2203 dictum
1553 2143 1728 2200 fuerat
1751 2156 1782 2196 a
1811 2139 2050 2196 Catholi-

454 2247 532 2302 cis
555 2288 568 2312 ,
593 2255 713 2317 post
737 2244 951 2300 illorum
995 2249 1288 2313 martyrum
1313 2239 1624 2310 passionem
1650 2278 1665 2302 ,
1693 2233 1837 2289 unde
1860 2239 2052 2303 perse-

457 2338 689 2393 cutionis
712 2346 918 2407 tempus
937 2333 1278 2404 probabatur,
1296 2344 1465 2401 pr0pe
1485 2343 1682 2384 annum
1704 2331 2054 2381 consecutum

457 2429 626 2486 fuisse
647 2444 813 2499 usque
841 2427 907 2482 ad
933 2425 1208 2481 consulem
1248 2431 1303 2478 et
1334 2422 1476 2477 diem
1514 2418 1725 2475 concilii
1770 2414 2053 2472 Cirtensis.

458 2521 759 2592 Responsio
785 2527 960 2575 autem
999 2514 1358 2586 computantis
1386 2510 1560 2568 Ofﬁcii
1597 2523 1838 2565 mensem
1884 2509 2056 2562 inter-

456 2614 620 2670 fuisse
640 2621 996 2685 suggesserat.
1028 2610 1320 2666 Voluerunt
1344 2621 1472 2676 ergo
1501 2602 1761 2661 Catholici
1789 2601 1858 2657 de
1886 2601 2049 2656 tabu-

454 2706 523 2761 lis
553 2705 663 2760 tolli
689 2704 827 2776 quod
857 2702 1122 2767 dixerant,
1155 2710 1216 2756 ut
1244 2700 1348 2754 hoc
1375 2698 1548 2752 solum
1580 2703 1730 2766 gesta
1754 2692 2056 2749 retinerent

453 2799 598 2871 quod
641 2796 886 2854 Officium
930 2793 1323 2866 responderat;
1357 2790 1463 2846 hoc
1510 2789 1656 2844 enim
1705 2786 1887 2842 verius
1933 2798 2058 2840 esse

453 2892 812 2950 crediderant.
839 2889 947 2947 Sed
974 2889 1285 2954 Donatistae,
1315 2884 1460 2956 quod
1490 2899 1521 2938 a
1541 2881 1830 2939 Catholicis
1849 2879 2056 2935 dictum

454 2993 603 3049 erat,
636 2984 923 3040 noluerunt
951 2982 1020 3038 de
1051 2979 1248 3036 tabulis
1273 2979 1388 3034 tolli
1419 2995 1435 3032 :
1467 2974 1610 3031 unde
1645 2973 1909 3030 Catholici
1947 2989 2056 3029 non

456 3074 870 3138 contenderunt,
901 3083 960 3128 ut
985 3087 1171 3128 eorum
1199 3071 1253 3124 in
1293 3069 1397 3124 hoc
1443 3066 1807 3122 calumniosus
1844 3065 2058 3120 animus

456 3177 760 3238 appareret.
791 3165 960 3222 Porro
981 3173 1161 3220 autem
1187 3160 1318 3218 illud
1340 3168 1460 3217 erat
1487 3159 1666 3214 verius
1691 3157 1835 3230 quod
1855 3155 2056 3213 Catho-

452 3261 546 3317 liCi
585 3261 860 3326 dixerant;
891 3257 1140 3315 Ofﬁcium
1171 3264 1350 3311 autem
1383 3254 1439 3308 in
1467 3252 1828 3324 computando
1867 3265 2055 3308 errans

450 3352 648 3410 falsum
680 3353 1097 3416 renuntiaverat,
1127 3347 1270 3421 quod
1297 3355 1483 3418 postea
1509 3345 1814 3416 conscripta
1852 3353 1905 3400 et
1929 3344 2055 3400 dili-

450 3448 661 3517 gentius
690 3447 1030 3503 considerata
1055 3451 1206 3516 gesta
1227 3440 1546 3505 docuerunt,
1575 3438 1712 3494 sicut
1729 3445 1907 3509 potest
1931 3451 2056 3508 pro-

450 3541 603 3609 bare,
632 3557 790 3612 quem
808 3539 1028 3599 libuerit
1046 3537 1244 3608 legere,
1265 3543 1322 3590 et
1340 3547 1446 3588 non
1473 3531 1700 3604 piguerit
1723 3537 2052 3600 computare.

451 3631 585 3688 Nam
631 3642 781 3702 gesta
833 3641 1135 3703 martyrum
1183 3626 1379 3697 quibus
1423 3623 1804 3680 ostendebatur
1847 3630 2056 3692 tempus

450 3726 845 3794 persecutionis
869 3768 885 3792 ,
915 3719 1236 3781 consulibus
1266 3716 1406 3772 facta
1437 3725 1563 3770 sunt
1591 3714 1920 3771 Diocletiano
1953 3727 2056 3768 no-

450 3815 586 3878 vies,
609 3824 663 3869 et
682 3815 1010 3872 Maximiano
1027 3811 1216 3872 octies,
1237 3806 1411 3877 pridie
1431 3806 1550 3860 idus
1564 3805 1855 3860 februarias
1875 3820 1890 3870 ;
1909 3811 2056 3873 gesta

449 3912 632 3959 autem
680 3905 1000 3976 episcopalia
1029 3898 1241 3955 decreti
1276 3895 1540 3952 Cirtensis
1581 3903 1704 3967 post
1745 3896 2056 3950 corumdem

450 3996 807 4064 consulatum,
840 3998 998 4054 tertio
1025 4004 1208 4054 mgnas
1233 3987 1484 4044 martias:
1513 4003 1577 4042 ac
1603 4002 1698 4057 per
1729 3987 1832 4043 hoc
1877 3986 2056 4042 trede-

448 4086 552 4142 cim
579 4101 794 4144 menses
811 4089 1068 4146 interesse
1086 4091 1142 4146 in
1160 4082 1462 4148 veniuntur,
1487 4081 1666 4151 plures
1693 4081 1874 4150 utique
1899 4094 2057 4152 quam

382 4225 391 4234 .
445 4179 716 4249 undecim,
746 4197 882 4254 quos
909 4184 1057 4255 prius
1081 4174 1356 4241 Catholici
1387 4174 1565 4229 mintts
1595 4171 1879 4245 diligenter
1908 4188 2058 4228 com.

443 4275 681 4348 putando
723 4279 1111 4350 responderant
1139 4298 1152 4335 ;
1180 4269 1293 4337 sed
1331 4268 1576 4325 Officium
1607 4278 1664 4324 ut
1706 4267 1977 4324 falleretur
2004 4271 2060 4324 et

442 4383 686 4425 mensem
718 4371 977 4427 interesse
1016 4371 1419 4442 responderet,
1447 4361 1690 4418 eumdem
1716 4360 2056 4416 COHSlllalllm

443 4462 668 4530 putavit,
696 4470 814 4531 post
832 4463 1166 4520 consulatum
1193 4471 1388 4523 autem‘
1435 4470 1538 4511 “0"
1567 4454 1816 4520 θάνθνιίῑν
1841 4453 1929 4508 “bi
1957 4467 2058 4507 3n-

443 4563 547 4609 ttus
570 4553 680 4623 jam
709 4553 843 4610 alius
873 4557 1148 4624 agebatur.
1203 4560 1453 4616 Proinde‘
1490 4547 1748 4603 Οιιῑίὶοιίεί
1801 4555 2056 4617 tanquam

443 4662 510 4703 ex
536 4662 659 4703 vera
681 4645 853 4705 Officii
876 4654 1224 4721 responsione
1252 4650 1600 4724 cogeban.'“l‘
1618 4640 1898 4696 οειθηάθτθ
1917 4649 2056 4695 10m-

442 4754 573 4810 pore
607 4744 994 4811 persecutionis
1015 4743 1136 4800 illos
1155 4744 1402 4800 undecim
1425 4747 1509 4801 vel
1529 4728 1828 4802 οὐοάϐσίιη
1851 4733 2059 4802 θρῖεεο’

441 4847 541 4903 pos
567 4834 618 4888 in
644 4834 863 4892 domum
888 4837 1148 4907 privatam
1165 4841 1453 4897 convenire
1471 4842 1747 4911 potuisse,
1769 4827 2058 4885 υοηθῑίδῑῖε

363 4952 389 5012 ξ.
446 4925 786 4996 inStantibus,
817 4939 872 4982 ut
912 4929 1014 4985 hoc
1052 4945 1118 4985 ex
1159 4931 1277 4986 aliis
1301 4933 1542 4989 conciliis
1583 4917 1968 4989 oste'mel'enb
2010 4922 2056 4976 Si

363 5017 388 5068 ὓ
437 5017 617 5087 aliquo
647 5027 890 5090 tempore
914 5026 1305 5093 persecutionis
1336 5027 1472 5106 facta
1501 5028 1896 5100 cpiscopox‘“m
1924 5029 2056 5069 εοη·

436 5107 557 5162 cilia
585 5111 821 5179 reperire
836 5115 1152 5182 potuissent.
1167 5117 1321 5187 Quod
1349 5118 1607 5177 Catholici
1628 5121 1901 5194 quoniat'“
1931 5114 2058 5161 “me

436 5199 708 5269 inquirere
752 5213 807 5258 et
846 5204 914 5260 ad
954 5207 1144 5265 horam
1183 5221 1398 5289 veteres
1441 5215 1655 5271 chartas
1703 5215 1754 5270 in
1801 5197 2055 5270 aret?”is

436 5291 814 5349 ecclesiasticis
861 5295 1129 5358 discutere
1170 5319 1276 5360 non
1322 5315 1591 5378 poterant,
1638 5298 2057 5378 respondebat"t

431 5383 602 5439 multo
635 5383 848 5442 facilius
869 5387 1146 5448 duodecim
1166 5394 1416 5455 homines
1440 5401 1491 5454 in
1512 5399 1727 5454 domum
1746 5397 2043 5452 convenire

1695 172 1753 228 S.
1794 163 2165 228 AUGUSTINI
2205 163 2509 223 EPISCOPI
3647 177 3734 240 σα

2159 286 2297 340 sicut
2326 285 2454 357 ipsis
2475 287 2640 358 gestis
2667 293 2961 361 martyrum
2991 291 3392 350 monstrabatur
3415 336 3432 363 ,
3459 296 3546 365 qui
3579 295 3732 353 cons-

2155 377 2403 434 tebantur
2423 379 2474 433 in
2506 381 2846 451 passionibus
2885 383 2996 438 suis
3025 398 3085 439 se
3112 385 3395 442 collectam
3423 397 3478 442 et
3513 388 3730 446 Domini-

2153 483 2274 525 cum
2296 470 2488 540 egisse.
2514 471 2627 527 Hoc
2647 473 3097 530 autem'Catholici
3119 475 3388 545 dixerant,
3401 488 3730 552 etanteqaata

2153 573 2469 632 supputaret
2493 567 2548 621 et
2574 567 2926 636 responderet
2948 567 3218 627 Officium.
3248 571 3458 629 Dictum
3484 585 3567 631 est
3590 579 3730 636 etiam

2154 655 2524 726 aCatholicis,
2560 660 2893 738 .qpiscopalia
2950 675 3101 735 gesta
3151 665 3243 720 illa
3295 648 3583 735 Cirtensis,
3633 689 3730 742 qua:

2156 748 2426 820 diligentia
2451 752 2714 823 majorum
2741 770 2912 828 usque
2951 751 3017 811 ad
3049 757 3164 814 hmo
3191 766 3431 831 tempora
3475 766 3669 818 servari
3690 773 3732 820 et

2157 844 2386 901 inveniri
2428 845 2721 920 potuerint,
2753 849 2832 905 sic
2867 849 3109 907 habenda
3151 855 3602 924 quemadmodum
3647 858 3730 912 illa

2157 938 2399 1008 epistol-te
2427 939 2682 995 Mensurii
2712 949 2767 997 et
2795 941 3046 1009 Secundi,
3079 959 3214 1015 quas
3243 945 3534 1003 Donatista:
3560 952 3732 1005 recita-

2159 1021 2369 1088 verunt.
2399 1033 2694 1090 Concilium
2722 1035 2918 1107 quippe
2953 1026 3410 1110 carthaginense,
3438 1041 3526 1096 ubi
3566 1042 3730 1098 absen-

2160 1121 2267 1181 tem
2314 1125 2655 1184 Caecilianum
2693 1130 3028 1200 septuaginta
3071 1130 3481 1199 damnaverunt,
3520 1149 3731 1190 comme-

2157 1228 2424 1275 moratum
2473 1227 2558 1275 est
2597 1219 2756 1275 etiam
2799 1233 2829 1274 a
2884 1212 3214 1289 Melchiade,
3267 1223 3508 1280 habitum
3566 1227 3621 1292 ',
3661 1227 3729 1280 ubi

2158 1305 2478 1365 Cmcilianus
2506 1317 2591 1365 est
2618 1309 2912 1366 absolutus.
2941 1311 3159 1368 Littera:
3197 1319 3328 1370 tero
3375 1315 3479 1371 illa:
3506 1311 3732 1372 Mensnrii

2160 1407 2216 1456 et
2252 1399 2484 1457 Secundi
2512 1417 2773 1473 nusquam
2807 1403 2934 1460 alibi
2959 1415 3395 1462 commemoratae
3420 1399 3730 1472 dicebantur,

2159 1491 2303 1549 unde
2329 1493 2475 1548 nullo
2503 1487 2610 1550 alio
2635 1497 2939 1552 testimonio
2968 1497 3169 1554 veritas
3189 1513 3374 1554 earum
3391 1504 3728 1564 asserebatur,

2159 1593 2262 1642 nec
2290 1595 2471 1643 tamen
2493 1587 2612 1643 ideo
2641 1588 2889 1644 dicebant
2911 1589 3172 1646 Catholici
3204 1591 3366 1648 falsas
3389 1607 3530 1650 esse.
3552 1593 3731 1650 Dictum

2161 1688 2244 1734 est
2274 1680 2435 1734 etiam
2468 1675 2572 1735 hoc
2597 1694 2626 1734 a
2654 1679 2968 1750 Catholicis,
2996 1691 3055 1738 ut
3084 1684 3374 1761 probarent
3395 1683 3678 1742 Donatistx‘
3702 1689 3734 1742 si

2161 1775 2401 1842 possent,
2461 1781 2702 1844 tempore
2751 1774 3140 1846 persecutionis
3170 1776 3250 1831 sic
3301 1776 3369 1832 ad
3419 1789 3478 1834 se
3529 1778 3732 1834 inrice

2161 1864 2441 1934 scripsisse
2469 1865 2770 1936 episcopos,
2817 1849 3269 1937 quemadmodum
3321 1862 3649 1925 Mensurium
3693 1877 3738 1925 et

2160 1954 2467 2012 Secundum
2496 1958 2777 2027 scripsisse
2803 1957 3165 2028 proferebant.
3207 1957 3360 2027 Quod
3389 1973 3496 2016 non
3530 1959 3647 2018 ideo
3671 1962 3736 2019 di-

2161 2047 2355 2102 cebant
2383 2047 2670 2115 Catholici,
2701 2055 2760 2104 ut
2787 2050 2911 2106 hinc
2957 2051 3074 2107 illas
3122 2050 3378 2108 Mensurii
3429 2061 3484 2109 et
3528 2052 3736 2109 Secundi

2163 2140 2374 2196 litteras
2403 2140 2564 2197 falsas
2603 2157 2722 2199 esse
2748 2151 3131 2211 monstrarent,
3180 2161 3302 2216 qua:
3337 2159 3434 2201 seu
3475 2159 3623 2201 verm
3656 2157 3733 2200 seu
3763 2140 3765 2216 Ῑ

2162 2231 2312 2290 falsae
2341 2243 2552 2303 essent,
2584 2241 2758 2293 causae
2798 2237 2928 2293 nihil
2968 2239 3273 2306 officerent;
3317 2240 3411 2297 sed
3441 2249 3500 2295 ut
3521 2241 3642 2297 hinc
3667 2237 3733 2294 in-

2162 2326 2471 2398 telligerent
2535 2327 2859 2398 Donatistae,
2911 2345 3073 2403 quam
3130 2347 3264 2388 vana
3319 2334 3734 2406 tergiversatione

2163 2418 2474 2478 Catholicos
2512 2431 2767 2492 cogerent
2815 2423 2918 2478 alia
2951 2423 3192 2494 proferre
3230 2426 3458 2481 concilia
3512 2439 3734 2496 perseca-

2165 2512 2328 2568 tionis
2353 2522 2591 2584 tempore
2616 2525 2932 2586 congregata
2962 2534 2975 2570 :
3007 2515 3129 2586 quia
3154 2515 3199 2571 si
3235 2515 3316 2572 eis
3346 2515 3733 2572 similiobstina-

2165 2608 2312 2665 tione
2341 2608 2628 2674 diceretur,
2660 2608 2899 2664 Profertc
2927 2616 2981 2664 et
3005 2625 3100 2665 vos
3129 2609 3265 2665 alias
3291 2610 3551 2681 epistolas
3580 2623 3732 2681 perse-

2165 2703 2394 2758 cutionis
2420 2711 2660 2773 tempore
2689 2702 2766 2757 sic
2796 2703 3021 2773 scriptas
3048 2711 3101 2757 et
3125 2702 3339 2769 missas,
3371 2719 3490 2773 qua:
3522 2705 3570 2758 si
3589 2703 3734 2774 aliquo

2165 2797 2328 2853 modo
2377 2796 2938 2867 deprehenderentur,
2969 2803 3024 2852 et
3065 2795 3283 2852 codices
3319 2798 3578 2853 occultati
3616 2795 3730 2867 exigi

2165 2897 2406 2961 possent,
2438 2897 2493 2944 et
2516 2888 2650 2944 ordo
2679 2897 2731 2944 et
2748 2898 2964 2943 curator
2983 2889 3294 2944 etcenturio
3312 2898 3367 2945 et
3388 2889 3735 2946 beneﬁciarius

2163 2980 2232 3035 ad
2257 2981 2542 3036 discrimen
2563 2981 2752 3052 capitis
2779 2981 3081 3053 pervenire,
3105 2982 3194 3054 qui
3221 2981 3530 3038 Secundum
3554 2981 3733 3038 tradere

2164 3071 2433 3127 nolentem
2482 3071 2798 3141 impunitum
2847 3071 3114 3129 dimisisse
3166 3072 3575 3146 prodebantur;
3618 3069 3736 3128 nullo

2163 3164 2326 3220 modo
2351 3163 2418 3220 ad
2455 3162 2642 3220 horam
2673 3165 2971 3236 reperirent
3023 3165 3156 3222 alias
3205 3165 3465 3238 epistolas
3516 3174 3734 3237 tempore

2160 3255 2550 3328 persecutionis
2575 3256 2644 3310 ab
2689 3257 2951 3327 episcopis
2978 3255 3045 3311 ad
3070 3257 3352 3328 episcopos
3399 3258 3452 3313 in
3494 3265 3602 3314 tam
3645 3256 3738 3311 lon-

2162 3348 2357 3419 ginqua
2390 3357 2655 3403 terrarum
2682 3348 2927 3403 similiter
2951 3346 3121 3403 datas.

2233 3440 2323 3496 55.
2363 3438 2497 3496 Cum
2517 3454 2646 3512 ergo
2668 3439 2794 3495 hinc
2814 3439 3063 3496 diuturna
3080 3439 3408 3496 conﬂictatio
3423 3439 3599 3509 ﬁeret,
3616 3452 3734 3507 saepe

2161 3530 2530 3602 repetentibus
2553 3531 2848 3586 Donatistis
2877 3545 2984 3586 non
3021 3531 3257 3600 potuisse
3289 3538 3538 3600 tempore
3577 3542 3730 3600 perse-

2107 3619 2118 3630 ’
2162 3623 2391 3680 cutionis
2411 3623 2696 3679 concilium
2723 3622 3033 3693 congregari
3059 3621 3126 3676 ad
3153 3622 3469 3692 episcopum
3513 3621 3734 3677 ordinan-

2165 3717 2314 3783 dum,
2345 3716 2468 3788 quia
2490 3716 2547 3772 in
2575 3717 2841 3788 apostasia
2862 3723 2980 3772 erat
3007 3715 3258 3784 mundus,
3286 3731 3388 3771 nec
3401 3715 3731 3787 erantquibus

2165 3811 2540 3879 ordinaretur,
2589 3819 2644 3867 et
2683 3820 2876 3867 caetera
2919 3809 3043 3866 talia
3077 3826 3091 3863 :
3123 3808 3415 3865 Catholicis
3449 3819 3627 3865 autem
3667 3821 3733 3861 rr-
3764 3873 3765 3876 η

2163 3904 2572 3976 spondentibus,
2607 3901 2751 3975 quod
2774 3912 2827 3958 et
2856 3903 3091 3975 episcOpi
3117 3900 3274 3958 facile
3301 3909 3731 3975 congregarentur
3764 3897 3765 3942 ἓ

2165 3999 2273 4052 tam
2305 3997 2481 4068 pauci,
2518 4002 2576 4050 ut
2629 4009 2729 4050 nec
2774 3994 3063 4050 concilium
3112 3993 3218 4050 dici
3263 3993 3496 4060 debeat;
3549 3989 3733 4066 quando

2165 4090 2346 4162 plebes
2374 4089 2866 4162 congregabantur,
2899 4090 3038 4144 sicut
3079 4098 3226 4160 gesta
3264 4089 3566 4161 martyrum
3598 4095 3730 4143 testa-

2163 4193 2382 4250 rentur;
2439 4192 2494 4239 et
2542 4192 2696 4240 erant
2742 4183 2859 4239 sine
2906 4181 3067 4238 dubio
3121 4181 3315 4251 quibus
3383 4173 3765 4238 ordinarentur

2164 4274 2420 4346 episcopi,
2446 4275 2574 4346 ipsa:
2598 4276 2782 4347 utique
2828 4273 3008 4345 plebes
3047 4287 3178 4344 quas
3215 4279 3343 4328 tunc
3389 4273 3579 4329 solitas
3624 4284 3728 4326 con-

2163 4367 2373 4438 gregari
2394 4374 2543 4436 gesta
2566 4374 2859 4436 martyrum
2889 4365 3243 4436 loquebantur
3275 4382 3288 4419 :
3321 4363 3441 4422 hmo
3466 4380 3589 4421 cum
3614 4361 3723 4418 assio
3764 4361 3765 4372 ‘

2165 4457 2269 4514 (lue
2300 4457 2481 4514 multis
2507 4465 2562 4513 et
2589 4458 2751 4514 variis
2783 4456 2955 4513 modis
3003 4455 3337 4524 dicerentur,
3362 4464 3420 4512 et
3457 4453 3726 4528 responde-
3764 4495 3765 4502 η

2165 4559 2349 4608 rentur
2376 4569 2390 4605 :
2420 4565 2543 4605 nam
2567 4558 2620 4606 et
2641 4549 2859 4605 domum
2891 4549 3148 4619 privatam
3178 4547 3503 4603 Christianis
3531 4559 3725 4616 congre-

2164 4642 2350 4714 gandis
2409 4645 2700 4714 pnestitam
2749 4641 2992 4698 constitit
3041 4649 3285 4711 tempore
3339 4637 3724 4711 persecutionis.

2165 4738 2303 4793 sicut
2330 4736 2381 4790 in
2403 4735 2718 4807 quibusdam
2753 4734 2918 4806 gestis
2949 4743 3241 4806 martyrum
3280 4733 3592 4803 legebatur;
3629 4727 3722 4799 quia

2166 4827 2455 4884 Donatista:
2484 4826 2731 4883 dixerunt
2767 4825 2883 4881 ﬁeri
2913 4841 3018 4882 non
3045 4825 3283 4896 potuisse
3313 4833 3371 4880 ut
3395 4823 3489 4880 illo
3521 4833 3726 4892 tempore
3764 4881 3765 4884 η

2166 4921 2381 4978 domum
2405 4936 2553 4977 suam
2576 4921 2856 4993 quisquam
2879 4920 3174 4991 praeberet:
3201 4927 3255 4974 et
3271 4921 3723 4974 commemoratum
3764 4923 3765 4928 ‘

2166 5025 2250 5072 est
2276 5031 2441 5087 usque
2462 5013 2596 5070 adeo
2625 5029 2733 5069 non
2760 5027 2881 5069 esse
2902 5009 3392 5080 iucredibile,quod
3417 5010 3471 5064 in
3497 5010 3724 5080 privatam

2166 5109 2382 5165 domum
2430 5109 2583 5180 pauci
2639 5107 2716 5164 illi
2786 5105 3022 5177 episcopi
3075 5103 3467 5176 persecutionis
3518 5109 3727 5169 tempore

2167 5209 2552 5269 convenerunt,
2584 5207 2645 5254 ut
2670 5197 2909 5254 fervente
2933 5193 3309 5267 persecutione
3337 5193 3500 5249 etiam
3542 5191 3594 5246 in
3629 5201 3726 5242 car-

2167 5307 2290 5347 cere
2316 5290 2608 5347 doceantur
2626 5287 2878 5361 baptizati
2909 5293 3191 5357 martyres,
3222 5293 3278 5339 et
3301 5282 3411 5339 illic
3439 5298 3471 5338 a
3498 5276 3724 5337 Christia-

2166 5384 2251 5439 nis
2306 5382 2571 5439 celebrata
2615 5381 2956 5436 Sacramenta
2982 5418 2998 5444 ,
3057 5375 3147 5432 ubi
3202 5372 3494 5431 Christiani
3537 5375 3723 5444 propter
3764 5407 3765 5418 χ

431 5479 672 5548 pmltisse
709 5495 774 5534 eo
803 5489 1059 5550 tempore,
1089 5501 1194 5554 quo
1224 5490 1392 5544 etiam
1442 5491 1888 5562 congregatim“
1927 5489 2044 5559 ple.
2167 5477 2352 5532 eadem
2385 5476 2729 5530 Sacramenta
2760 5472 3078 5528 tenebantur
3109 5469 3322 5524 inclusi.

428 5573 574 5631 bium
605 5575 720 5632 fieri
766 5576 1027 5644 solebant,
1055 5584 1296 5650 quamvis
1343 5589 1732 5659 persecutione
1770 5578 2042 5654 fervente,
2099 5652 2102 5655 _

491 5693 506 5722 ί
544 5701 667 5751 Am.,
691 5694 903 5770 utrisque
928 5697 1212 5752 consulibus.

2153 5529 2189 5578 ’ί
2222 5529 2462 5626 CAPUT
2499 5529 2686 5623 XVIII.
2727 5597 2797 5606 —
2834 5566 2977 5621 luter
2999 5565 3113 5621 haec
3130 5577 3256 5635 ergo
3275 5559 3492 5620 tandem
3511 5554 3717 5628 aliqum“
3764 5529 3765 5540 χ

2235 5692 2247 5724 ι
2285 5694 2440 5748 Forte,
2463 5684 2511 5737 in
2525 5682 2716 5748 judicio
2739 5681 2912 5734 habito.

2133 5759 2161 5786 in
