3778 6194
22 219 114 278 645
889 201 1319 265 BREVICULUS
1355 196 1803 260 COLLATIONIS
1828 200 1971 260 CUM
2009 201 2432 264 DONATISTIS.

20 337 101 400 do,
120 347 259 406 saepe
295 333 453 389 etiam
481 328 738 406 Cognitor
780 326 1155 390 interlocutus,
1187 320 1302 379 fieri
1353 319 1593 392 potuisse

21 430 156 491 illum
181 435 500 484 Conventum
526 425 595 480 ab
624 422 907 494 episcopis,
937 417 1149 491 quando
1179 425 1234 473 et
1257 414 1441 487 plebes
1463 427 1596 468 con-

17 522 235 597 gregata:
269 517 668 592 probabantur;
697 513 956 583 compulit
982 511 1306 574 Donatistas,
1332 515 1597 564 utcontra

19 613 288 672 aoncilium
329 599 694 681 iudiciumque
739 597 1070 672 Melchiadis,
1133 616 1240 674 quo
1284 599 1599 657 Cmcilianus

30 712 260 777 purgatus
286 709 446 772 atque
473 699 754 777 absolutus,
789 697 1084 768 legebatur,
1122 694 1169 749 si
1200 692 1461 748 haberem
1498 691 1597 745 ali-

27 775 136 866 quid
161 791 421 861 dicerent,
455 789 706 862 quoniam
734 775 844 843 illic
874 786 1052 858 potius
1081 799 1239 856 quam
1272 783 1324 839 in
1351 783 1442 838 illo
1479 777 1597 836 Cir-

28 889 148 945 teasi
169 887 395 944 concilio
418 899 580 941 causa
609 883 952 940 consisteret.

87 983 167 1038 34.
197 980 350 1036 Tunc
393 978 682 1034 Donatista:
711 969 888 1048 ipsum
929 971 1279 1030 Melchiadem
1321 978 1601 1042 coeperunt

26 1074 230 1131 crimine
261 1069 566 1127 traditionis
595 1077 849 1140 arguere,
884 1076 940 1123 et
966 1066 1176 1135 dicere,
1209 1065 1444 1136 majores
1472 1079 1601 1121 suos

29 1176 288 1238 propterea
312 1165 454 1220 illius
471 1163 728 1234 judicium
753 1161 1034 1232 refugisse,
1053 1159 1195 1232 quod
1226 1159 1449 1216 traditor
1470 1157 1600 1214 fuis-

27 1269 99 1316 set
129 1279 141 1316 :
169 1258 314 1330 quasi
347 1272 453 1312 non
490 1256 599 1326 jam
635 1255 836 1326 judicio
867 1255 980 1325 ejus
1007 1251 1318 1308 assistercnt
1356 1254 1398 1320 ί,
1429 1259 1484 1308 et
1510 1267 1599 1307 re-

28 1347 332 1422 sponderant
362 1365 424 1406 se
451 1350 506 1404 in
536 1335 879 1404 Caecilianum
911 1361 1020 1402 non
1053 1345 1250 1402 habere
1281 1343 1422 1415 quod
1450 1342 1599 1398 dice-

31 1452 151 1499 rent.
173 1441 275 1500 Sed
299 1451 478 1497 tamen
505 1440 646 1495 facto
668 1439 849 1510 judice
879 1439 1105 1505 intento,
1137 1447 1314 1493 utrum
1343 1437 1410 1492 de
1438 1435 1601 1492 tradi-

32 1535 170 1589 tionis
196 1533 422 1590 crimine
453 1531 766 1588 Melcbiadis
794 1530 1009 1602 aliquod
1046 1530 1306 1602 judicium
1332 1573 1347 1600 ,
1375 1530 1459 1584 vel
1499 1545 1602 1600 pu-

34 1625 242 1692 blicum,
296 1627 386 1682 vel
441 1625 860 1681 ecclesiasticum
926 1622 1299 1694 proferretur,
1366 1622 1601 1692 ipsisque

34 1720 294 1776 Catholieis
321 1719 375 1774 id
405 1727 460 1774 ut
485 1718 801 1790 probaretur
838 1715 1275 1788 exspectantibus
1301 1723 1355 1770 et
1382 1715 1604 1784 exigen-

34 1813 172 1882 tibus,
199 1815 445 1886 legerunt
474 1812 764 1868 Donatista:
793 1819 940 1883 gesta
968 1809 1211 1881 quaedam
1243 1808 1602 1880 prolixissima

34 1909 151 1978 apud
191 1909 498 1980 prmfectum
524 1948 538 1974 ,
582 1906 672 1962 ubi
701 1921 802 1962 nec
840 1904 1124 1976 prmfectus
1155 1905 1269 1974 ipse
1297 1901 1601 1974 cujusmodi

34 2008 155 2055 esset
197 1999 521 2071 apparebat,
565 1983 665 2055 nec
707 1997 857 2052 locus
886 1996 1179 2066 legebatur,
1210 1994 1299 2051 ubi
1330 1994 1447 2050 bace
1473 2010 1602 2066 age-

34 2092 218 2148 bantur.
260 2092 365 2149 Sed
413 2100 562 2162 gesta
607 2091 721 2161 ipsa
771 2089 970 2144 multos
1021 2087 1186 2143 multa
1238 2086 1600 2144 ecclesiastica

36 2183 277 2239 tradentes
305 2183 618 2253 longissima
649 2181 964 2238 recitatione
990 2187 1323 2244 sonuerunt,
1366 2178 1457 2234 ubi
1499 2193 1602 2234 no-

35 2291 138 2331 men
161 2275 469 2332 Melchiadis
501 2275 719 2329 omnino
750 2289 856 2328 non
899 2272 1095 2328 sonuit.
1137 2270 1338 2338 Quibus
1367 2268 1602 2340 peractis

36 2384 137 2423 cum
163 2367 416 2441 Cognitor
439 2367 727 2422 miraretur
745 2365 889 2420 aliud
917 2364 1240 2435 promissum
1267 2370 1322 2418 et
1348 2361 1490 2417 aliud
1516 2378 1602 2418 re-

36 2461 225 2514 citatum
245 2502 258 2526 ,
285 2460 357 2514 illi
381 2459 557 2514 adhuc
574 2458 689 2529 ejus
715 2456 1023 2528 patientiam
1048 2455 1426 2528 deposcentes,
1449 2463 1602 2526 gesta

37 2547 122 2605 alia
140 2552 448 2617 recitarunt,
468 2551 519 2604 in
535 2550 728 2622 quibus
747 2548 1023 2620 legebatur
1037 2547 1362 2603 Melchiades
1388 2546 1600 2601 misisse

37 2643 262 2700 diaconos
287 2659 411 2701 cum
443 2643 632 2699 litteris
674 2641 926 2698 Maxentii
969 2641 1308 2712 imperatoris
1333 2648 1386 2696 et
1410 2639 1602 2695 litteris

39 2737 242 2805 prrefecti
266 2737 518 2806 praetorio
539 2735 606 2792 ad
627 2735 936 2807 praefectum
960 2732 1128 2799 urbis,
1147 2741 1201 2787 ut
1221 2747 1282 2788 ea
1302 2731 1607 2802 reciperent

39 2845 137 2898 (λικε
166 2840 401 2901 tempore
442 2827 831 2899 persecutionis
859 2825 1035 2880 ablata
1072 2832 1400 2880 memoratus
1431 2823 1604 2892 impe-

40 2933 162 2978 rator
183 2923 497 2980 Christianis
521 2923 756 2994 jusserat
785 2919 957 2977 reddi.
1005 2919 1077 2974 Et
1117 2933 1238 2974 cum
1282 2917 1368 2972 his
1393 2931 1606 2988 quoque

39 3019 175 3084 gestis
200 3018 402 3073 nullum
448 3013 759 3072 Melchiadis
785 3015 990 3071 crimen
1031 3021 1085 3068 et
1115 3011 1388 3084 Cognitori
1417 3019 1470 3067 et
1498 3008 1604 3066 Ca-

40 3109 221 3166 tholicis
244 3109 616 3166 defensoribus
644 3114 962 3179 appareret,
994 3104 1247 3160 dixerunt
1275 3103 1564 3158 Donatistae
1585 3145 1601 3168 ,

40 3201 309 3258 Stratonem
352 3203 641 3259 diaconum
663 3245 677 3268 ,
706 3216 863 3272 quem
893 3215 1014 3255 cum
1042 3199 1159 3254 aliis
1185 3195 1506 3253 Melchiades
1537 3194 1604 3250 ad

41 3294 310 3365 recipienda
359 3296 480 3350 loca
524 3293 888 3350 ecclesiastica
933 3291 1190 3359 miserat,
1234 3288 1606 3361 superioribus

42 3391 180 3456 gestis
217 3391 497 3445 recitatum
535 3404 656 3444 esse
701 3386 1049 3453 traditorem;
1093 3392 1149 3440 et
1194 3383 1316 3439 ideo
1357 3381 1606 3438 volebant

41 3482 174 3536 etiam
194 3482 546 3539 Melchiadem
568 3480 794 3536 crimine
817 3478 1116 3534 traditionis
1137 3491 1442 3548 aspergere,
1465 3473 1608 3546 quod

43 3573 237 3631 diacono
267 3577 352 3632 illo
384 3591 496 3631 non
523 3574 812 3646 degradato
844 3582 1105 3629 uteretur.
1141 3573 1194 3627 In
1228 3569 1608 3644 prosecutione

42 3677 192 3722 autem
230 3685 321 3724 sua
366 3669 625 3724 dixerunt
665 3665 1013 3723 Melchiadem
1047 3664 1262 3721 tertium
1294 3664 1608 3734 episcopum

43 3754 183 3814 fuisse
206 3759 270 3815 ab
297 3759 411 3826 illo,
441 3759 530 3830 qui
560 3767 686 3813 tunc
707 3765 968 3812 eratcum
998 3756 1212 3812 traditio
1244 3756 1332 3811 illa
1360 3754 1501 3810 facta
1521 3770 1609 3811 es-

44 3855 126 3901 set.
151 3849 242 3906 llic
267 3850 528 3922 Cognitor
554 3849 852 3920 requisivit,
877 3858 1057 3904 utrum
1080 3849 1268 3904 saltem
1301 3849 1352 3902 in
1377 3847 1481 3903 illis
1503 3857 1610 3903 tra-

45 3937 232 3996 ditionis
250 3943 418 4013 gestis
438 3949 584 3997 esset
599 3955 938 4012 expressum,
957 3940 1099 4012 quod
1120 3940 1334 3997 Straton
1353 3940 1611 3996 diaconus

46 4027 195 4087 fuerit.
222 4033 286 4088 Et
320 4033 603 4089 recitatum
631 4041 713 4088 est
741 4047 862 4088 cum
887 4032 1195 4087 hortatorem
1214 4032 1499 4087 vanissima:
1520 4050 1609 4089 su-

48 4126 322 4190 perstitionis
352 4126 679 4198 appellatum
712 4143 724 4176 :
758 4123 900 4196 quod
947 4139 1056 4179 non
1109 4124 1284 4178 solum
1329 4125 1444 4194 ipse
1466 4166 1480 4191 ,
1515 4126 1611 4181 sed

48 4215 182 4272 etiam
207 4220 382 4274 caeteri
409 4218 506 4289 qui
527 4217 827 4281 tradebant,
851 4215 1275 4287 appellabantur.
1305 4214 1410 4270 Sed
1438 4217 1611 4270 Dona-

50 4307 165 4364 tistte
206 4309 627 4381 responderunt,
659 4324 689 4363 a
734 4307 1034 4364 Gentilibus
1080 4307 1511 4377 persecutoribus
1558 4307 1614 4362 in

49 4404 401 4459 contumeliam
432 4401 706 4474 religionis
728 4409 783 4457 et
805 4401 1060 4457 diaconos
1089 4409 1143 4455 ct
1171 4399 1518 4471 presbyteros
1539 4401 1612 4457 ita

50 4495 297 4551 vocitatos.

108 4587 188 4642 '55.
216 4588 354 4659 Ergo
387 4586 648 4644 Catholici
685 4584 1108 4656 responderunt,
1138 4598 1259 4640 cum
1283 4583 1476 4639 mirum
1507 4597 1612 4638 non

53 4687 204 4747 esset,
233 4687 480 4750 essetque
508 4678 561 4733 in
589 4677 752 4734 rebus
783 4677 1029 4732 humanis
1070 4676 1474 4732 usitatissimum
1496 4716 1510 4744 ,
1555 4685 1618 4732 ut

51 4781 144 4824 non
181 4771 283 4827 duo
328 4780 532 4826 tantum
555 4812 570 4838 ,
609 4786 796 4826 verum
823 4770 986 4826 etiam
1016 4770 1196 4841 plures
1224 4769 1469 4826 homines
1508 4785 1617 4824 uno

52 4864 244 4920 nomine
266 4873 612 4930 vocarentur;
644 4863 757 4918 fieri
787 4862 1002 4936 quidem
1030 4859 1265 4934 potuisse
1297 4871 1353 4917 ut
1389 4863 1475 4917 ille
1506 4873 1615 4918 tra-

55 4953 180 5012 ditor
203 4956 417 5014 Straton
443 4958 725 5040 presbyter
751 4956 910 5014 fuerit
926 4999 941 5026 ,
970 4958 1071 5014 iste
1096 4965 1275 5013 autem
1305 4956 1440 5012 alius
1463 4955 1614 5013 Stra—

110 5158 123 5188 ¹
154 5165 332 5224 peesse
354 5158 600 5224 quidpiam
637 5157 846 5224 videtur.
867 5163 1006 5224 Forte
1040 5163 1166 5219 post,
1209 5153 1516 5224 assisterent;
1546 5153 1622 5224 le-

57 5219 268 5285 gendum,
291 5215 488 5285 quéndo
513 5219 701 5285 inducti
723 5218 784 5285 ob
816 5218 934 5285 ipsis
974 5215 1113 5270 testes
1133 5215 1481 5285 responderunt
1498 5215 1553 5268 'se
1574 5215 1625 5267 in

56 5281 360 5344 gracilitatem,
384 5291 480 5334 etc.
504 5292 617 5333 Nam
636 5283 700 5333 de
726 5282 816 5332 hac
836 5281 894 5333 re
916 5289 1116 5344 Optatus
1136 5281 1221 5332 lib.
1245 5284 1266 5330 1
1292 5294 1311 5344 ς
1339 5297 1363 5344 at
1382 5285 1572 5339 Testes,
1594 5296 1617 5344 η

56 5338 209 5416 inquit,
237 5364 258 5393 ε
269 5338 453 5416 inducti
474 5352 724 5416 a__Donato,
743 5338 1080 5416 copfessi'sunt
1100 5357 1157 5416 se
1179 5343 1480 5416 non_b_a_bere
1497 5338 1626 5416 quod

9 5465 14 5468 _
65 5419 96 5470 «_
109 5404 151 5454 in
168 5404 463 5459 Caecilianum
483 5409 722 5459 dicerent.
741 5423 764 5451 ν)
793 5412 849 5457 El.
878 5406 1021 5470 paulo
1055 5415 1164 5470 post
1200 5405 1470 5470 Melcbiadis
1499 5404 1626 5466 judi-

59 5467 380 5539 ciumsubjieit
400 5473 450 5521 in
480 5472 588 5522 haec
604 5472 757 5522 verba
780 5483 792 5519 :
829 5488 851 5516 α
869 5467 988 5539 Cum
1005 5467 1283 5539 constiterit
1303 5467 1627 5539 Caecilianum,

67 5541 88 5571 ι
108 5527 162 5578 ab
182 5532 237 5582 iis
258 5527 339 5598 qui
361 5548 472 5598 cum
488 5541 668 5585 Donato
690 5539 956 5598 venerunt,
971 5533 1110 5596 juxta
1127 5532 1479 5598 professionem
1494 5544 1632 5580 suam

68 5602 88 5631 ι
109 5602 192 5640 non
213 5593 440 5656 accusari,
463 5609 560 5646 nec
578 5610 606 5646 a
622 5599 804 5645 Donato
823 5593 1093 5658 convicttnn
1109 5593 1222 5646 esse
1244 5596 1295 5644 in
1309 5593 1467 5658 aliqua
1492 5601 1630 5657 parte

70 5665 89 5692 ι
110 5658 378 5720 constiterit,
402 5669 502 5709 suae
541 5658 862 5709 communioni
897 5656 1234 5710 ecclesiastica:
1275 5656 1466 5720 integro
1498 5656 1630 5707 statu

69 5727 91 5756 ι
111 5718 401 5771 retinendum
424 5722 599 5772 merito
624 5727 735 5771 esse
759 5731 957 5768 censeo.
979 5735 1001 5764 υ

3189 206 3297 270 646

1714 326 1803 373 ton
1833 317 2090 377 diaconus
2116 339 2128 376 :
2153 323 2404 393 quoniam
2442 321 2734 380 Donatistae
2758 321 3013 379 dixerant
3036 331 3089 379 et
3115 323 3295 382 diaco-

1704 426 1802 468 nos
1829 421 1882 469 et
1920 413 2261 486 presbyteros
2286 417 2589 472 hortatores
2615 417 2920 474 vanissima:
2950 418 3289 488 superstitio-

1703 504 1787 560 nis
1809 521 1837 559 a
1859 503 2159 561 Gentilibus
2184 508 2440 579 appellari
2466 526 2480 563 :
2512 524 2817 581 quanquam
2847 523 3038 566 omnes
3068 509 3292 566 clericos

1705 597 1808 652 isto
1847 600 2237 655 contumelioSo
2278 601 2494 657 nomine
2539 591 2776 658 Gentiles
2803 602 3075 673 appellare
3110 611 3299 673 pelue-

1706 689 1832 755 rint,
1862 699 1914 745 et
1933 691 2100 745 multo
2121 699 2265 747 esset
2290 692 2544 748 incertius
2565 692 2716 762 cujus
2740 693 2934 765 gradus
2958 693 3188 749 clericus
3212 693 3299 750 ille

1708 781 1930 856 traditor
1969 780 2556 839 fueritzverumtamen
2595 785 2805 840 etiamsi
2844 801 2968 842 eum
3006 784 3292 841 diaconum

1706 872 1875 929 fuisse
1903 884 2086 946 posset
2120 877 2362 943 ostendi,
2397 881 2571 950 neque
2595 878 2696 934 hoc
2719 894 2842 936 esse
2868 879 3178 935 incredibile
3209 891 3300 935 aut

1708 967 1924 1033 mirum,
1953 983 2074 1022 cum
2101 976 2225 1024 ante
2252 964 2473 1040 parvum
2504 978 2713 1042 tempus
2742 971 2795 1026 in
2826 971 2939 1042 ipsa
2967 972 3098 1027 urbe
3125 972 3296 1027 Roma

1708 1057 1814 1114 duo
1835 1059 1976 1114 Petri
1997 1059 2205 1116 diaconi
2231 1047 2450 1117 fuerint.
2481 1059 2617 1118 Illud
2643 1079 2854 1135 quoque
2885 1063 3122 1120 additum
3154 1075 3237 1120 est
3266 1080 3297 1119 a

1709 1151 2027 1221 Catholicis,
2061 1154 2182 1225 quia
2230 1155 2332 1209 etsi
2372 1154 2851 1223 demonStraretur,
2893 1155 3036 1228 quod
3077 1158 3299 1212 omnino

1708 1259 1817 1303 non
1859 1247 2347 1315 demonstrabatur,
2378 1249 2629 1306 eumdem
2673 1247 2976 1306 Stratonem
3012 1251 3297 1307 diaconum

1709 1340 2011 1408 tradidisse,
2031 1357 2188 1413 quem
2211 1351 2396 1414 postea
2417 1339 2736 1398 Melchiades
2762 1341 2828 1397 ad
2853 1341 3156 1413 recipienda
3179 1343 3299 1402 loca

1709 1433 2071 1489 ecclesiastica
2113 1449 2236 1489 cum
2279 1433 2398 1489 aliis
2431 1433 2672 1491 diaconis
2710 1435 2878 1501 misit,
2907 1450 3015 1490 non
3043 1436 3300 1491 continuo

1709 1527 2059 1583 Melchiadem
2087 1527 2189 1583 isto
2220 1529 2442 1584 Crimine
2474 1529 2705 1600 aspergi,
2734 1543 2893 1599 quem
2918 1529 3092 1599 potuit
3117 1544 3302 1599 perse-

1710 1621 1853 1677 cutio
1883 1622 2039 1694 longe
2065 1621 2241 1678 facere
2267 1622 2565 1688 absentem,
2598 1631 2654 1677 ut
2678 1621 2780 1677 hoc
2805 1623 3026 1678 omnino
3051 1623 3300 1691 nesciret,

1711 1727 1940 1784 eumque
1967 1713 2307 1768 innocentem
2340 1722 2570 1784 putaret,
2596 1729 2754 1785 quem
2783 1729 2942 1770 nemo
2969 1729 3121 1770 reum
3146 1730 3305 1772 accu-

1710 1803 1879 1860 sando
1896 1814 2239 1861 monstraret.
2261 1805 2457 1861 Contra
2480 1805 2567 1862 hic
2587 1806 2781 1862 frustra
2804 1807 3093 1864 Donatista:
3113 1809 3304 1866 eadem

1710 1914 1808 1969 per
1831 1897 2018 1954 eadem
2049 1899 2348 1956 diutissime
2373 1901 2766 1957 clamaverunt.

1784 1988 1874 2044 56.
1915 1989 2042 2045 Post
2067 1983 2419 2046 Collationem
2445 2006 2576 2046 sane
2603 1991 2764 2047 etiam
2790 1989 2858 2048 de
2881 1992 3140 2050 Cassiano
3175 1994 3306 2053 Μει-

1711 2080 1886 2137 chiadi
1915 2081 2222 2137 calumniati
2250 2091 2407 2150 sunt,
2450 2083 2574 2153 quia
2601 2084 2763 2139 etiam
2790 2083 2892 2140 hoc
2922 2100 3116 2141 nomen
3156 2096 3210 2142 et
3249 2087 3305 2143 in

1712 2173 1951 2230 diaconis
1979 2174 2265 2242 invenitur,
2294 2189 2428 2245 quos
2451 2175 2515 2230 ad
2545 2175 2857 2247 prmfectum
2882 2178 3026 2233 misit
3052 2177 3306 2235 Melchia-

1712 2264 1844 2333 des,
1875 2276 1929 2321 et.
1974 2266 2025 2321 in
2067 2269 2171 2322 illis
2211 2266 2380 2338 gestis
2418 2268 2507 2323 ubi
2535 2267 2670 2323 facta
2699 2269 2913 2325 traditio
2940 2271 3157 2328 recitata
3197 2282 3301 2328 est.

1711 2357 1867 2428 Quod
1897 2359 1942 2415 si
1973 2361 2026 2416 in
2052 2359 2350 2418 Collatione
2379 2360 2639 2429 dicerent,
2673 2361 2828 2419 facile
2857 2365 3027 2434 potuit
3057 2381 3086 2420 a
3107 2365 3306 2423 Catho-

1712 2453 1831 2510 licis
1856 2455 2204 2524 responderi,
2244 2457 2296 2512 in
2327 2465 2471 2512 tanta
2501 2458 2652 2512 turba
2681 2447 3046 2515 Romanorum
3078 2447 3305 2517 clerico-

1712 2560 1836 2600 rum
1862 2546 1995 2600 nihil
2021 2547 2213 2601 mirum
2243 2547 2407 2603 fuisse
2437 2549 2481 2603 si
2509 2547 2614 2604 duo
2635 2549 2719 2604 vel
2751 2550 2959 2620 plures,
2994 2566 3100 2607 non
3136 2552 3307 2608 solum

1713 2641 2025 2709 Stratones,
2058 2643 2152 2698 sed
2185 2643 2348 2698 etiam
2382 2643 2624 2698 Cassiani
2663 2645 3060 2714 reperirentur;
3093 2662 3212 2702 cum
3255 2648 3308 2703 in

1714 2733 1997 2790 duodecim
2029 2736 2322 2805 Apostolis,
2350 2751 2455 2791 non
2481 2738 2654 2791 solum
2678 2737 2783 2792 duo
2815 2729 2965 2793 ludat
2985 2782 2998 2806 ,
3028 2740 3121 2795 sed
3147 2741 3307 2796 etiam

1714 2829 1822 2884 duo
1847 2828 2028 2884 Jacobi
2061 2830 2363 2901 legerentur
2384 2848 2396 2883 :
2416 2829 2518 2885 nisi
2549 2829 2684 2886 forte
2708 2831 2835 2901 ipsis
2861 2831 3311 2889 licuissetCasen-

1716 2936 1830 2977 sem
1860 2936 1890 2974 a
1920 2922 2125 2976 Donato
2154 2913 2562 2993 Carthaginensi
2599 2923 2928 2995 distinguere
2949 2967 2963 2992 ,
2996 2939 3118 2980 cum
3151 2926 3311 2981 time-

1715 3025 1840 3070 rent
1864 3031 1930 3070 ne
1952 3015 2121 3086 major
2145 3025 2330 3071 auctor
2355 3016 2594 3087 ipsorum
2620 3017 2855 3072 Donatus
2877 3018 3314 3089 Carthaginensis

1716 3108 1998 3164 damnatus
2026 3110 2076 3163 in
2103 3109 2418 3167 Melchiadis
2452 3110 2654 3182 judicio
2685 3121 2993 3182 putaretur;
3030 3123 3084 3168 et
3107 3112 3308 3169 Catho-

1716 3201 1837 3255 licis
1862 3215 1967 3255 non
1998 3201 2182 3256 liceret
2210 3201 2262 3256 in
2288 3210 2432 3257 tanta
2462 3202 2804 3258 multitudine
2833 3204 3156 3260 clericorum
3198 3206 3312 3261 Ro-

1717 3307 2000 3348 manorum
2028 3291 2226 3348 habere
2253 3293 2433 3363 plures
2460 3295 2725 3349 similibus
2753 3295 3059 3350 nominibus
3081 3297 3312 3367 appella-

1699 3381 1824 3441 tus.
1874 3386 2088 3440 Falsum
2136 3387 2278 3442 enim
2329 3395 2445 3442 erat
2491 3381 2634 3456 quod
2682 3387 2973 3442 Donatistae
3023 3388 3313 3457 dixerant,

1717 3478 2008 3534 convenire
2034 3492 2314 3548 personas,
2340 3479 2633 3533 convenire
2659 3479 2796 3544 loca,
2820 3479 3106 3535 convenire
3133 3482 3313 3552 regio-

1718 3588 1818 3629 nes
1840 3590 1855 3630 :
1879 3571 2090 3644 quando
2112 3587 2211 3627 nec
2242 3573 2495 3642 Ioea,:nec
2513 3573 2779 3644 regiones,
2811 3588 2909 3628 nec
2932 3574 3061 3644 ipsa:
3083 3589 3309 3646 expres-

1719 3679 1794 3720 sa:
1817 3679 2163 3736 personarum
2193 3663 2478 3734 dignitates
2505 3663 2573 3720 de
2599 3665 2836 3742 utrisque
2860 3667 3046 3736 gestis,
3072 3666 3168 3723 sed
3185 3651 3313 3724 sola

1725 3760 2001 3816 nominum
2043 3757 2411 3814 convenientia
2450 3757 2747 3830 legebatur,
2792 3774 2952 3830 quam
2994 3761 3047 3816 in
3087 3761 3315 3818 diversis

1723 3852 1970 3921 personis
1995 3851 2210 3922 generis
2234 3851 2453 3906 humani
2478 3851 2813 3908 consuetudo
2836 3851 3178 3923 frequentare
3207 3869 3314 3910 non

1721 3954 1913 4000 ορδςίιῐ.

1793 4037 2020 4093 CAPUT
2061 4035 2208 4092 XIX.
2229 4067 2302 4078 —
2330 4037 2419 4094 '57.
2450 4037 2723 4108 Spernens
2749 4038 2927 4108 itaque
2951 4037 3207 4109 Cognitor
3230 4041 3314 4096 in-

1721 4129 2051 4185 certissimas
2096 4129 2429 4199 suspiciones
2455 4170 2469 4194 ,
2514 4129 2679 4198 jussit
2721 4129 2922 4200 aliquid
2971 4131 3308 4187 manifestum

1722 4231 1907 4276 contra
1934 4221 2021 4275 illa
2048 4229 2196 4291 gesta
2227 4220 2493 4290 proferri,
2520 4230 2612 4274 aut
2640 4230 2786 4276 certe
2809 4219 3142 4276 Constantini
3171 4223 3312 4291 judi-

1722 4315 1886 4380 cium,
1910 4314 2060 4383 cujus
2084 4313 2286 4368 mentio
2310 4313 2420 4383 jam
2444 4313 2579 4367 facta
2602 4311 2794 4379 fuerat,
2818 4312 3050 4368 recitari.
3079 4315 3146 4370 Et
3182 4316 3318 4371 reci-

1725 4415 1892 4462 tatum
1933 4414 2016 4461 est
2049 4403 2308 4475 judicium
2351 4403 2721 4469 Constantini,
2767 4403 3216 4474 quemadmodum
3259 4420 3318 4463 se

1725 4499 1870 4554 inter
1896 4505 2073 4569 partes
2095 4510 2310 4552 causam
2337 4495 2604 4552 Caaciliani
2643 4495 2984 4568 cognovisse,
3015 4497 3078 4552 ad
3116 4497 3318 4554 Euma-

1725 4590 1855 4646 lium
1882 4590 2140 4644 vicarium
2165 4586 2360 4643 Africae
2387 4587 2710 4664 scripsisset,
2740 4587 2883 4660 quod
2913 4590 3135 4645 remotis
3155 4591 3322 4647 omni-

1727 4685 1829 4741 bus
1852 4683 2070 4740 arbitris
2098 4682 2441 4739 Cazcilianum
2474 4682 2838 4750 innocentem,
2870 4683 2994 4740 illos
3020 4684 3320 4740 calumnioo

1727 4777 1972 4834 sissimos
1991 4775 2308 4847 cognovisse
2331 4782 2552 4830 testatus
2573 4784 2683 4841 est;
2701 4789 3132 4832 commemorans
3152 4777 3321 4834 etiam

1727 4872 1784 4925 in
1816 4867 2118 4924 Arelatensi
2135 4866 2332 4938 oppido
2363 4882 2460 4936 pro
2483 4866 2768 4923 Cmeiliano
2794 4866 2989 4940 factum
3019 4869 3324 4942 episcopale

1726 4964 2008 5036 judicium,
2035 4961 2123 5018 cui
2144 4959 2348 5032 judicio
2368 4959 2478 5030 jam
2505 4958 2720 5030 plurimi
2743 4975 2807 5016 ex
2833 4959 3170 5019 dissensione
3196 4978 3322 5019 con-

1732 5062 2044 5122 senserant,
2077 5052 2302 5124 reliquis
2330 5052 2504 5108 adhuc
2529 5053 2892 5109 resilientibus
2920 5062 2974 5109 et
3002 5053 3322 5110 discordan-

1734 5152 1915 5208 tibus:
1943 5150 2086 5206 unde
2125 5149 2238 5220 ipse
2263 5147 2332 5203 de
2361 5162 2422 5203 re
2451 5156 2560 5203 tota
2596 5149 2738 5204 inter
2778 5157 2956 5218 partes
2984 5158 3198 5204 coactus
3242 5158 3328 5207 est

1732 5245 1995 5317 judicare.
2033 5243 2160 5298 Post
2187 5240 2376 5296 barum
2405 5241 2760 5312 imperialium
2797 5239 3094 5298 litterarum
3128 5243 3326 5298 recita-

1740 5339 1962 5402 tionem,
1995 5334 2237 5406 quaesivit
2267 5333 2524 5404 Cognitor
2563 5349 2594 5388 a
2632 5333 2924 5390 Donatistis
2965 5335 3092 5404 quid
3139 5341 3328 5389 contra

1740 5433 2000 5489 dicereut.
2045 5428 2120 5484 lbi
2166 5427 2455 5482 Donatistae
2487 5441 2671 5482 rursus
2713 5425 2780 5482 ad
2825 5425 3138 5482 Mclchiadis
3185 5425 3335 5480 calu-

1743 5526 2008 5584 mniosam
2027 5522 2456 5578 criminationem
2483 5520 2658 5576 redire
2673 5521 2850 5576 conati
2875 5528 2999 5576 sunt
3018 5539 3030 5578 :
3052 5518 3190 5575 unde
3210 5533 3332 5573 cum

1747 5626 1929 5678 essent
1949 5615 2252 5688 Cognitoris
2281 5613 2692 5671 interlocutione
2717 5612 2945 5684 depulsi,
2972 5621 3028 5667 et
3050 5612 3117 5667 ab
3142 5609 3224 5666 eis
3248 5625 3335 5667 es-

1753 5723 1837 5770 set
1865 5711 2178 5784 ﬂagitatum,
2203 5717 2468 5765 utcontra
2498 5707 2753 5780 judicium
2778 5704 3108 5781 Melchiadis,
3131 5704 3217 5760 vel
3238 5704 3336 5759 im!
