3778 6140
431 213 536 282 64⁸1

434 335 697 410 perialem
725 331 1061 398 sententiam,
1089 330 1137 385 si
1161 327 1422 385 baberent
1448 325 1672 398 aliquid,
1701 324 2019 392 recitarent;

434 426 864 501 responderunt,
895 424 1054 481 etiam
1099 420 1470 493 imperatorias
1498 433 1657 475 aures
1686 418 1864 489 pravis
1893 431 2024 488 sug-

438 518 766 592 gestionibus
795 515 1025 572 inﬂatas.
1052 512 1128 570 lbi
1159 512 1240 570 eis
1263 510 1520 583 Cognitor
1547 511 1856 581 respondit,
1880 506 2024 580 quod

434 610 790 668 attentissime
809 607 1132 675 adverterat,
1155 605 1299 662 inter
1318 614 1498 676 partes
1524 603 1688 660 fuisse
1703 603 2022 674 iudicatum.

433 705 504 759 At
535 702 610 759 illi
639 702 853 772 exigere
881 705 1182 770 eruperunt,
1215 705 1276 752 ut
1302 696 1406 753 hoc
1433 697 1716 768 legeretur,
1749 705 1927 750 utrum
1954 695 2026 750 in-

433 806 514 851 ter
560 802 740 866 partes
777 791 1097 864 iudicaverit
1142 790 1459 861 Imperator.
1509 788 1662 858 Quod
1687 803 1808 844 cum
1838 787 2028 844 fuisset

429 889 720 961 Cognitore
758 887 979 958 iubente
1005 887 1285 942 recitatum
1308 925 1324 952 ,
1353 883 1486 938 nihil
1517 883 1854 938 invenientes
1879 880 2026 952 quod

431 981 703 1046 dicerent,
733 987 1012 1051 eruperunt
1039 976 1108 1033 de
1142 976 1369 1033 consule
1397 975 1708 1032 memoratis
1735 975 2026 1047 imperiali-

433 1077 534 1133 bus
582 1075 776 1132 litteris
817 1072 1166 1136 calumniari;
1199 1070 1343 1142 quod
1389 1071 1507 1126 sine
1552 1069 1773 1126 consule
1821 1067 2030 1126 fuerant

431 1171 691 1229 recitatae.
719 1168 855 1224 llinc
883 1174 1074 1224 exorto
1099 1163 1351 1221 conflictu
1371 1205 1386 1232 ,
1417 1178 1540 1219 cum
1569 1161 1860 1219 Donatistae
1887 1161 2028 1216 invi-

432 1261 588 1318 diose
639 1259 884 1316 dicerent
934 1255 1241 1328 episcopale
1292 1255 1577 1310 concilium
1631 1268 1752 1308 cum
1810 1251 2027 1308 consule

431 1354 603 1411 fuisse
619 1351 898 1408 recitatum
912 1392 926 1416 ,
947 1357 1003 1404 et
1031 1346 1369 1419 Imperatoris
1390 1347 1596 1402 litteras
1615 1343 1891 1401 consulem
1919 1358 2026 1399 non

434 1444 675 1508 habere;
713 1450 767 1499 et
801 1439 1064 1497 Catholici
1116 1436 1526 1509 responderent,
1551 1451 1660 1492 non
1698 1435 1772 1491 ibi
1809 1449 2026 1492 causam

433 1535 731 1593 consistere
758 1551 770 1585 :
794 1531 1048 1602 Coguitor
1068 1529 1228 1585 etiam
1255 1527 1609 1584 interlocutus
1630 1534 1715 1582 est
1737 1527 2027 1583 evidentis-

434 1627 590 1685 simis
607 1625 813 1698 legibus
831 1622 1132 1688 definitum,
1157 1620 1456 1693 imperialia
1478 1619 1790 1688 constituta,
1815 1619 2026 1676 etiamsi

432 1719 684 1776 consules
729 1731 839 1772 non
887 1715 1228 1786 legerentur,
1277 1713 1331 1768 in
1380 1711 1602 1768 dubium
1661 1726 1768 1768 non
1821 1712 2023 1768 vocari.

433 1809 640 1868 Deinde
666 1806 924 1864 Catholici
952 1805 1234 1878 urgebant,
1263 1813 1323 1860 ut
1349 1813 1533 1875 aperte
1560 1803 1803 1860 dicerent
1829 1803 2026 1860 falsum

433 1918 554 1960 esse
578 1900 719 1973 quod
751 1901 949 1955 lectum
980 1909 1090 1965 est;
1121 1912 1283 1970 posse
1310 1899 1326 1929 ³
1350 1897 1492 1953 enim
1518 1896 1736 1952 archiva
1759 1896 2023 1967 conquiri.

502 1991 730 2050 CAPUT
773 1988 890 2046 XX.
915 2021 984 2032 ——
1011 1989 1101 2046 38.
1131 1988 1236 2045 Sed
1261 1988 1384 2044 hinc
1403 1986 1628 2058 repulsi,
1650 1986 1800 2042 velut.
1824 1985 2025 2058 aliquid

430 2087 814 2142 validissimum
844 2081 1123 2154 prolaturi,
1151 2082 1419 2153 petierunt
1446 2079 1698 2151 Optatum
1726 2079 1848 2150 legi,
1875 2078 2023 2150 quod

431 2191 488 2238 et
515 2189 640 2235 ante
668 2179 998 2250 petiverant;
1028 2174 1170 2230 unde
1196 2189 1254 2229 se
1279 2171 1600 2244 probaturos
1627 2170 1878 2227 dicebant
1905 2169 2026 2226 Ca:-

430 2274 682 2331 cilianum
712 2271 781 2326 ab
806 2270 1132 2340 imperatore
1152 2266 1458 2322 damnatum
1484 2282 1498 2320 :
1525 2273 1582 2322 et
1598 2265 1922 2336 promissum
1946 2266 2026 2321 eis

431 2363 639 2429 fuerat,
668 2360 762 2416 sed
801 2359 1044 2415 dilatum.
1095 2357 1254 2413 Prius
1279 2371 1412 2427 ergo
1449 2355 1661 2411 volebat
1684 2354 1940 2426 Cognitor
1967 2363 2027 2412 ttt

431 2455 812 2525 exprimerent,
844 2459 1022 2506 utrum
1050 2450 1255 2506 litteras
1281 2449 1654 2520 imperatorias
1673 2463 1900 2520 arguere
1925 2447 2027 2504 fal-

430 2549 606 2606 sitatis
635 2546 914 2604 auderent.
937 2545 1091 2614 Quod
1121 2544 1338 2616 quidem
1368 2544 1444 2599 illi
1471 2543 1692 2600 minime
1719 2543 2020 2612 audebant,

430 2653 611 2700 tamen
658 2640 1005 2698 nihilominus
1047 2638 1323 2695 consulem
1365 2637 1556 2694 deesse
1603 2636 2020 2694 invidiosissime

430 2737 789 2794 causabantur
817 2752 830 2788 :
859 2733 1112 2805 Optatum
1141 2747 1272 2788 vero
1299 2731 1401 2803 legi
1430 2731 1598 2786 multo
1625 2731 1910 2786 instantius
1935 2728 2025 2786 fla-

430 2828 688 2901 gitabant.
725 2827 852 2883 Haac
894 2841 1019 2881 cum
1054 2824 1254 2880 diutius
1283 2831 1594 2895 agerentur,
1627 2823 1681 2878 in
1707 2822 1813 2878 alia
1837 2821 2022 2877 charta

429 2923 641 2978 illarum
674 2918 1030 2990 imperialium
1061 2917 1361 2972 litterarum
1401 2915 1651 2970 inventus
1691 2923 1773 2971 est
1808 2914 2020 2970 consul.

430 3011 587 3080 Quod
633 3027 754 3067 cum
802 3017 947 3066 esset
992 3016 1300 3079 suggestum
1324 3048 1340 3074 ,
1393 3006 1686 3062 Donatistae
1731 3005 2020 3075 dixerunt,

429 3105 577 3162 Certe
595 3103 851 3158 consulem
871 3101 1052 3156 habere
1072 3116 1175 3155 non
1199 3098 1366 3154 debuit
1388 3114 1406 3153 :
1429 3098 1578 3170 quasi
1609 3098 1713 3154 hoc
1734 3099 2023 3171 aliquando

428 3197 630 3256 dictum
647 3203 810 3263 esset,
830 3194 972 3266 quod
997 3193 1195 3251 habere
1221 3209 1329 3248 non
1349 3192 1623 3259 debuerit;
1651 3207 1715 3248 ac
1732 3207 1840 3248 non
1858 3192 2023 3249 etiam

427 3291 473 3347 si
504 3288 691 3347 consul
721 3286 997 3355 defuisset,
1027 3300 1132 3340 non
1158 3283 1406 3357 impediri
1435 3283 1725 3354 imperialis
1745 3283 2023 3340 constituti

427 3383 728 3440 veritatem.
759 3379 912 3450 Quod
938 3393 1058 3435 cum
1091 3378 1170 3433 eis
1198 3375 1455 3449 Cognitor
1479 3377 1774 3433 identidem
1803 3392 2024 3448 respon-

427 3475 617 3542 disset,
646 3473 899 3529 recitatus
925 3479 1006 3526 est
1035 3479 1092 3526 et
1118 3468 1366 3540 Optatus.
1399 3469 1769 3526 Recitantibns
1797 3469 2020 3524 Donati-

426 3567 527 3623 stis
553 3565 642 3621 ubi
672 3563 784 3619 ait:
809 3562 1004 3618 Eodem
1033 3570 1258 3631 tempore
1284 3560 1419 3615 ident
1447 3559 1681 3615 Donatus
1723 3561 1863 3632 petiit
1890 3569 1943 3614 ut
1969 3559 2017 3614 ei

427 3659 607 3714 reverti
630 3656 847 3711 licuisset
870 3663 916 3708 et
944 3669 1034 3708 nec
1059 3652 1128 3706 ad
1159 3650 1519 3723 Carthaginem
1544 3651 1798 3707 accederet
1823 3653 1876 3717 ¹;
1905 3659 2022 3706 tunc

427 3767 461 3804 a
482 3750 784 3806 Philomeno
805 3755 1094 3819 suggestore
1111 3744 1132 3776 ³
1151 3747 1264 3816 ejus
1294 3743 1596 3816 Imperatori
1615 3753 1906 3816 suggestum
1926 3754 2019 3810 est,

428 3850 485 3896 ut
509 3841 637 3896 bona
668 3838 806 3908 pacis
834 3836 1136 3892 chilianus
1165 3834 1357 3889 Brixiae
1386 3833 1408 3866 "
1439 3843 1728 3901 teneretur;
1758 3845 1806 3889 et
1833 3837 2023 3907 factum

428 3942 502 3990 est
527 3929 799 4004 (Optatus,
830 3929 919 3983 tib.
951 3926 1025 3998 ι).
1073 3925 1130 3981 In
1177 3925 1372 3996 quibus
1417 3925 1598 3981 verbis
1644 3924 1860 3995 Optati,
1899 3940 2021 3980 cum

428 4024 650 4083 omnino
676 4020 820 4076 nulla
847 4018 1120 4076 Caeciliani
1157 4017 1430 4074 damnatio
1451 4057 1467 4084 ,
1496 4016 1635 4072 sicut
1677 4017 1750 4072 illi
1794 4016 2020 4072 demon-

427 4125 692 4175 straturos
737 4128 796 4170 se
838 4127 959 4170 esse
1005 4112 1403 4184 promiserant,
1452 4111 1676 4182 reperiri
1728 4111 2017 4182 potuisset;

425 4210 586 4282 jussit
611 4207 867 4278 Cognitor
891 4213 1055 4260 totam
1085 4207 1328 4276 paginam
1350 4203 1586 4270 recitari,
1610 4215 1670 4258 ut
1689 4202 1757 4260 de
1779 4203 2020 4274 superio-

422 4302 577 4359 ribus
603 4307 658 4356 et
686 4296 1030 4355 inferioribus
1052 4295 1229 4351 verbis
1254 4295 1501 4351 voluntas
1528 4293 1645 4365 ejus
1675 4294 1764 4365 qui
1786 4294 2019 4364 scripsec

427 4402 533 4460 rat,
566 4398 897 4448 nosceretur.
926 4388 995 4444 Et
1023 4403 1087 4444 ex
1113 4387 1293 4443 officio
1317 4387 1601 4444 recitatum
1631 4395 1715 4443 est
1739 4403 1752 4440 :
1783 4385 2020 4442 Caecilia-

427 4501 526 4540 nus
551 4483 779 4539 omnium
805 4497 962 4550 supra
989 4487 1380 4534 memoratarum
1405 4479 1661 4534 sententiis
1685 4478 1923 4533 innocens
1948 4487 2022 4534 est

432 4575 810 4650 pronuntiatus.
842 4571 995 4642 Quod
1022 4587 1141 4628 cum
1173 4571 1510 4639 recitaretur,
1544 4571 1836 4627 Donatistae
1865 4571 2020 4628 dixe-

427 4678 593 4739 runt,
635 4669 737 4725 hoc
765 4682 824 4724 se
851 4681 958 4722 non
987 4664 1186 4736 petisse
1214 4663 1462 4731 recitari,
1493 4663 1891 4720 stomachantes
1920 4663 2012 4719 ad-

426 4776 614 4818 versus
642 4773 736 4818 eos
760 4759 849 4830 qui
877 4757 1044 4814 risum
1071 4765 1257 4812 tenere
1285 4769 1390 4810 non
1425 4761 1739 4825 potuerant,
1771 4770 1892 4811 cum
1921 4770 2019 4810 au-

426 4854 633 4911 dissent
679 4867 838 4924 quam
891 4857 1130 4922 apertam
1177 4856 1364 4905 contra
1409 4849 1726 4918 semetipsos
1770 4849 2018 4920 paginam

427 4947 791 5020 protulisseut.
820 4944 1040 5011 Deinde,
1067 4958 1186 5000 cum
1217 4942 1320 4997 illis
1341 4940 1519 4996 verbis
1545 4956 1666 5012 qua:
1691 4941 1792 5011 ipsi
1821 4942 2018 4998 recita-

428 5047 648 5105 verant,
693 5046 1010 5094 extenuasse
1050 5035 1293 5092 dicerent
1333 5033 1584 5105 Optatum
1621 5031 2017 5091 damnationem

492 5173 509 5238 ξ
549 5167 678 5231 Apud
705 5175 825 5238 Λιιι.Ρ
851 5175 1054 5238 possent.
1085 5231 1111 5238 __
1141 5232 1149 5238 _
1259 5236 1264 5238 Α
1342 5229 1352 5238 ι
1480 5228 1510 5238 __
1593 5226 1604 5238 .

489 5233 510 5267 ί
544 5228 786 5282 Hactenus
807 5228 859 5293 in
881 5232 1014 5293 prius
1037 5231 1197 5290 editis,
1221 5236 1266 5281 et
1288 5229 1352 5280 ad
1375 5228 1712 5293 Carthaginem
1735 5230 2018 5293 accederet;

422 5298 598 5346 omissa
625 5290 895 5356 particula;
911 5304 1018 5352 nec,
1050 5306 1198 5356 quam
1216 5290 1572 5343 Germanensis"
1597 5291 1905 5356 manuscripti
1929 5290 2017 5342 an;

423 5353 661 5418 cturitate
684 5355 1001 5418 restituimus.
1037 5353 1148 5403 nam
1187 5353 1748 5418 licentiam__revertendi
1772 5353 2017 5418 Carthagi-

424 5433 558 5478 nem,
584 5417 668 5466 nbi
705 5415 912 5478 schisma
935 5416 1136 5475 fecerat,
1159 5424 1390 5466 Donatum
1413 5415 1548 5465 illum
1582 5415 1682 5478 jam
1719 5415 2014 5478 dannatuin,

424 5490 474 5530 tu
497 5483 624 5530 hunc
639 5477 836 5542 quidem
860 5490 955 5527 non
976 5478 1286 5544 carthaginis,
1305 5479 1392 5527 sed
1401 5477 1894 5544 inserunt-nigrarum
1913 5477 2019 5544 epi-

421 5553 639 5606 scopum,
656 5537 838 5606 petere
859 5552 1030 5606 ausum
1052 5537 1203 5588 fuisée
1226 5553 1373 5589 nemo
1396 5539 1535 5590 facile
1556 5537 1833 5591 crediderit.

488 5601 521 5635 ³“
541 5601 842 5664 sicantiqua:
867 5601 1124 5651 editiones.
1153 5607 1206 5650 At
1225 5608 1423 5664 Optatus
1446 5607 1498 5651 et
1521 5613 1586 5652 ex
1611 5613 1674 5651 eo
1694 5603 2016 5655 lovanienses

454 5663 782 5732 instituerunt
802 5665 896 5721 hic,
919 5664 1259 5732 δτιπναςαιονρε
1437 5731 1442 5732 γ
1566 5723 1574 5732 .

489 5728 509 5759 ι
527 5725 601 5788 Δρ
623 5732 664 5776 ut
694 5730 796 5781 Ani.
823 5731 1099 5777 constanter
1124 5727 1350 5788 scriptum
1376 5731 1469 5788 est,
1494 5725 1676 5776 Brixw.

1673 205 1712 262 S
1762 201 2130 261 AUGUSTINI
2171 201 2476 262 EPISCOPI

3753 147 3756 190 Ι

3637 193 3755 276 σιδὲ

2132 323 2438 390 Caeciliani,
2474 335 2530 382 et
2570 327 2880 398 exprimere
2917 326 3183 396 noluisse;
3214 329 3515 403 ﬂagitatum
3549 342 3635 390 est
3669 337 3726 390 ab

2131 419 2231 486 eis,
2264 426 2322 474 ut
2348 417 2562 474 aliunde
2590 419 2931 475 manifestum
2966 420 3225 492 legerent,
3258 422 3405 494 quod
3435 425 3504 480 ab
3532 423 3629 480 illo
3650 425 3721 480 di-

2131 521 2315 568 cerent
2341 521 2707 568 extenuatum.
2739 513 2893 582 Quod
2941 527 3062 570 cum
3112 515 3337 572 minime
3387 517 3720 588 potuissent.

2132 605 2293 660 etiam
2338 603 2460 661 inde
2509 614 2632 676 post
2673 605 2973 676 aliquantas
3015 621 3288 663 morarum
3330 607 3581 664 inanium
3613 625 3720 680 per-

2131 697 2446 768 plexitates,
2475 713 2598 753 cum
2633 705 2690 753 et
2721 698 2789 754 de
2831 699 3025 756 Donati
3071 701 3294 758 nomine
3318 703 3725 760 contendissent

2131 788 2272 858 quod
2316 804 2420 844 non
2465 788 2905 862 Carthaginensis
2928 831 2945 860 ,
2993 793 3089 849 sed
3116 791 3371 852 Casensis
3404 795 3644 852 Donatus
3679 800 3724 852 in

2127 879 2329 952 judicio
2370 880 2683 938 Melchiadis
2721 881 2982 940 adversus
3018 883 3369 942 Ctecilianum
3400 886 3717 952 adstitisset.

2131 972 2274 1045 quod
2299 981 2356 1030 et
2389 972 2655 1030 Catholici
2685 973 3090 1045 concedebant,
3118 975 3410 1050 aliquando
3450 980 3722 1035 transitum

2131 1075 2218 1123 est
2243 1066 2342 1139 (a).

2203 1157 2430 1215 CAPUT
2460 1158 2602 1216 XXI.
2629 1190 2701 1202 --
2720 1161 2811 1218 59.
2846 1160 3049 1219 Deinde
3075 1162 3200 1235 quia
3221 1161 3571 1221 Constantini
3599 1166 3724 1223 litte-

2131 1250 2228 1318 ris,
2259 1251 2452 1321 quibus
2480 1267 2603 1308 eum
2631 1253 2772 1309 inter
2797 1263 2981 1324 partes
3006 1255 3345 1327 cognovisse,
3369 1265 3427 1312 et
3449 1272 3555 1328 pro
3573 1255 3720 1313 Cario

2133 1339 2277 1396 liano
2301 1352 2485 1398 contra
2515 1343 2636 1400 illos
2660 1343 2929 1414 iudicasse
2952 1346 3253 1416 constabat,
3277 1347 3547 1419 Cognitor
3572 1365 3662 1406 eos
3683 1351 3722 1406 si

2129 1431 2256 1502 quid
2285 1431 2562 1503 haberent,
2593 1435 2924 1507 respondere
2949 1437 3177 1508 cogebat
3201 1456 3214 1494 :
3239 1438 3556 1509 petiverunt
3583 1457 3720 1497 suum

2132 1523 2368 1581 libellum
2401 1541 2520 1583 esse
2546 1527 2904 1597 recitandum,
2929 1544 3089 1600 quem
3112 1529 3362 1587 dicebant
3385 1531 3578 1589 datum
3595 1533 3722 1590 Con.

2130 1617 2366 1673 stantino
2395 1633 2425 1673 a
2454 1619 2744 1690 majoribus
2771 1621 2904 1677 suis.
2932 1619 2989 1676 In
3019 1635 3132 1693 quo
3162 1623 3344 1680 libello
3368 1627 3505 1681 satis
3532 1639 3721 1698 aperte-

2130 1723 2234 1780 que
2277 1719 2674 1778 monstrarunt,
2720 1727 2880 1785 quam
2924 1712 3119 1770 falsum
3149 1713 3384 1771 dixerint
3407 1714 3475 1772 de
3509 1716 3718 1773 damna-

2131 1802 2276 1858 tione
2312 1801 2585 1859 Caeeiliani
2624 1803 2766 1875 apud
2807 1804 3042 1860 Brixiam
3069 1822 3084 1860 :
3114 1804 3256 1862 idem
3288 1807 3495 1880 quippe
3520 1809 3717 1866 libellus

2129 1891 2366 1948 ostendit
2393 1894 2844 1965 quemadmodum
2872 1905 3060 1953 contra
3079 1911 3183 1954 eos
3206 1900 3443 1956 senserit
3465 1899 3718 1957 Constan-

2130 1984 2292 2040 tinus.
2323 1984 2454 2040 Nam
2486 1985 2559 2042 ibi
2581 1986 2804 2055 dicunt,
2838 1988 2990 2045 nullo
3019 1988 3182 2046 modo
3207 2004 3267 2046 se
3297 1994 3714 2050 communicatu-

2128 2094 2219 2135 ros
2248 2081 2464 2136 antistiti
2489 2082 2648 2154 ipsius
2676 2083 2947 2152 nebuloni,
2991 2091 3315 2156 paratosque
3354 2100 3484 2143 esse
3523 2088 3712 2158 perpeti

2128 2171 2383 2243 quidquid
2408 2173 2488 2228 eis
2517 2173 2691 2230 facere
2720 2174 2997 2230 voluisset.
3029 2175 3200 2242 Quem
3225 2175 3570 2232 Constantini
3593 2178 3712 2233 anti—

2128 2264 2310 2320 stitem
2349 2266 2671 2323 nebulonem
2709 2268 2891 2340 utique
2915 2268 3263 2325 Caecilianum
3303 2269 3537 2344 intelligi
3579 2272 3712 2327 vole-

2127 2357 2275 2413 bant.
2319 2358 2600 2428 Quomodo
2627 2376 2756 2433 ergo
2788 2376 2912 2418 eum
2937 2361 3275 2418 Constantini
3305 2365 3608 2422 antistitem
3633 2365 3708 2421 di-

2130 2452 2356 2520 cebant,
2381 2453 2468 2508 cui
2509 2468 2568 2510 se
2609 2463 2795 2510 contra
2839 2453 3252 2512 Constantinum
3293 2457 3584 2529 loquentes
3617 2475 3710 2516 non

2127 2548 2524 2604 communicare
2565 2547 2954 2606 confirmabant
2975 2593 2989 2616 ,
3028 2551 3073 2605 si
3099 2566 3222 2607 eum
3247 2551 3392 2622 apud
3418 2552 3707 2610 Constanti-

2127 2655 2254 2695 num
2285 2651 2705 2713 superaverant,
2737 2643 2810 2699 ita
2843 2651 2900 2700 ut
2928 2644 2997 2701 ab
3030 2644 3122 2701 illo
3148 2645 3348 2702 Brixiae
3373 2647 3582 2703 scirent
3605 2662 3710 2704 esse

2126 2731 2475 2789 damnatum?

2196 2825 2426 2882 CAPUT
2446 2825 2612 2882 XXII.
2635 2857 2705 2867 —
2730 2826 2820 2883 40.
2841 2827 2972 2883 Cum
2995 2843 3126 2900 ergo
3145 2827 3412 2887 Catholici
3440 2832 3706 2894 dixissent.

2127 2917 2230 2974 hoc
2255 2933 2350 2974 eos
2371 2927 2558 2974 contra
2585 2933 2644 2975 se
2670 2919 2816 2990 ipsos
2836 2919 3111 2984 recitasse,
3136 2921 3240 2977 hoc
3263 2922 3404 2978 idem
3430 2924 3548 2995 ipse
3566 2925 3705 2979 etiam

2125 3006 2382 3079 Cognitor
2406 3017 2550 3064 esset
2575 3010 2956 3078 interlocutus;
2979 3011 3302 3068 addiderunt
3327 3014 3492 3070 etiam
3520 3014 3591 3070 illi
3611 3028 3708 3070 sua:

2124 3099 2340 3155 falsitati
2381 3101 2762 3157 convincenda:
2805 3117 3055 3174 maguum
3097 3103 3240 3158 aliud
3288 3105 3704 3171 firmamentum,

2125 3192 2414 3248 recitantes
2471 3192 2637 3263 ipsius
2682 3192 3021 3249 Constantini
3070 3194 3278 3251 litteras
3330 3197 3618 3254 scribentis
3650 3195 3708 3250 ad

2126 3284 2381 3340 Verinum
2410 3285 2686 3353 vicarium,
2717 3295 2774 3342 ut
2806 3287 2974 3344 libero
3004 3302 3099 3343 eos
3122 3287 3360 3344 dimittat
3388 3290 3630 3357 arbitrio,
3657 3304 3707 3344 se

2121 3375 2348 3447 jussisse
2375 3375 2654 3432 insinuans
2681 3385 2736 3432 ut
2761 3376 2828 3432 de
2853 3378 3045 3434 exsilio
3067 3389 3376 3435 remearent
3404 3379 3504 3452 (ὁ).
3528 3381 3582 3436 In
3601 3380 3702 3451 qui-

2125 3467 2227 3523 bus
2257 3467 2447 3522 litteris
2474 3464 2856 3523 Constantinus
2882 3469 2960 3524 sic
2987 3483 3080 3524 eos
3113 3469 3414 3527 detestatur
3433 3514 3449 3540 ,
3495 3481 3554 3527 ut
3589 3469 3704 3526 nihil

2125 3557 2216 3613 illa
2238 3558 2562 3630 indulgentia
2587 3559 2754 3630 possit
2779 3559 3076 3616 deformius
3103 3561 3356 3617 inveniri.
3374 3562 3523 3632 Quos
3544 3564 3702 3634 utique

2125 3667 2234 3707 non
2263 3653 2335 3708 ita
2365 3653 2654 3724 eulpassct,
2689 3655 2782 3710 sed
2811 3656 2980 3727 magis
3007 3656 3301 3724 laudasset,
3330 3659 3378 3714 si
3401 3659 3473 3715 ab
3502 3661 3580 3717 eis
3599 3658 3703 3714 ατο

2124 3745 2352 3802 cilianus
2379 3745 2518 3816 apud
2550 3746 2694 3801 illum
2723 3748 2895 3803 victus
2921 3748 2990 3804 ab
3020 3765 3192 3822 coque
3221 3750 3513 3809 damnatus
3533 3753 3702 3808 Brixia:

2125 3837 2474 3910 relegaretur.
2508 3839 2584 3893 Ac
2624 3854 2720 3909 per
2757 3839 2861 3895 hoc
2891 3840 2989 3896 ista
3029 3849 3216 3897 contra
3257 3857 3316 3900 se
3359 3844 3508 3915 ipsos
3544 3841 3702 3916 profe-

2125 3941 2308 3987 rentes
2348 3939 2509 4004 atque
2537 3933 2858 3998 recitantes,
2889 3943 2944 3990 et
2971 3949 3004 3989 a
3034 3935 3320 3991 Caeciliano
3351 3952 3414 3993 se
3442 3944 3701 4008 superatos

2125 4024 2405 4078 memorati
2453 4023 2791 4095 imperatoris
2835 4024 3037 4095 judicio
3083 4025 3526 4084 manifestissime
3565 4042 3700 4084 mon-

2125 4123 2458 4182 straverunt;
2503 4124 2558 4170 et
2594 4129 2744 4171 suam
2778 4115 3061 4174 falsitatem
3087 4158 3102 4186 ,
3147 4132 3251 4189 qua
3301 4133 3426 4174 eum
3477 4119 3699 4176 dicebant

2125 4221 2246 4262 esse
2291 4206 2598 4263 damnatum
2621 4250 2635 4273 ,
2682 4209 3027 4280 apertissime
3076 4212 3429 4269 convicerunt
3463 4233 3477 4269 :
3510 4222 3565 4270 et
3595 4212 3698 4284 quia

2125 4297 2430 4353 Catholicos
2459 4299 2890 4370 persecutionem
2920 4300 3100 4358 facere
3119 4345 3134 4372 ,
3163 4317 3224 4360 se
3252 4311 3437 4360 autem
3469 4305 3576 4377 pati
3598 4304 3696 4376 glo-

2125 4392 2421 4459 riabantur,
2451 4391 2791 4451 Caecilianum
2835 4405 3014 4453 tamen
3055 4412 3153 4469 per
3182 4412 3310 4454 suas
3349 4399 3697 4458 accusationes

2125 4483 2194 4539 ab
2224 4483 2550 4556 lmperatore
2579 4486 2889 4544 damnatum
2917 4488 3081 4545 etiam
3109 4487 3248 4545 falso
3276 4489 3499 4561 gloriari
3529 4489 3694 4546 volue-

2125 4587 2268 4632 runt.
2299 4577 2393 4633 His
2424 4579 2604 4650 itaque
2633 4581 2891 4649 recitatis,
2923 4596 3046 4637 cum
3071 4580 3336 4638 Catholici
3363 4582 3630 4649 dicerent,
3652 4587 3696 4636 et

2124 4665 2469 4738 Cognitorem
2514 4669 2748 4726 breviter
2791 4669 3174 4736 admonerent,
3203 4672 3348 4742 quod
3394 4673 3557 4730 etiam
3599 4672 3694 4743 ipse

2125 4760 2380 4816 cernebat
2405 4803 2419 4828 ,
2450 4775 2546 4831 pro
2575 4777 2634 4817 se
2665 4761 2751 4817 illa
2773 4804 2787 4828 ,
2822 4763 2927 4818 hoc
2953 4771 3057 4830 est,
3088 4778 3184 4835 pro
3215 4763 3522 4822 innocentia
3546 4763 3692 4822 Circi-

2125 4854 2251 4910 liani
2279 4863 2463 4912 contra
2494 4855 2616 4913 illos
2642 4856 2807 4913 fuisse
2849 4859 3105 4924 recitata,
3138 4866 3196 4914 et
3234 4857 3340 4916 hoc
3375 4859 3516 4917 idem
3557 4859 3691 4917 etiam

2124 4950 2241 5021 ipse
2270 4948 2455 5006 fuisset
2484 4950 2864 5017 interlocutus;
2899 4949 3190 5008 Donatista
3217 4952 3607 5025 responderunt
3627 4949 3692 5005 di-

2123 5052 2309 5100 centes
2341 5062 2353 5100 :
2382 5042 2458 5098 De
2487 5043 2642 5101 libero
2669 5045 2880 5100 arbitrio
2906 5046 3035 5101 nihil
3062 5045 3187 5101 dicit
3213 5057 3439 5118 potestas
3462 5058 3549 5103 tu
3566 5064 3586 5103 .'
3609 5044 3691 5100 hoc

2123 5140 2267 5193 enim
2287 5146 2532 5208 putantes
2548 5136 2842 5194 secundum
2861 5135 3195 5194 Constantini
3221 5139 3428 5196 litteras
3443 5139 3541 5197 sibi
3553 5148 3690 5212 posse

2121 5245 2153 5286 a
2177 5239 2440 5301 przeseute
2459 5229 2749 5302 Cognitore
2767 5230 3012 5297 concedi,
3036 5245 3129 5288 eas
3149 5231 3310 5287 etiam
3333 5242 3519 5290 contra
3535 5245 3593 5290 se
3611 5242 3688 5302 ιπο

2122 5320 2392 5379 Caeciliani
2420 5336 2578 5378 causa
2605 5321 2913 5378 recitandas
2939 5322 3408 5381 existimaverunt.
3450 5323 3547 5380 llic
3583 5333 3683 5379 cum

2121 5414 2200 5470 eis
2223 5413 2482 5485 Cognitor
2509 5412 2900 5484 respondisset,
2933 5414 3076 5472 aliud
3106 5415 3209 5472 sibi
3234 5430 3358 5474 esse
3376 5430 3409 5472 a
3437 5411 3684 5490 praesentis
3754 5447 3755 5450 η

2121 5506 2377 5578 temporis
2425 5505 2755 5576 imperatore
2802 5516 3128 5579 praeceptum
3154 5548 3171 5575 ,
3211 5508 3394 5566 ierunt
3435 5508 3489 5567 in
3527 5501 3652 5565 aliud
3754 5531 3755 5588 ξ

2181 5663 2256 5788 ξπ)
2289 5663 2405 5742 vide
2428 5661 2568 5735 infra,
2591 5661 2813 5779 “bim
2824 5663 2991 5717 Collat.
3015 5677 3064 5716 ιι.
3086 5663 3168 5716 54.

2205 5723 2256 5788 b)
2287 5725 2402 5775 Vide
2427 5725 2564 5788 tbid.,
2589 5739 2638 5776 ιι.
2811 5761 2823 5775 .

2205 5723 2256 5788 b)
2287 5725 2402 5775 vide
2427 5725 2564 5788 ibid,
2589 5739 2638 5776 n.
2664 5723 2823 5779 53-56.
