  <div class='ocr_page' id='page_1' title='image "/cluster/home/n/w/nwhite01/storage/ocr_20150623/43/uva.x000827113/332.png"; bbox 0 0 3778 6136; ppageno 0'>
   <div class='ocr_carea' id='block_1_1' title="bbox 24 292 130 351">
    <p class='ocr_par' dir='ltr' id='par_1_1' title="bbox 24 292 130 351">
     <span class='ocr_line' id='line_1_1' title="bbox 24 292 130 351; baseline -0.038 0"><span class='ocrx_word' id='word_1_1' title='bbox 24 292 130 351; x_wconf 65' lang='lat'><strong>“9</strong></span> 
     </span>
    </p>
   </div>
   <div class='ocr_carea' id='block_1_2' title="bbox 23 401 1623 475">
    <p class='ocr_par' dir='ltr' id='par_1_2' title="bbox 23 401 1623 475">
     <span class='ocr_line' id='line_1_2' title="bbox 23 401 1623 475; baseline -0.004 -16"><span class='ocrx_word' id='word_1_2' title='bbox 23 405 167 475; x_wconf 83' lang='lat' dir='ltr'><strong>quod</strong></span> <span class='ocrx_word' id='word_1_3' title='bbox 210 415 406 459; x_wconf 91' lang='lat' dir='ltr'><strong>contra</strong></span> <span class='ocrx_word' id='word_1_4' title='bbox 440 419 498 459; x_wconf 89' lang='lat' dir='ltr'><strong>se</strong></span> <span class='ocrx_word' id='word_1_5' title='bbox 528 401 816 458; x_wconf 92' lang='lat' dir='ltr'><strong>identidem</strong></span> <span class='ocrx_word' id='word_1_6' title='bbox 858 404 1024 457; x_wconf 88' lang='lat' dir='ltr'><strong>multo</strong></span> <span class='ocrx_word' id='word_1_7' title='bbox 1055 402 1347 456; x_wconf 73' lang='lat' dir='ltr'><strong>mirabilius</strong></span> <span class='ocrx_word' id='word_1_8' title='bbox 1388 407 1623 469; x_wconf 84' lang='lat' dir='ltr'><strong>protule-</strong></span> 
     </span>
    </p>
   </div>
   <div class='ocr_carea' id='block_1_3' title="bbox 24 508 171 550">
    <p class='ocr_par' dir='ltr' id='par_1_3' title="bbox 24 508 171 550">
     <span class='ocr_line' id='line_1_3' title="bbox 24 508 171 550; baseline -0.014 0"><span class='ocrx_word' id='word_1_9' title='bbox 24 508 171 550; x_wconf 87' lang='lat' dir='ltr'><strong>runt.</strong></span> 
     </span>
    </p>
   </div>
   <div class='ocr_carea' id='block_1_4' title="bbox 93 582 1627 642">
    <p class='ocr_par' dir='ltr' id='par_1_4' title="bbox 93 582 1627 642">
     <span class='ocr_line' id='line_1_4' title="bbox 93 582 1627 642; baseline -0.003 -2"><span class='ocrx_word' id='word_1_10' title='bbox 93 586 342 642; x_wconf 79' lang='lat' dir='ltr'><strong>CAPUT</strong></span> <span class='ocrx_word' id='word_1_11' title='bbox 387 585 574 641; x_wconf 73' lang='lat' dir='ltr'><strong>XXIII.</strong></span> <span class='ocrx_word' id='word_1_12' title='bbox 603 616 670 628; x_wconf 72' lang='grc' dir='ltr'><strong>ο-</strong></span> <span class='ocrx_word' id='word_1_13' title='bbox 695 586 780 639; x_wconf 70' lang='grc'><strong>41.</strong></span> <span class='ocrx_word' id='word_1_14' title='bbox 813 585 1181 638; x_wconf 81' lang='lat' dir='ltr'><strong>Recitaverunt</strong></span> <span class='ocrx_word' id='word_1_15' title='bbox 1206 586 1363 638; x_wconf 89' lang='lat' dir='ltr'><strong>etiam</strong></span> <span class='ocrx_word' id='word_1_16' title='bbox 1385 584 1515 638; x_wconf 87' lang='lat' dir='ltr'><strong>alias</strong></span> <span class='ocrx_word' id='word_1_17' title='bbox 1544 582 1627 636; x_wconf 79' lang='lat' dir='ltr'><strong>lit-</strong></span> 
     </span>
    </p>
   </div>
   <div class='ocr_carea' id='block_1_5' title="bbox 27 673 1625 744">
    <p class='ocr_par' dir='ltr' id='par_1_5' title="bbox 27 673 1625 744">
     <span class='ocr_line' id='line_1_5' title="bbox 27 673 1625 744; baseline -0.002 -16"><span class='ocrx_word' id='word_1_18' title='bbox 27 687 168 729; x_wconf 87' lang='lat' dir='ltr'><strong>teras</strong></span> <span class='ocrx_word' id='word_1_19' title='bbox 201 676 452 744; x_wconf 87' lang='lat' dir='ltr'><strong>ejusdem</strong></span> <span class='ocrx_word' id='word_1_20' title='bbox 480 675 814 730; x_wconf 89' lang='lat' dir='ltr'><strong>Constantini</strong></span> <span class='ocrx_word' id='word_1_21' title='bbox 847 675 1182 744; x_wconf 90' lang='lat' dir='ltr'><strong>imperatoris</strong></span> <span class='ocrx_word' id='word_1_22' title='bbox 1211 673 1274 726; x_wconf 91' lang='lat' dir='ltr'><strong>ad</strong></span> <span class='ocrx_word' id='word_1_23' title='bbox 1309 673 1625 727; x_wconf 86' lang='lat' dir='ltr'><strong>Probianum</strong></span> 
     </span>
    </p>
   </div>
   <div class='ocr_carea' id='block_1_6' title="bbox 26 763 1629 837">
    <p class='ocr_par' dir='ltr' id='par_1_6' title="bbox 26 763 1629 837">
     <span class='ocr_line' id='line_1_6' title="bbox 26 763 1629 837; baseline -0.004 -17"><span class='ocrx_word' id='word_1_24' title='bbox 26 769 414 835; x_wconf 87' lang='lat' dir='ltr'><strong>proconsu&#39;em</strong></span> <span class='ocrx_word' id='word_1_25' title='bbox 447 767 598 820; x_wconf 91' lang='lat' dir='ltr'><strong>datas</strong></span> <span class='ocrx_word' id='word_1_26' title='bbox 633 765 728 837; x_wconf 83' lang='grc' dir='ltr'><strong>(α),</strong></span> <span class='ocrx_word' id='word_1_27' title='bbox 751 782 868 835; x_wconf 70' lang='lat' dir='ltr'><strong>qum</strong></span> <span class='ocrx_word' id='word_1_28' title='bbox 891 766 1102 834; x_wconf 89' lang='lat' dir='ltr'><strong>quidem</strong></span> <span class='ocrx_word' id='word_1_29' title='bbox 1125 765 1374 819; x_wconf 84' lang='lat' dir='ltr'><strong>consules</strong></span> <span class='ocrx_word' id='word_1_30' title='bbox 1405 779 1508 816; x_wconf 88' lang='lat' dir='ltr'><strong>non</strong></span> <span class='ocrx_word' id='word_1_31' title='bbox 1536 763 1629 815; x_wconf 89' lang='lat' dir='ltr'><strong>ha-</strong></span> 
     </span>
    </p>
   </div>
   <div class='ocr_carea' id='block_1_7' title="bbox 27 854 1665 928">
    <p class='ocr_par' dir='ltr' id='par_1_7' title="bbox 27 854 1665 928">
     <span class='ocr_line' id='line_1_7' title="bbox 27 854 1665 928; baseline -0.003 -15"><span class='ocrx_word' id='word_1_32' title='bbox 27 859 263 923; x_wconf 87' lang='lat' dir='ltr'><strong>bebant;</strong></span> <span class='ocrx_word' id='word_1_33' title='bbox 301 859 395 914; x_wconf 88' lang='lat' dir='ltr'><strong>sed</strong></span> <span class='ocrx_word' id='word_1_34' title='bbox 439 859 567 912; x_wconf 83' lang='lat' dir='ltr'><strong>nihil</strong></span> <span class='ocrx_word' id='word_1_35' title='bbox 608 858 757 928; x_wconf 87' lang='lat' dir='ltr'><strong>quasi</strong></span> <span class='ocrx_word' id='word_1_36' title='bbox 785 857 854 912; x_wconf 93' lang='lat' dir='ltr'><strong>de</strong></span> <span class='ocrx_word' id='word_1_37' title='bbox 880 858 1183 926; x_wconf 86' lang='lat' dir='ltr'><strong>objectione</strong></span> <span class='ocrx_word' id='word_1_38' title='bbox 1218 867 1396 909; x_wconf 90' lang='lat' dir='ltr'><strong>mutua</strong></span> <span class='ocrx_word' id='word_1_39' title='bbox 1427 854 1625 908; x_wconf 73' lang='lat' dir='ltr'><strong>flatbo-</strong></span> <span class='ocrx_word' id='word_1_40' title='bbox 1657 858 1665 864; x_wconf 87' lang='grc'><strong>”</strong></span> 
     </span>
    </p>
   </div>
   <div class='ocr_carea' id='block_1_8' title="bbox 27 947 1626 1020">
    <p class='ocr_par' dir='ltr' id='par_1_8' title="bbox 27 947 1626 1020">
     <span class='ocr_line' id='line_1_8' title="bbox 27 947 1626 1020; baseline -0.002 -17"><span class='ocrx_word' id='word_1_41' title='bbox 27 951 108 1005; x_wconf 90' lang='lat' dir='ltr'><strong>lici</strong></span> <span class='ocrx_word' id='word_1_42' title='bbox 141 965 317 1019; x_wconf 83' lang='lat' dir='ltr'><strong>agere</strong></span> <span class='ocrx_word' id='word_1_43' title='bbox 345 951 627 1005; x_wconf 82' lang='lat' dir='ltr'><strong>voluerunt</strong></span> <span class='ocrx_word' id='word_1_44' title='bbox 651 969 663 1002; x_wconf 88' lang='lat'><strong>:</strong></span> <span class='ocrx_word' id='word_1_45' title='bbox 693 951 935 1020; x_wconf 81' lang='lat' dir='ltr'><strong>quamvis</strong></span> <span class='ocrx_word' id='word_1_46' title='bbox 964 959 1016 1004; x_wconf 91' lang='lat' dir='ltr'><strong>et</strong></span> <span class='ocrx_word' id='word_1_47' title='bbox 1047 949 1169 1003; x_wconf 87' lang='lat' dir='ltr'><strong>hinc</strong></span> <span class='ocrx_word' id='word_1_48' title='bbox 1193 963 1253 1002; x_wconf 90' lang='lat' dir='ltr'><strong>se</strong></span> <span class='ocrx_word' id='word_1_49' title='bbox 1280 949 1423 1017; x_wconf 90' lang='lat' dir='ltr'><strong>ipsos</strong></span> <span class='ocrx_word' id='word_1_50' title='bbox 1453 947 1626 1000; x_wconf 85' lang='lat' dir='ltr'><strong>Dona-</strong></span> 
     </span>
    </p>
   </div>
   <div class='ocr_carea' id='block_1_9' title="bbox 29 1037 1628 1110">
    <p class='ocr_par' dir='ltr' id='par_1_9' title="bbox 29 1037 1628 1110">
     <span class='ocr_line' id='line_1_9' title="bbox 29 1037 1628 1110; baseline -0.004 -15"><span class='ocrx_word' id='word_1_51' title='bbox 29 1044 163 1096; x_wconf 79' lang='lat' dir='ltr'><strong>tista:</strong></span> <span class='ocrx_word' id='word_1_52' title='bbox 187 1043 602 1106; x_wconf 89' lang='lat' dir='ltr'><strong>convincerent,</strong></span> <span class='ocrx_word' id='word_1_53' title='bbox 623 1056 779 1110; x_wconf 89' lang='lat' dir='ltr'><strong>quam</strong></span> <span class='ocrx_word' id='word_1_54' title='bbox 805 1041 1132 1094; x_wconf 90' lang='lat' dir='ltr'><strong>calumniose</strong></span> <span class='ocrx_word' id='word_1_55' title='bbox 1153 1038 1440 1093; x_wconf 86' lang='lat' dir='ltr'><strong>Catholieis</strong></span> <span class='ocrx_word' id='word_1_56' title='bbox 1467 1038 1516 1090; x_wconf 98' lang='lat' dir='ltr'><strong>id</strong></span> <span class='ocrx_word' id='word_1_57' title='bbox 1542 1037 1628 1089; x_wconf 88' lang='lat' dir='ltr'><strong>ob-</strong></span> 
     </span>
    </p>
   </div>
   <div class='ocr_carea' id='block_1_10' title="bbox 24 1130 1629 1203">
    <p class='ocr_par' dir='ltr' id='par_1_10' title="bbox 24 1130 1629 1203">
     <span class='ocr_line' id='line_1_10' title="bbox 24 1130 1629 1203; baseline -0.005 -15"><span class='ocrx_word' id='word_1_58' title='bbox 24 1133 290 1203; x_wconf 76' lang='lat' dir='ltr'><strong>jecerint;</strong></span> <span class='ocrx_word' id='word_1_59' title='bbox 325 1149 445 1188; x_wconf 92' lang='lat' dir='ltr'><strong>cum</strong></span> <span class='ocrx_word' id='word_1_60' title='bbox 506 1133 652 1202; x_wconf 92' lang='lat' dir='ltr'><strong>prior</strong></span> <span class='ocrx_word' id='word_1_61' title='bbox 689 1132 930 1186; x_wconf 77' lang='lat' dir='ltr'><strong>chartula</strong></span> <span class='ocrx_word' id='word_1_62' title='bbox 977 1146 1042 1184; x_wconf 79' lang='lat' dir='ltr'><strong>cx</strong></span> <span class='ocrx_word' id='word_1_63' title='bbox 1081 1145 1182 1200; x_wconf 90' lang='lat' dir='ltr'><strong>qua</strong></span> <span class='ocrx_word' id='word_1_64' title='bbox 1229 1130 1505 1183; x_wconf 77' lang='lat' dir='ltr'><strong>recitatum</strong></span> <span class='ocrx_word' id='word_1_65' title='bbox 1543 1137 1629 1182; x_wconf 88' lang='lat' dir='ltr'><strong>est</strong></span> 
     </span>
    </p>
   </div>
   <div class='ocr_carea' id='block_1_11' title="bbox 30 1219 1623 1291">
    <p class='ocr_par' dir='ltr' id='par_1_11' title="bbox 30 1219 1623 1291">
     <span class='ocr_line' id='line_1_11' title="bbox 30 1219 1623 1291; baseline -0.004 -16"><span class='ocrx_word' id='word_1_66' title='bbox 30 1223 299 1291; x_wconf 87' lang='lat' dir='ltr'><strong>judicium</strong></span> <span class='ocrx_word' id='word_1_67' title='bbox 341 1223 674 1277; x_wconf 90' lang='lat' dir='ltr'><strong>Constantini</strong></span> <span class='ocrx_word' id='word_1_68' title='bbox 699 1264 713 1286; x_wconf 90' lang='lat'><strong>,</strong></span> <span class='ocrx_word' id='word_1_69' title='bbox 741 1236 847 1291; x_wconf 90' lang='lat' dir='ltr'><strong>quo</strong></span> <span class='ocrx_word' id='word_1_70' title='bbox 872 1221 1146 1274; x_wconf 89' lang='lat' dir='ltr'><strong>absolutus</strong></span> <span class='ocrx_word' id='word_1_71' title='bbox 1171 1227 1255 1273; x_wconf 91' lang='lat' dir='ltr'><strong>est</strong></span> <span class='ocrx_word' id='word_1_72' title='bbox 1279 1219 1589 1271; x_wconf 67' lang='lat' dir='ltr'><strong>(Tmcilianus</strong></span> <span class='ocrx_word' id='word_1_73' title='bbox 1608 1259 1623 1281; x_wconf 86' lang='lat'><strong>,</strong></span> 
     </span>
    </p>
   </div>
   <div class='ocr_carea' id='block_1_12' title="bbox 32 1309 1625 1382">
    <p class='ocr_par' dir='ltr' id='par_1_12' title="bbox 32 1309 1625 1382">
     <span class='ocr_line' id='line_1_12' title="bbox 32 1309 1625 1382; baseline -0.003 -15"><span class='ocrx_word' id='word_1_74' title='bbox 32 1315 287 1368; x_wconf 78' lang='lat' dir='ltr'><strong>consules</strong></span> <span class='ocrx_word' id='word_1_75' title='bbox 319 1330 424 1367; x_wconf 86' lang='lat' dir='ltr'><strong>non</strong></span> <span class='ocrx_word' id='word_1_76' title='bbox 456 1313 696 1376; x_wconf 86' lang='lat' dir='ltr'><strong>haberet,</strong></span> <span class='ocrx_word' id='word_1_77' title='bbox 721 1313 808 1382; x_wconf 93' lang='lat' dir='ltr'><strong>qui</strong></span> <span class='ocrx_word' id='word_1_78' title='bbox 843 1323 1016 1367; x_wconf 86' lang='lat' dir='ltr'><strong>tamen</strong></span> <span class='ocrx_word' id='word_1_79' title='bbox 1047 1325 1166 1364; x_wconf 79' lang='lat' dir='ltr'><strong>mox</strong></span> <span class='ocrx_word' id='word_1_80' title='bbox 1191 1311 1241 1364; x_wconf 93' lang='lat' dir='ltr'><strong>in</strong></span> <span class='ocrx_word' id='word_1_81' title='bbox 1264 1310 1365 1362; x_wconf 88' lang='lat' dir='ltr'><strong>alia</strong></span> <span class='ocrx_word' id='word_1_82' title='bbox 1387 1309 1625 1362; x_wconf 84' lang='lat' dir='ltr'><strong>chartula</strong></span> 
     </span>
    </p>
   </div>
   <div class='ocr_carea' id='block_1_13' title="bbox 34 1401 1624 1472">
    <p class='ocr_par' dir='ltr' id='par_1_13' title="bbox 34 1401 1624 1472">
     <span class='ocr_line' id='line_1_13' title="bbox 34 1401 1624 1472; baseline -0.003 -16"><span class='ocrx_word' id='word_1_83' title='bbox 34 1404 230 1457; x_wconf 82' lang='lat' dir='ltr'><strong>inventi</strong></span> <span class='ocrx_word' id='word_1_84' title='bbox 280 1413 427 1458; x_wconf 92' lang='lat' dir='ltr'><strong>sunt.</strong></span> <span class='ocrx_word' id='word_1_85' title='bbox 473 1403 592 1456; x_wconf 77' lang='lat' dir='ltr'><strong>Ista:</strong></span> <span class='ocrx_word' id='word_1_86' title='bbox 621 1403 795 1472; x_wconf 90' lang='lat' dir='ltr'><strong>itaque</strong></span> <span class='ocrx_word' id='word_1_87' title='bbox 822 1402 1013 1456; x_wconf 75' lang='lat' dir='ltr'><strong>littera:</strong></span> <span class='ocrx_word' id='word_1_88' title='bbox 1039 1401 1104 1454; x_wconf 91' lang='lat' dir='ltr'><strong>ad</strong></span> <span class='ocrx_word' id='word_1_89' title='bbox 1148 1401 1466 1454; x_wconf 82' lang='lat' dir='ltr'><strong>Probianum</strong></span> <span class='ocrx_word' id='word_1_90' title='bbox 1501 1413 1624 1467; x_wconf 83' lang='lat' dir='ltr'><strong>pro-</strong></span> 
     </span>
    </p>
   </div>
   <div class='ocr_carea' id='block_1_14' title="bbox 30 1490 1625 1562">
    <p class='ocr_par' dir='ltr' id='par_1_14' title="bbox 30 1490 1625 1562">
     <span class='ocr_line' id='line_1_14' title="bbox 30 1490 1625 1562; baseline -0.005 -12"><span class='ocrx_word' id='word_1_91' title='bbox 30 1497 310 1550; x_wconf 87' lang='lat' dir='ltr'><strong>consulem</strong></span> <span class='ocrx_word' id='word_1_92' title='bbox 342 1495 498 1558; x_wconf 63' lang='lat' dir='ltr'><strong>datze,</strong></span> <span class='ocrx_word' id='word_1_93' title='bbox 529 1495 806 1548; x_wconf 81' lang='lat' dir='ltr'><strong>continent</strong></span> <span class='ocrx_word' id='word_1_94' title='bbox 833 1492 1172 1562; x_wconf 89' lang='lat' dir='ltr'><strong>Imperatoris</strong></span> <span class='ocrx_word' id='word_1_95' title='bbox 1192 1490 1625 1560; x_wconf 72' lang='lat' dir='ltr'><strong>jussionem,qua</strong></span> 
     </span>
    </p>
   </div>
   <div class='ocr_carea' id='block_1_15' title="bbox 37 1579 1626 1656">
    <p class='ocr_par' dir='ltr' id='par_1_15' title="bbox 37 1579 1626 1656">
     <span class='ocr_line' id='line_1_15' title="bbox 37 1579 1626 1656; baseline -0.001 -22"><span class='ocrx_word' id='word_1_96' title='bbox 37 1587 290 1656; x_wconf 72' lang='lat' dir='ltr'><strong>praecepit</strong></span> <span class='ocrx_word' id='word_1_97' title='bbox 325 1594 380 1638; x_wconf 89' lang='lat' dir='ltr'><strong>ut</strong></span> <span class='ocrx_word' id='word_1_98' title='bbox 408 1586 472 1639; x_wconf 87' lang='lat' dir='ltr'><strong>ad</strong></span> <span class='ocrx_word' id='word_1_99' title='bbox 504 1601 563 1639; x_wconf 91' lang='lat' dir='ltr'><strong>se</strong></span> <span class='ocrx_word' id='word_1_100' title='bbox 594 1583 862 1654; x_wconf 84' lang='lat' dir='ltr'><strong>lngentius</strong></span> <span class='ocrx_word' id='word_1_101' title='bbox 893 1584 1213 1642; x_wconf 88' lang='lat' dir='ltr'><strong>mitteretur,</strong></span> <span class='ocrx_word' id='word_1_102' title='bbox 1242 1581 1391 1650; x_wconf 86' lang='lat' dir='ltr'><strong>cnjns</strong></span> <span class='ocrx_word' id='word_1_103' title='bbox 1419 1579 1626 1634; x_wconf 88' lang='lat' dir='ltr'><strong>confes-</strong></span> 
     </span>
    </p>
   </div>
   <div class='ocr_carea' id='block_1_16' title="bbox 34 1671 1624 1746">
    <p class='ocr_par' dir='ltr' id='par_1_16' title="bbox 34 1671 1624 1746">
     <span class='ocr_line' id='line_1_16' title="bbox 34 1671 1624 1746; baseline -0.003 -17"><span class='ocrx_word' id='word_1_104' title='bbox 34 1677 177 1731; x_wconf 89' lang='lat' dir='ltr'><strong>sione</strong></span> <span class='ocrx_word' id='word_1_105' title='bbox 208 1678 263 1731; x_wconf 90' lang='lat' dir='ltr'><strong>in</strong></span> <span class='ocrx_word' id='word_1_106' title='bbox 299 1675 630 1746; x_wconf 90' lang='lat' dir='ltr'><strong>proconsulis</strong></span> <span class='ocrx_word' id='word_1_107' title='bbox 663 1674 860 1729; x_wconf 65' lang='lat' dir='ltr'><strong>Eliani</strong></span> <span class='ocrx_word' id='word_1_108' title='bbox 899 1675 1103 1744; x_wconf 85' lang='lat' dir='ltr'><strong>judicio</strong></span> <span class='ocrx_word' id='word_1_109' title='bbox 1135 1671 1280 1726; x_wconf 76' lang='lat' dir='ltr'><strong>Felix</strong></span> <span class='ocrx_word' id='word_1_110' title='bbox 1311 1672 1624 1741; x_wconf 83' lang='lat' dir='ltr'><strong>Abtngnen-</strong></span> 
     </span>
    </p>
   </div>
   <div class='ocr_carea' id='block_1_17' title="bbox 37 1762 1628 1822">
    <p class='ocr_par' dir='ltr' id='par_1_17' title="bbox 37 1762 1628 1822">
     <span class='ocr_line' id='line_1_17' title="bbox 37 1762 1628 1822; baseline -0.003 -1"><span class='ocrx_word' id='word_1_111' title='bbox 37 1771 104 1821; x_wconf 89' lang='lat' dir='ltr'><strong>sis</strong></span> <span class='ocrx_word' id='word_1_112' title='bbox 143 1768 425 1822; x_wconf 79' lang='lat' dir='ltr'><strong>ordinatur</strong></span> <span class='ocrx_word' id='word_1_113' title='bbox 467 1767 731 1822; x_wconf 76' lang='lat' dir='ltr'><strong>Caeciliani</strong></span> <span class='ocrx_word' id='word_1_114' title='bbox 774 1782 802 1820; x_wconf 92' lang='lat' dir='ltr'><strong>a</strong></span> <span class='ocrx_word' id='word_1_115' title='bbox 843 1766 1068 1819; x_wconf 88' lang='lat' dir='ltr'><strong>crimine</strong></span> <span class='ocrx_word' id='word_1_116' title='bbox 1113 1762 1414 1817; x_wconf 74' lang='lat' dir='ltr'><strong>traditionis</strong></span> <span class='ocrx_word' id='word_1_117' title='bbox 1459 1762 1628 1816; x_wconf 80' lang='lat' dir='ltr'><strong>fuerat</strong></span> 
     </span>
    </p>
   </div>
   <div class='ocr_carea' id='block_1_18' title="bbox 36 1853 1627 1926">
    <p class='ocr_par' dir='ltr' id='par_1_18' title="bbox 36 1853 1627 1926">
     <span class='ocr_line' id='line_1_18' title="bbox 36 1853 1627 1926; baseline -0.003 -15"><span class='ocrx_word' id='word_1_118' title='bbox 36 1859 334 1913; x_wconf 87' lang='lat' dir='ltr'><strong>absolutus.</strong></span> <span class='ocrx_word' id='word_1_119' title='bbox 371 1859 480 1912; x_wconf 84' lang='lat' dir='ltr'><strong>lloe</strong></span> <span class='ocrx_word' id='word_1_120' title='bbox 505 1869 681 1912; x_wconf 87' lang='lat' dir='ltr'><strong>autem</strong></span> <span class='ocrx_word' id='word_1_121' title='bbox 717 1857 992 1926; x_wconf 76' lang='lat' dir='ltr'><strong>imperiale</strong></span> <span class='ocrx_word' id='word_1_122' title='bbox 1027 1863 1344 1924; x_wconf 65' lang='lat' dir='ltr'><strong>pra&#39;ceplum</strong></span> <span class='ocrx_word' id='word_1_123' title='bbox 1378 1853 1496 1907; x_wconf 92' lang='lat' dir='ltr'><strong>ideo</strong></span> <span class='ocrx_word' id='word_1_124' title='bbox 1524 1853 1627 1907; x_wconf 86' lang='lat' dir='ltr'><strong>Do-</strong></span> 
     </span>
    </p>
   </div>
   <div class='ocr_carea' id='block_1_19' title="bbox 42 1944 1626 2016">
    <p class='ocr_par' dir='ltr' id='par_1_19' title="bbox 42 1944 1626 2016">
     <span class='ocr_line' id='line_1_19' title="bbox 42 1944 1626 2016; baseline -0.002 -16"><span class='ocrx_word' id='word_1_125' title='bbox 42 1951 242 2004; x_wconf 69' lang='lat' dir='ltr'><strong>natista:</strong></span> <span class='ocrx_word' id='word_1_126' title='bbox 291 1966 352 2003; x_wconf 92' lang='lat' dir='ltr'><strong>se</strong></span> <span class='ocrx_word' id='word_1_127' title='bbox 401 1950 622 2003; x_wconf 83' lang='lat' dir='ltr'><strong>recitare</strong></span> <span class='ocrx_word' id='word_1_128' title='bbox 665 1947 946 2010; x_wconf 84' lang='lat' dir='ltr'><strong>dicebant,</strong></span> <span class='ocrx_word' id='word_1_129' title='bbox 981 1955 1038 2000; x_wconf 86' lang='lat' dir='ltr'><strong>ut</strong></span> <span class='ocrx_word' id='word_1_130' title='bbox 1081 1947 1230 2016; x_wconf 82' lang='lat' dir='ltr'><strong>quasi</strong></span> <span class='ocrx_word' id='word_1_131' title='bbox 1279 1944 1626 2000; x_wconf 90' lang='lat' dir='ltr'><strong>ostenderent</strong></span> 
     </span>
    </p>
   </div>
   <div class='ocr_carea' id='block_1_20' title="bbox 38 2036 1629 2106">
    <p class='ocr_par' dir='ltr' id='par_1_20' title="bbox 38 2036 1629 2106">
     <span class='ocr_line' id='line_1_20' title="bbox 38 2036 1629 2106; baseline -0.001 -14"><span class='ocrx_word' id='word_1_132' title='bbox 38 2037 302 2094; x_wconf 84' lang='lat' dir='ltr'><strong>Ccciliani</strong></span> <span class='ocrx_word' id='word_1_133' title='bbox 331 2056 546 2094; x_wconf 81' lang='lat' dir='ltr'><strong>Causam</strong></span> <span class='ocrx_word' id='word_1_134' title='bbox 577 2039 748 2093; x_wconf 90' lang='lat' dir='ltr'><strong>adhuc</strong></span> <span class='ocrx_word' id='word_1_135' title='bbox 774 2036 940 2092; x_wconf 82' lang='lat' dir='ltr'><strong>fuisse</strong></span> <span class='ocrx_word' id='word_1_136' title='bbox 965 2051 1298 2106; x_wconf 81' lang='lat' dir='ltr'><strong>suspensam,</strong></span> <span class='ocrx_word' id='word_1_137' title='bbox 1320 2036 1478 2090; x_wconf 90' lang='lat' dir='ltr'><strong>etiam</strong></span> <span class='ocrx_word' id='word_1_138' title='bbox 1509 2045 1629 2104; x_wconf 87' lang='lat' dir='ltr'><strong>post</strong></span> 
     </span>
    </p>
   </div>
   <div class='ocr_carea' id='block_1_21' title="bbox 43 2127 1625 2199">
    <p class='ocr_par' dir='ltr' id='par_1_21' title="bbox 43 2127 1625 2199">
     <span class='ocr_line' id='line_1_21' title="bbox 43 2127 1625 2199; baseline -0.002 -16"><span class='ocrx_word' id='word_1_139' title='bbox 43 2130 161 2183; x_wconf 89' lang='lat' dir='ltr'><strong>illud</strong></span> <span class='ocrx_word' id='word_1_140' title='bbox 187 2130 456 2199; x_wconf 85' lang='lat' dir='ltr'><strong>judicium</strong></span> <span class='ocrx_word' id='word_1_141' title='bbox 479 2146 582 2198; x_wconf 91' lang='lat' dir='ltr'><strong>quo</strong></span> <span class='ocrx_word' id='word_1_142' title='bbox 601 2146 658 2183; x_wconf 90' lang='lat' dir='ltr'><strong>se</strong></span> <span class='ocrx_word' id='word_1_143' title='bbox 679 2129 1060 2182; x_wconf 88' lang='lat' dir='ltr'><strong>Constantinus</strong></span> <span class='ocrx_word' id='word_1_144' title='bbox 1090 2127 1227 2182; x_wconf 88' lang='lat' dir='ltr'><strong>inter</strong></span> <span class='ocrx_word' id='word_1_145' title='bbox 1249 2136 1426 2197; x_wconf 90' lang='lat' dir='ltr'><strong>partes</strong></span> <span class='ocrx_word' id='word_1_146' title='bbox 1450 2127 1625 2180; x_wconf 84' lang='lat' dir='ltr'><strong>omnia</strong></span> 
     </span>
    </p>
   </div>
   <div class='ocr_carea' id='block_1_22' title="bbox 43 2219 1621 2292">
    <p class='ocr_par' dir='ltr' id='par_1_22' title="bbox 43 2219 1621 2292">
     <span class='ocr_line' id='line_1_22' title="bbox 43 2219 1621 2292; baseline -0.003 -18"><span class='ocrx_word' id='word_1_147' title='bbox 43 2224 356 2276; x_wconf 80' lang='lat' dir='ltr'><strong>terminasse</strong></span> <span class='ocrx_word' id='word_1_148' title='bbox 392 2222 500 2290; x_wconf 73' lang='lat' dir='ltr'><strong>jam</strong></span> <span class='ocrx_word' id='word_1_149' title='bbox 550 2222 836 2292; x_wconf 70' lang='lat' dir='ltr'><strong>scripserat</strong></span> <span class='ocrx_word' id='word_1_150' title='bbox 868 2239 880 2271; x_wconf 88' lang='lat'><strong>:</strong></span> <span class='ocrx_word' id='word_1_151' title='bbox 913 2235 1034 2273; x_wconf 91' lang='lat' dir='ltr'><strong>cum</strong></span> <span class='ocrx_word' id='word_1_152' title='bbox 1066 2228 1118 2272; x_wconf 92' lang='lat' dir='ltr'><strong>et</strong></span> <span class='ocrx_word' id='word_1_153' title='bbox 1151 2219 1200 2272; x_wconf 93' lang='lat' dir='ltr'><strong>in</strong></span> <span class='ocrx_word' id='word_1_154' title='bbox 1228 2219 1358 2288; x_wconf 90' lang='lat' dir='ltr'><strong>ipsis</strong></span> <span class='ocrx_word' id='word_1_155' title='bbox 1399 2219 1621 2282; x_wconf 74' lang='lat' dir='ltr'><strong>litteris,</strong></span> 
     </span>
    </p>
   </div>
   <div class='ocr_carea' id='block_1_23' title="bbox 42 2310 1623 2381">
    <p class='ocr_par' dir='ltr' id='par_1_23' title="bbox 42 2310 1623 2381">
     <span class='ocr_line' id='line_1_23' title="bbox 42 2310 1623 2381; baseline -0.001 -17"><span class='ocrx_word' id='word_1_156' title='bbox 42 2329 164 2380; x_wconf 87' lang='lat' dir='ltr'><strong>quas</strong></span> <span class='ocrx_word' id='word_1_157' title='bbox 189 2314 256 2366; x_wconf 92' lang='lat' dir='ltr'><strong>ad</strong></span> <span class='ocrx_word' id='word_1_158' title='bbox 292 2313 613 2368; x_wconf 86' lang='lat' dir='ltr'><strong>Probiannm</strong></span> <span class='ocrx_word' id='word_1_159' title='bbox 643 2311 1018 2381; x_wconf 78' lang='lat' dir='ltr'><strong>proconsulem</strong></span> <span class='ocrx_word' id='word_1_160' title='bbox 1049 2310 1199 2364; x_wconf 89' lang='lat' dir='ltr'><strong>datas</strong></span> <span class='ocrx_word' id='word_1_161' title='bbox 1231 2311 1623 2374; x_wconf 82' lang='lat' dir='ltr'><strong>recitaverunt,</strong></span> 
     </span>
    </p>
   </div>
   <div class='ocr_carea' id='block_1_24' title="bbox 44 2400 1623 2473">
    <p class='ocr_par' dir='ltr' id='par_1_24' title="bbox 44 2400 1623 2473">
     <span class='ocr_line' id='line_1_24' title="bbox 44 2400 1623 2473; baseline -0.001 -20"><span class='ocrx_word' id='word_1_162' title='bbox 44 2403 225 2470; x_wconf 78' lang='lat' dir='ltr'><strong>quibus</strong></span> <span class='ocrx_word' id='word_1_163' title='bbox 267 2405 421 2473; x_wconf 87' lang='lat' dir='ltr'><strong>quasi</strong></span> <span class='ocrx_word' id='word_1_164' title='bbox 455 2403 800 2458; x_wconf 88' lang='lat' dir='ltr'><strong>ostenderent</strong></span> <span class='ocrx_word' id='word_1_165' title='bbox 841 2402 1013 2456; x_wconf 89' lang='lat' dir='ltr'><strong>adhuc</strong></span> <span class='ocrx_word' id='word_1_166' title='bbox 1056 2401 1288 2470; x_wconf 89' lang='lat' dir='ltr'><strong>pendere</strong></span> <span class='ocrx_word' id='word_1_167' title='bbox 1326 2400 1583 2469; x_wconf 90' lang='lat' dir='ltr'><strong>judicium</strong></span> <span class='ocrx_word' id='word_1_168' title='bbox 1609 2441 1623 2462; x_wconf 91' lang='lat'><strong>,</strong></span> 
     </span>
    </p>
   </div>
   <div class='ocr_carea' id='block_1_25' title="bbox 46 2491 1624 2564">
    <p class='ocr_par' dir='ltr' id='par_1_25' title="bbox 46 2491 1624 2564">
     <span class='ocr_line' id='line_1_25' title="bbox 46 2491 1624 2564; baseline -0.002 -17"><span class='ocrx_word' id='word_1_169' title='bbox 46 2498 287 2564; x_wconf 78' lang='lat' dir='ltr'><strong>qiioniam</strong></span> <span class='ocrx_word' id='word_1_170' title='bbox 331 2498 399 2550; x_wconf 90' lang='lat' dir='ltr'><strong>ad</strong></span> <span class='ocrx_word' id='word_1_171' title='bbox 440 2513 497 2551; x_wconf 90' lang='lat' dir='ltr'><strong>se</strong></span> <span class='ocrx_word' id='word_1_172' title='bbox 539 2496 672 2549; x_wconf 90' lang='lat' dir='ltr'><strong>mitti</strong></span> <span class='ocrx_word' id='word_1_173' title='bbox 709 2495 942 2564; x_wconf 87' lang='lat' dir='ltr'><strong>jusserat</strong></span> <span class='ocrx_word' id='word_1_174' title='bbox 972 2493 1264 2562; x_wconf 88' lang='lat' dir='ltr'><strong>Imperator</strong></span> <span class='ocrx_word' id='word_1_175' title='bbox 1292 2491 1586 2562; x_wconf 76' lang='lat' dir='ltr'><strong>lugentium</strong></span> <span class='ocrx_word' id='word_1_176' title='bbox 1609 2531 1624 2555; x_wconf 94' lang='lat'><strong>,</strong></span> 
     </span>
    </p>
   </div>
   <div class='ocr_carea' id='block_1_26' title="bbox 51 2580 1626 2655">
    <p class='ocr_par' dir='ltr' id='par_1_26' title="bbox 51 2580 1626 2655">
     <span class='ocr_line' id='line_1_26' title="bbox 51 2580 1626 2655; baseline -0.002 -18"><span class='ocrx_word' id='word_1_177' title='bbox 51 2596 181 2639; x_wconf 89' lang='lat' dir='ltr'><strong>tanta</strong></span> <span class='ocrx_word' id='word_1_178' title='bbox 210 2598 401 2641; x_wconf 91' lang='lat' dir='ltr'><strong>contra</strong></span> <span class='ocrx_word' id='word_1_179' title='bbox 428 2602 487 2642; x_wconf 89' lang='lat' dir='ltr'><strong>se</strong></span> <span class='ocrx_word' id='word_1_180' title='bbox 517 2586 759 2655; x_wconf 86' lang='lat' dir='ltr'><strong>legerint,</strong></span> <span class='ocrx_word' id='word_1_181' title='bbox 791 2593 845 2638; x_wconf 91' lang='lat' dir='ltr'><strong>ut</strong></span> <span class='ocrx_word' id='word_1_182' title='bbox 872 2584 1090 2638; x_wconf 92' lang='lat' dir='ltr'><strong>omnino</strong></span> <span class='ocrx_word' id='word_1_183' title='bbox 1117 2583 1309 2636; x_wconf 88' lang='lat' dir='ltr'><strong>tnirttm</strong></span> <span class='ocrx_word' id='word_1_184' title='bbox 1343 2582 1412 2635; x_wconf 90' lang='lat' dir='ltr'><strong>sit</strong></span> <span class='ocrx_word' id='word_1_185' title='bbox 1437 2580 1626 2650; x_wconf 82' lang='lat' dir='ltr'><strong>quibus</strong></span> 
     </span>
    </p>
   </div>
   <div class='ocr_carea' id='block_1_27' title="bbox 49 2672 1626 2747">
    <p class='ocr_par' dir='ltr' id='par_1_27' title="bbox 49 2672 1626 2747">
     <span class='ocr_line' id='line_1_27' title="bbox 49 2672 1626 2747; baseline -0.002 -20"><span class='ocrx_word' id='word_1_186' title='bbox 49 2676 127 2728; x_wconf 87' lang='lat' dir='ltr'><strong>illa</strong></span> <span class='ocrx_word' id='word_1_187' title='bbox 155 2678 331 2731; x_wconf 90' lang='lat' dir='ltr'><strong>oculis</strong></span> <span class='ocrx_word' id='word_1_188' title='bbox 357 2678 596 2747; x_wconf 87' lang='lat' dir='ltr'><strong>aspicere</strong></span> <span class='ocrx_word' id='word_1_189' title='bbox 617 2719 631 2742; x_wconf 92' lang='lat'><strong>,</strong></span> <span class='ocrx_word' id='word_1_190' title='bbox 665 2677 745 2730; x_wconf 85' lang='lat' dir='ltr'><strong>vel</strong></span> <span class='ocrx_word' id='word_1_191' title='bbox 786 2690 893 2746; x_wconf 70' lang='lat' dir='ltr'><strong>quo</strong></span> <span class='ocrx_word' id='word_1_192' title='bbox 921 2689 1016 2729; x_wconf 90' lang='lat' dir='ltr'><strong>ore</strong></span> <span class='ocrx_word' id='word_1_193' title='bbox 1050 2672 1397 2743; x_wconf 83' lang='lat' dir='ltr'><strong>pronuntiare</strong></span> <span class='ocrx_word' id='word_1_194' title='bbox 1438 2681 1626 2741; x_wconf 88' lang='lat' dir='ltr'><strong>potue-</strong></span> 
     </span>
    </p>
   </div>
   <div class='ocr_carea' id='block_1_28' title="bbox 53 2765 1628 2834">
    <p class='ocr_par' dir='ltr' id='par_1_28' title="bbox 53 2765 1628 2834">
     <span class='ocr_line' id='line_1_28' title="bbox 53 2765 1628 2834; baseline -0.001 -14"><span class='ocrx_word' id='word_1_195' title='bbox 53 2769 164 2822; x_wconf 88' lang='lat' dir='ltr'><strong>rint.</strong></span> <span class='ocrx_word' id='word_1_196' title='bbox 197 2768 273 2824; x_wconf 88' lang='lat' dir='ltr'><strong>lbi</strong></span> <span class='ocrx_word' id='word_1_197' title='bbox 302 2771 447 2824; x_wconf 90' lang='lat' dir='ltr'><strong>enim</strong></span> <span class='ocrx_word' id='word_1_198' title='bbox 475 2770 854 2824; x_wconf 80' lang='lat' dir='ltr'><strong>Constantinus</strong></span> <span class='ocrx_word' id='word_1_199' title='bbox 882 2768 1034 2829; x_wconf 80' lang='lat' dir='ltr'><strong>dixit,</strong></span> <span class='ocrx_word' id='word_1_200' title='bbox 1063 2766 1130 2820; x_wconf 86' lang='lat' dir='ltr'><strong>ab</strong></span> <span class='ocrx_word' id='word_1_201' title='bbox 1161 2765 1376 2820; x_wconf 62' lang='lat' dir='ltr'><strong>IEliano</strong></span> <span class='ocrx_word' id='word_1_202' title='bbox 1401 2778 1628 2834; x_wconf 79' lang='lat' dir='ltr'><strong>procon-</strong></span> 
     </span>
    </p>
   </div>
   <div class='ocr_carea' id='block_1_29' title="bbox 51 2855 1626 2930">
    <p class='ocr_par' dir='ltr' id='par_1_29' title="bbox 51 2855 1626 2930">
     <span class='ocr_line' id='line_1_29' title="bbox 51 2855 1626 2930; baseline -0.001 -19"><span class='ocrx_word' id='word_1_203' title='bbox 51 2860 155 2914; x_wconf 78' lang='lat' dir='ltr'><strong>sule</strong></span> <span class='ocrx_word' id='word_1_204' title='bbox 175 2861 501 2916; x_wconf 86' lang='lat' dir='ltr'><strong>audientiam</strong></span> <span class='ocrx_word' id='word_1_205' title='bbox 533 2861 818 2930; x_wconf 63' lang='lat' dir='ltr'><strong>praestitam</strong></span> <span class='ocrx_word' id='word_1_206' title='bbox 849 2866 1262 2926; x_wconf 91' lang='lat' dir='ltr'><strong>competentem,</strong></span> <span class='ocrx_word' id='word_1_207' title='bbox 1290 2855 1626 2925; x_wconf 89' lang='lat' dir='ltr'><strong>Felicemque</strong></span> 
     </span>
    </p>
   </div>
   <div class='ocr_carea' id='block_1_30' title="bbox 55 2945 1621 3005">
    <p class='ocr_par' dir='ltr' id='par_1_30' title="bbox 55 2945 1621 3005">
     <span class='ocr_line' id='line_1_30' title="bbox 55 2945 1621 3005; baseline -0.001 -4"><span class='ocrx_word' id='word_1_208' title='bbox 55 2949 381 3005; x_wconf 87' lang='lat' dir='ltr'><strong>innocentem</strong></span> <span class='ocrx_word' id='word_1_209' title='bbox 413 2951 479 3004; x_wconf 90' lang='lat' dir='ltr'><strong>ab</strong></span> <span class='ocrx_word' id='word_1_210' title='bbox 508 2951 785 3004; x_wconf 80' lang='lat' dir='ltr'><strong>exustione</strong></span> <span class='ocrx_word' id='word_1_211' title='bbox 811 2949 1058 3003; x_wconf 88' lang='lat' dir='ltr'><strong>codicum</strong></span> <span class='ocrx_word' id='word_1_212' title='bbox 1089 2947 1391 3001; x_wconf 90' lang='lat' dir='ltr'><strong>divinorum</strong></span> <span class='ocrx_word' id='word_1_213' title='bbox 1422 2945 1621 3000; x_wconf 44' lang='lat' dir='ltr'><strong>censu.</strong></span> 
     </span>
    </p>
   </div>
   <div class='ocr_carea' id='block_1_31' title="bbox 56 3035 1624 3109">
    <p class='ocr_par' dir='ltr' id='par_1_31' title="bbox 56 3035 1624 3109">
     <span class='ocr_line' id='line_1_31' title="bbox 56 3035 1624 3109; baseline -0.001 -18"><span class='ocrx_word' id='word_1_214' title='bbox 56 3039 200 3106; x_wconf 89' lang='lat' dir='ltr'><strong>tisse;</strong></span> <span class='ocrx_word' id='word_1_215' title='bbox 244 3043 369 3096; x_wconf 89' lang='lat' dir='ltr'><strong>illos</strong></span> <span class='ocrx_word' id='word_1_216' title='bbox 401 3050 577 3096; x_wconf 87' lang='lat' dir='ltr'><strong>autem</strong></span> <span class='ocrx_word' id='word_1_217' title='bbox 600 3055 718 3094; x_wconf 85' lang='lat' dir='ltr'><strong>esse</strong></span> <span class='ocrx_word' id='word_1_218' title='bbox 742 3040 793 3094; x_wconf 91' lang='lat' dir='ltr'><strong>in</strong></span> <span class='ocrx_word' id='word_1_219' title='bbox 827 3040 1110 3109; x_wconf 70' lang='lat' dir='ltr'><strong>prmsentia</strong></span> <span class='ocrx_word' id='word_1_220' title='bbox 1140 3035 1512 3098; x_wconf 85' lang='lat' dir='ltr'><strong>confutandos,</strong></span> <span class='ocrx_word' id='word_1_221' title='bbox 1538 3035 1624 3106; x_wconf 89' lang='lat' dir='ltr'><strong>qui</strong></span> 
     </span>
    </p>
   </div>
   <div class='ocr_carea' id='block_1_32' title="bbox 57 3129 1630 3199">
    <p class='ocr_par' dir='ltr' id='par_1_32' title="bbox 57 3129 1630 3199">
     <span class='ocr_line' id='line_1_32' title="bbox 57 3129 1630 3199; baseline -0.001 -17"><span class='ocrx_word' id='word_1_222' title='bbox 57 3130 304 3187; x_wconf 85' lang='lat' dir='ltr'><strong>diuturnis</strong></span> <span class='ocrx_word' id='word_1_223' title='bbox 326 3132 515 3186; x_wconf 90' lang='lat' dir='ltr'><strong>diebus</strong></span> <span class='ocrx_word' id='word_1_224' title='bbox 536 3147 655 3186; x_wconf 91' lang='lat' dir='ltr'><strong>eum</strong></span> <span class='ocrx_word' id='word_1_225' title='bbox 680 3130 1020 3199; x_wconf 88' lang='lat' dir='ltr'><strong>interpellare</strong></span> <span class='ocrx_word' id='word_1_226' title='bbox 1046 3145 1150 3182; x_wconf 89' lang='lat' dir='ltr'><strong>non</strong></span> <span class='ocrx_word' id='word_1_227' title='bbox 1181 3129 1542 3197; x_wconf 82' lang='lat' dir='ltr'><strong>quiescerent;</strong></span> <span class='ocrx_word' id='word_1_228' title='bbox 1574 3133 1630 3180; x_wconf 89' lang='lat' dir='ltr'><strong>ut</strong></span> 
     </span>
    </p>
   </div>
   <div class='ocr_carea' id='block_1_33' title="bbox 58 3221 1622 3296">
    <p class='ocr_par' dir='ltr' id='par_1_33' title="bbox 58 3221 1622 3296">
     <span class='ocr_line' id='line_1_33' title="bbox 58 3221 1622 3296; baseline -0.001 -21"><span class='ocrx_word' id='word_1_229' title='bbox 58 3224 124 3277; x_wconf 84' lang='lat' dir='ltr'><strong>eis</strong></span> <span class='ocrx_word' id='word_1_230' title='bbox 152 3225 352 3296; x_wconf 90' lang='lat' dir='ltr'><strong>liquido</strong></span> <span class='ocrx_word' id='word_1_231' title='bbox 383 3234 682 3295; x_wconf 83' lang='lat' dir='ltr'><strong>appareret,</strong></span> <span class='ocrx_word' id='word_1_232' title='bbox 715 3225 905 3278; x_wconf 89' lang='lat' dir='ltr'><strong>frustra</strong></span> <span class='ocrx_word' id='word_1_233' title='bbox 933 3239 1029 3278; x_wconf 74' lang='lat' dir='ltr'><strong>eos</strong></span> <span class='ocrx_word' id='word_1_234' title='bbox 1055 3222 1338 3277; x_wconf 69' lang='lat' dir='ltr'><strong>Casciliano</strong></span> <span class='ocrx_word' id='word_1_235' title='bbox 1371 3221 1622 3275; x_wconf 78' lang='lat' dir='ltr'><strong>invidiam</strong></span> 
     </span>
    </p>
   </div>
   <div class='ocr_carea' id='block_1_34' title="bbox 61 3314 1618 3383">
    <p class='ocr_par' dir='ltr' id='par_1_34' title="bbox 61 3314 1618 3383">
     <span class='ocr_line' id='line_1_34' title="bbox 61 3314 1618 3383; baseline 0 -18"><span class='ocrx_word' id='word_1_236' title='bbox 61 3329 354 3383; x_wconf 87' lang='lat' dir='ltr'><strong>comparare</strong></span> <span class='ocrx_word' id='word_1_237' title='bbox 374 3358 389 3382; x_wconf 91' lang='lat'><strong>,</strong></span> <span class='ocrx_word' id='word_1_238' title='bbox 421 3324 474 3370; x_wconf 93' lang='lat' dir='ltr'><strong>ct</strong></span> <span class='ocrx_word' id='word_1_239' title='bbox 497 3315 756 3369; x_wconf 87' lang='lat' dir='ltr'><strong>adversus</strong></span> <span class='ocrx_word' id='word_1_240' title='bbox 787 3331 907 3369; x_wconf 91' lang='lat' dir='ltr'><strong>cum</strong></span> <span class='ocrx_word' id='word_1_241' title='bbox 936 3314 1196 3368; x_wconf 86' lang='lat' dir='ltr'><strong>violenter</strong></span> <span class='ocrx_word' id='word_1_242' title='bbox 1226 3315 1500 3380; x_wconf 74' lang='lat' dir='ltr'><strong>insurgere</strong></span> <span class='ocrx_word' id='word_1_243' title='bbox 1533 3325 1618 3365; x_wconf 86' lang='lat' dir='ltr'><strong>vo-</strong></span> 
     </span>
    </p>
   </div>
   <div class='ocr_carea' id='block_1_35' title="bbox 61 3401 1627 3476">
    <p class='ocr_par' dir='ltr' id='par_1_35' title="bbox 61 3401 1627 3476">
     <span class='ocr_line' id='line_1_35' title="bbox 61 3401 1627 3476; baseline -0.001 -20"><span class='ocrx_word' id='word_1_244' title='bbox 61 3403 220 3459; x_wconf 52' lang='lat' dir='ltr'><strong>fuisse.</strong></span> <span class='ocrx_word' id='word_1_245' title='bbox 257 3406 357 3460; x_wconf 91' lang='lat' dir='ltr'><strong>llic</strong></span> <span class='ocrx_word' id='word_1_246' title='bbox 385 3421 514 3476; x_wconf 82' lang='lat' dir='ltr'><strong>ergo</strong></span> <span class='ocrx_word' id='word_1_247' title='bbox 555 3421 649 3476; x_wconf 90' lang='lat' dir='ltr'><strong>per</strong></span> <span class='ocrx_word' id='word_1_248' title='bbox 680 3407 799 3460; x_wconf 89' lang='lat' dir='ltr'><strong>illas</strong></span> <span class='ocrx_word' id='word_1_249' title='bbox 839 3405 1043 3460; x_wconf 87' lang='lat' dir='ltr'><strong>litteras</strong></span> <span class='ocrx_word' id='word_1_250' title='bbox 1066 3446 1080 3469; x_wconf 91' lang='lat'><strong>,</strong></span> <span class='ocrx_word' id='word_1_251' title='bbox 1122 3420 1226 3457; x_wconf 89' lang='lat' dir='ltr'><strong>non</strong></span> <span class='ocrx_word' id='word_1_252' title='bbox 1257 3405 1429 3457; x_wconf 90' lang='lat' dir='ltr'><strong>solum</strong></span> <span class='ocrx_word' id='word_1_253' title='bbox 1459 3401 1627 3456; x_wconf 57' lang='lat' dir='ltr'><strong>Carci-</strong></span> 
     </span>
    </p>
   </div>
   <div class='ocr_carea' id='block_1_36' title="bbox 59 3491 1626 3564">
    <p class='ocr_par' dir='ltr' id='par_1_36' title="bbox 59 3491 1626 3564">
     <span class='ocr_line' id='line_1_36' title="bbox 59 3491 1626 3564; baseline 0.001 -21"><span class='ocrx_word' id='word_1_254' title='bbox 59 3491 272 3563; x_wconf 88' lang='lat' dir='ltr'><strong>lianum,</strong></span> <span class='ocrx_word' id='word_1_255' title='bbox 305 3496 402 3552; x_wconf 90' lang='lat' dir='ltr'><strong>sed</strong></span> <span class='ocrx_word' id='word_1_256' title='bbox 441 3497 599 3551; x_wconf 88' lang='lat' dir='ltr'><strong>etiam</strong></span> <span class='ocrx_word' id='word_1_257' title='bbox 645 3496 875 3550; x_wconf 79' lang='lat' dir='ltr'><strong>Felicem</strong></span> <span class='ocrx_word' id='word_1_258' title='bbox 920 3506 1198 3564; x_wconf 83' lang='lat' dir='ltr'><strong>purgatum</strong></span> <span class='ocrx_word' id='word_1_259' title='bbox 1223 3537 1236 3554; x_wconf 91' lang='lat'><strong>.</strong></span> <span class='ocrx_word' id='word_1_260' title='bbox 1266 3509 1428 3562; x_wconf 71' lang='lat' dir='ltr'><strong>Seque</strong></span> <span class='ocrx_word' id='word_1_261' title='bbox 1470 3492 1626 3546; x_wconf 86' lang='lat' dir='ltr'><strong>inno-</strong></span> 
     </span>
    </p>
   </div>
   <div class='ocr_carea' id='block_1_37' title="bbox 59 3585 1629 3658">
    <p class='ocr_par' dir='ltr' id='par_1_37' title="bbox 59 3585 1629 3658">
     <span class='ocr_line' id='line_1_37' title="bbox 59 3585 1629 3658; baseline 0.003 -23"><span class='ocrx_word' id='word_1_262' title='bbox 59 3587 271 3641; x_wconf 85' lang='lat' dir='ltr'><strong>ccutium</strong></span> <span class='ocrx_word' id='word_1_263' title='bbox 323 3595 696 3658; x_wconf 87' lang='lat' dir='ltr'><strong>persecutores</strong></span> <span class='ocrx_word' id='word_1_264' title='bbox 743 3586 883 3657; x_wconf 88' lang='lat' dir='ltr'><strong>apud</strong></span> <span class='ocrx_word' id='word_1_265' title='bbox 936 3587 1310 3656; x_wconf 82' lang='lat' dir='ltr'><strong>hnpcia&#39;orem</strong></span> <span class='ocrx_word' id='word_1_266' title='bbox 1358 3585 1629 3639; x_wconf 75' lang='lat' dir='ltr'><strong>exstitisse</strong></span> 
     </span>
    </p>
   </div>
   <div class='ocr_carea' id='block_1_38' title="bbox 61 3675 361 3736">
    <p class='ocr_par' dir='ltr' id='par_1_38' title="bbox 61 3675 361 3736">
     <span class='ocr_line' id='line_1_38' title="bbox 61 3675 361 3736; baseline 0.023 -7"><span class='ocrx_word' id='word_1_267' title='bbox 61 3675 361 3736; x_wconf 87' lang='lat' dir='ltr'><strong>docuerunt.</strong></span> 
     </span>
    </p>
   </div>
   <div class='ocr_carea' id='block_1_39' title="bbox 119 3768 1629 3838">
    <p class='ocr_par' dir='ltr' id='par_1_39' title="bbox 119 3768 1629 3838">
     <span class='ocr_line' id='line_1_39' title="bbox 119 3768 1629 3838; baseline 0.002 -16"><span class='ocrx_word' id='word_1_268' title='bbox 119 3769 341 3828; x_wconf 76' lang='lat' dir='ltr'><strong>CAPUT</strong></span> <span class='ocrx_word' id='word_1_269' title='bbox 371 3769 556 3826; x_wconf 76' lang='lat' dir='ltr'><strong>XXIV.</strong></span> <span class='ocrx_word' id='word_1_270' title='bbox 583 3801 654 3811; x_wconf 92' lang='lat'><strong><em>—</em></strong></span> <span class='ocrx_word' id='word_1_271' title='bbox 681 3768 770 3826; x_wconf 69' lang='grc'><strong>42.</strong></span> <span class='ocrx_word' id='word_1_272' title='bbox 802 3769 909 3824; x_wconf 84' lang='lat' dir='ltr'><strong>llac</strong></span> <span class='ocrx_word' id='word_1_273' title='bbox 929 3779 1104 3825; x_wconf 89' lang='lat' dir='ltr'><strong>autem</strong></span> <span class='ocrx_word' id='word_1_274' title='bbox 1133 3777 1347 3838; x_wconf 60' lang='lat' dir='ltr'><strong>accepta</strong></span> <span class='ocrx_word' id='word_1_275' title='bbox 1376 3778 1629 3838; x_wconf 85' lang='lat' dir='ltr'><strong>opportu-</strong></span> 
     </span>
    </p>
   </div>
   <div class='ocr_carea' id='block_1_40' title="bbox 63 3860 1629 3931">
    <p class='ocr_par' dir='ltr' id='par_1_40' title="bbox 63 3860 1629 3931">
     <span class='ocr_line' id='line_1_40' title="bbox 63 3860 1629 3931; baseline 0.003 -21"><span class='ocrx_word' id='word_1_276' title='bbox 63 3860 210 3916; x_wconf 83' lang='lat' dir='ltr'><strong>nitate</strong></span> <span class='ocrx_word' id='word_1_277' title='bbox 262 3862 528 3918; x_wconf 82' lang='lat' dir='ltr'><strong>Catholici</strong></span> <span class='ocrx_word' id='word_1_278' title='bbox 583 3861 907 3917; x_wconf 89' lang='lat' dir='ltr'><strong>recitandam</strong></span> <span class='ocrx_word' id='word_1_279' title='bbox 967 3862 1303 3931; x_wconf 87' lang='lat' dir='ltr'><strong>protulerunt</strong></span> <span class='ocrx_word' id='word_1_280' title='bbox 1355 3869 1408 3914; x_wconf 92' lang='lat' dir='ltr'><strong>et</strong></span> <span class='ocrx_word' id='word_1_281' title='bbox 1465 3860 1629 3931; x_wconf 85' lang='lat' dir='ltr'><strong>ipsius</strong></span> 
     </span>
    </p>
   </div>
   <div class='ocr_carea' id='block_1_41' title="bbox 67 3948 1626 4024">
    <p class='ocr_par' dir='ltr' id='par_1_41' title="bbox 67 3948 1626 4024">
     <span class='ocr_line' id='line_1_41' title="bbox 67 3948 1626 4024; baseline 0.001 -21"><span class='ocrx_word' id='word_1_282' title='bbox 67 3948 242 4008; x_wconf 67' lang='grc' dir='ltr'><strong>ΔΕΙίεηί</strong></span> <span class='ocrx_word' id='word_1_283' title='bbox 290 3965 417 4009; x_wconf 90' lang='lat' dir='ltr'><strong>tunc</strong></span> <span class='ocrx_word' id='word_1_284' title='bbox 464 3953 797 4024; x_wconf 88' lang='lat' dir='ltr'><strong>proconsulis</strong></span> <span class='ocrx_word' id='word_1_285' title='bbox 845 3953 1196 4014; x_wconf 89' lang='lat' dir='ltr'><strong>relationem,</strong></span> <span class='ocrx_word' id='word_1_286' title='bbox 1241 3951 1307 4005; x_wconf 91' lang='lat' dir='ltr'><strong>de</strong></span> <span class='ocrx_word' id='word_1_287' title='bbox 1349 3951 1447 4005; x_wconf 91' lang='lat' dir='ltr'><strong>hac</strong></span> <span class='ocrx_word' id='word_1_288' title='bbox 1475 3967 1532 4005; x_wconf 91' lang='lat' dir='ltr'><strong>re</strong></span> <span class='ocrx_word' id='word_1_289' title='bbox 1561 3951 1626 4004; x_wconf 92' lang='lat' dir='ltr'><strong>ad</strong></span> 
     </span>
    </p>
   </div>
   <div class='ocr_carea' id='block_1_42' title="bbox 66 4038 1628 4110">
    <p class='ocr_par' dir='ltr' id='par_1_42' title="bbox 66 4038 1628 4110">
     <span class='ocr_line' id='line_1_42' title="bbox 66 4038 1628 4110; baseline 0.001 -16"><span class='ocrx_word' id='word_1_290' title='bbox 66 4038 450 4098; x_wconf 75' lang='lat' dir='ltr'><strong>Constan&#39;inum</strong></span> <span class='ocrx_word' id='word_1_291' title='bbox 487 4043 699 4110; x_wconf 85' lang='lat' dir='ltr'><strong>datam,</strong></span> <span class='ocrx_word' id='word_1_292' title='bbox 733 4043 818 4098; x_wconf 86' lang='lat' dir='ltr'><strong>ubi</strong></span> <span class='ocrx_word' id='word_1_293' title='bbox 851 4057 909 4097; x_wconf 84' lang='lat' dir='ltr'><strong>se</strong></span> <span class='ocrx_word' id='word_1_294' title='bbox 937 4057 1149 4096; x_wconf 85' lang='lat' dir='ltr'><strong>causam</strong></span> <span class='ocrx_word' id='word_1_295' title='bbox 1195 4041 1390 4095; x_wconf 84' lang='lat' dir='ltr'><strong>Felicis</strong></span> <span class='ocrx_word' id='word_1_296' title='bbox 1417 4041 1628 4096; x_wconf 86' lang='lat' dir='ltr'><strong>audisse</strong></span> 
     </span>
    </p>
   </div>
   <div class='ocr_carea' id='block_1_43' title="bbox 68 4130 1631 4201">
    <p class='ocr_par' dir='ltr' id='par_1_43' title="bbox 68 4130 1631 4201">
     <span class='ocr_line' id='line_1_43' title="bbox 68 4130 1631 4201; baseline 0 -17"><span class='ocrx_word' id='word_1_297' title='bbox 68 4138 111 4182; x_wconf 76' lang='lat' dir='ltr'><strong>et</strong></span> <span class='ocrx_word' id='word_1_298' title='bbox 153 4131 326 4190; x_wconf 87' lang='lat' dir='ltr'><strong>finisse</strong></span> <span class='ocrx_word' id='word_1_299' title='bbox 368 4139 789 4198; x_wconf 87' lang='lat' dir='ltr'><strong>commemorat;</strong></span> <span class='ocrx_word' id='word_1_300' title='bbox 835 4143 889 4186; x_wconf 94' lang='lat' dir='ltr'><strong>et</strong></span> <span class='ocrx_word' id='word_1_301' title='bbox 935 4132 1046 4199; x_wconf 89' lang='lat' dir='ltr'><strong>ipsa</strong></span> <span class='ocrx_word' id='word_1_302' title='bbox 1093 4141 1241 4201; x_wconf 83' lang='lat' dir='ltr'><strong>gesta</strong></span> <span class='ocrx_word' id='word_1_303' title='bbox 1289 4130 1631 4198; x_wconf 85' lang='lat' dir='ltr'><strong>proconsula-</strong></span> 
     </span>
    </p>
   </div>
   <div class='ocr_carea' id='block_1_44' title="bbox 69 4220 1632 4297">
    <p class='ocr_par' dir='ltr' id='par_1_44' title="bbox 69 4220 1632 4297">
     <span class='ocr_line' id='line_1_44' title="bbox 69 4220 1632 4297; baseline -0.001 -21"><span class='ocrx_word' id='word_1_304' title='bbox 69 4220 130 4272; x_wconf 69' lang='grc' dir='ltr'><strong>τίοι</strong></span> <span class='ocrx_word' id='word_1_305' title='bbox 158 4225 245 4294; x_wconf 87' lang='lat' dir='ltr'><strong>(b),</strong></span> <span class='ocrx_word' id='word_1_306' title='bbox 272 4227 469 4297; x_wconf 87' lang='lat' dir='ltr'><strong>quibus</strong></span> <span class='ocrx_word' id='word_1_307' title='bbox 490 4225 763 4278; x_wconf 77' lang='lat' dir='ltr'><strong>absolutus</strong></span> <span class='ocrx_word' id='word_1_308' title='bbox 791 4233 870 4277; x_wconf 92' lang='lat' dir='ltr'><strong>est</strong></span> <span class='ocrx_word' id='word_1_309' title='bbox 904 4222 1069 4288; x_wconf 75' lang='lat' dir='ltr'><strong>Felix,</strong></span> <span class='ocrx_word' id='word_1_310' title='bbox 1101 4232 1151 4276; x_wconf 81' lang='lat' dir='ltr'><strong>et</strong></span> <span class='ocrx_word' id='word_1_311' title='bbox 1179 4222 1412 4274; x_wconf 91' lang='lat' dir='ltr'><strong>omnium</strong></span> <span class='ocrx_word' id='word_1_312' title='bbox 1445 4235 1632 4275; x_wconf 84' lang='lat' dir='ltr'><strong>neces-</strong></span> 
     </span>
    </p>
   </div>
   <div class='ocr_carea' id='block_1_45' title="bbox 71 4311 1630 4386">
    <p class='ocr_par' dir='ltr' id='par_1_45' title="bbox 71 4311 1630 4386">
     <span class='ocr_line' id='line_1_45' title="bbox 71 4311 1630 4386; baseline 0.002 -25"><span class='ocrx_word' id='word_1_313' title='bbox 71 4315 305 4370; x_wconf 84' lang='lat' dir='ltr'><strong>sariarum</strong></span> <span class='ocrx_word' id='word_1_314' title='bbox 339 4331 685 4386; x_wconf 84' lang='lat' dir='ltr'><strong>personarum</strong></span> <span class='ocrx_word' id='word_1_315' title='bbox 713 4315 1016 4368; x_wconf 87' lang='lat' dir='ltr'><strong>testimonio</strong></span> <span class='ocrx_word' id='word_1_316' title='bbox 1037 4330 1065 4365; x_wconf 88' lang='lat' dir='ltr'><strong>a</strong></span> <span class='ocrx_word' id='word_1_317' title='bbox 1091 4311 1386 4366; x_wconf 87' lang='lat' dir='ltr'><strong>traditionis</strong></span> <span class='ocrx_word' id='word_1_318' title='bbox 1406 4311 1630 4365; x_wconf 89' lang='lat' dir='ltr'><strong>crimine</strong></span> 
     </span>
    </p>
   </div>
   <div class='ocr_carea' id='block_1_46' title="bbox 73 4401 1629 4476">
    <p class='ocr_par' dir='ltr' id='par_1_46' title="bbox 73 4401 1629 4476">
     <span class='ocr_line' id='line_1_46' title="bbox 73 4401 1629 4476; baseline 0.003 -24"><span class='ocrx_word' id='word_1_319' title='bbox 73 4401 307 4462; x_wconf 85' lang='lat' dir='ltr'><strong>innocens</strong></span> <span class='ocrx_word' id='word_1_320' title='bbox 341 4407 738 4476; x_wconf 80' lang='lat' dir='ltr'><strong>comprobatus.</strong></span> <span class='ocrx_word' id='word_1_321' title='bbox 765 4407 968 4471; x_wconf 85' lang='lat' dir='ltr'><strong>Quibus</strong></span> <span class='ocrx_word' id='word_1_322' title='bbox 997 4404 1234 4459; x_wconf 83' lang='lat' dir='ltr'><strong>recitatis</strong></span> <span class='ocrx_word' id='word_1_323' title='bbox 1259 4403 1383 4473; x_wconf 90' lang='lat' dir='ltr'><strong>quid</strong></span> <span class='ocrx_word' id='word_1_324' title='bbox 1414 4413 1629 4458; x_wconf 88' lang='lat' dir='ltr'><strong>contra-</strong></span> 
     </span>
    </p>
   </div>
   <div class='ocr_carea' id='block_1_47' title="bbox 73 4491 1628 4568">
    <p class='ocr_par' dir='ltr' id='par_1_47' title="bbox 73 4491 1628 4568">
     <span class='ocr_line' id='line_1_47' title="bbox 73 4491 1628 4568; baseline 0.005 -26"><span class='ocrx_word' id='word_1_325' title='bbox 73 4491 156 4546; x_wconf 81' lang='lat' dir='ltr'><strong>diri</strong></span> <span class='ocrx_word' id='word_1_326' title='bbox 178 4511 366 4565; x_wconf 52' lang='lat' dir='ltr'><strong>posset,</strong></span> <span class='ocrx_word' id='word_1_327' title='bbox 391 4500 648 4568; x_wconf 84' lang='lat' dir='ltr'><strong>Cognitor</strong></span> <span class='ocrx_word' id='word_1_328' title='bbox 669 4499 956 4567; x_wconf 78' lang='lat' dir='ltr'><strong>inquisivit.</strong></span> <span class='ocrx_word' id='word_1_329' title='bbox 983 4498 1128 4550; x_wconf 77' lang='lat' dir='ltr'><strong>&#39;l‘unc</strong></span> <span class='ocrx_word' id='word_1_330' title='bbox 1155 4497 1461 4561; x_wconf 76' lang='lat' dir='ltr'><strong>Donatistze,</strong></span> <span class='ocrx_word' id='word_1_331' title='bbox 1487 4495 1628 4565; x_wconf 80' lang='lat' dir='ltr'><strong>quod</strong></span> 
     </span>
    </p>
   </div>
   <div class='ocr_carea' id='block_1_48' title="bbox 75 4587 1634 4658">
    <p class='ocr_par' dir='ltr' id='par_1_48' title="bbox 75 4587 1634 4658">
     <span class='ocr_line' id='line_1_48' title="bbox 75 4587 1634 4658; baseline 0.001 -18"><span class='ocrx_word' id='word_1_332' title='bbox 75 4594 115 4634; x_wconf 77' lang='lat' dir='ltr'><strong>Cl</strong></span> <span class='ocrx_word' id='word_1_333' title='bbox 139 4600 251 4642; x_wconf 75' lang='lat' dir='ltr'><strong>ante</strong></span> <span class='ocrx_word' id='word_1_334' title='bbox 276 4592 457 4644; x_wconf 84' lang='lat' dir='ltr'><strong>dicere</strong></span> <span class='ocrx_word' id='word_1_335' title='bbox 485 4600 776 4658; x_wconf 60' lang='lat' dir='ltr'><strong>coeperant,</strong></span> <span class='ocrx_word' id='word_1_336' title='bbox 808 4588 1093 4642; x_wconf 87' lang='lat' dir='ltr'><strong>identidem</strong></span> <span class='ocrx_word' id='word_1_337' title='bbox 1122 4587 1466 4656; x_wconf 79' lang='lat' dir='ltr'><strong>repetierant,</strong></span> <span class='ocrx_word' id='word_1_338' title='bbox 1487 4603 1634 4657; x_wconf 71' lang='lat' dir='ltr'><strong>quae-</strong></span> 
     </span>
    </p>
   </div>
   <div class='ocr_carea' id='block_1_49' title="bbox 78 4679 1634 4749">
    <p class='ocr_par' dir='ltr' id='par_1_49' title="bbox 78 4679 1634 4749">
     <span class='ocr_line' id='line_1_49' title="bbox 78 4679 1634 4749; baseline 0.005 -25"><span class='ocrx_word' id='word_1_339' title='bbox 78 4687 231 4733; x_wconf 82' lang='lat' dir='ltr'><strong>rcutcs</strong></span> <span class='ocrx_word' id='word_1_340' title='bbox 274 4695 449 4736; x_wconf 86' lang='lat' dir='ltr'><strong>utrum</strong></span> <span class='ocrx_word' id='word_1_341' title='bbox 493 4698 556 4736; x_wconf 72' lang='lat' dir='ltr'><strong>ex</strong></span> <span class='ocrx_word' id='word_1_342' title='bbox 607 4690 870 4749; x_wconf 71' lang='lat' dir='ltr'><strong>prarcepto</strong></span> <span class='ocrx_word' id='word_1_343' title='bbox 917 4681 1253 4749; x_wconf 84' lang='lat' dir='ltr'><strong>Imperatoris</strong></span> <span class='ocrx_word' id='word_1_344' title='bbox 1287 4680 1522 4735; x_wconf 86' lang='lat' dir='ltr'><strong>directus</strong></span> <span class='ocrx_word' id='word_1_345' title='bbox 1565 4679 1634 4733; x_wconf 87' lang='lat' dir='ltr'><strong>ad</strong></span> 
     </span>
    </p>
   </div>
   <div class='ocr_carea' id='block_1_50' title="bbox 79 4771 1628 4843">
    <p class='ocr_par' dir='ltr' id='par_1_50' title="bbox 79 4771 1628 4843">
     <span class='ocr_line' id='line_1_50' title="bbox 79 4771 1628 4843; baseline 0.006 -27"><span class='ocrx_word' id='word_1_346' title='bbox 79 4771 354 4827; x_wconf 80' lang='lat' dir='ltr'><strong>romitatun</strong></span> <span class='ocrx_word' id='word_1_347' title='bbox 387 4775 573 4828; x_wconf 65' lang='lat' dir='ltr'><strong>fuisset</strong></span> <span class='ocrx_word' id='word_1_348' title='bbox 604 4772 872 4843; x_wconf 87' lang='lat' dir='ltr'><strong>lngentius</strong></span> <span class='ocrx_word' id='word_1_349' title='bbox 893 4817 907 4832; x_wconf 87' lang='lat'><strong>.</strong></span> <span class='ocrx_word' id='word_1_350' title='bbox 939 4782 992 4825; x_wconf 90' lang='lat' dir='ltr'><strong>ct</strong></span> <span class='ocrx_word' id='word_1_351' title='bbox 1031 4773 1156 4842; x_wconf 91' lang='lat' dir='ltr'><strong>quid</strong></span> <span class='ocrx_word' id='word_1_352' title='bbox 1200 4783 1382 4842; x_wconf 89' lang='lat' dir='ltr'><strong>postea</strong></span> <span class='ocrx_word' id='word_1_353' title='bbox 1425 4781 1628 4843; x_wconf 86' lang='lat' dir='ltr'><strong>gestum</strong></span> 
     </span>
    </p>
   </div>
   <div class='ocr_carea' id='block_1_51' title="bbox 81 4862 1631 4933">
    <p class='ocr_par' dir='ltr' id='par_1_51' title="bbox 81 4862 1631 4933">
     <span class='ocr_line' id='line_1_51' title="bbox 81 4862 1631 4933; baseline 0.008 -28"><span class='ocrx_word' id='word_1_354' title='bbox 81 4869 216 4925; x_wconf 78' lang='lat' dir='ltr'><strong>eSSet,</strong></span> <span class='ocrx_word' id='word_1_355' title='bbox 240 4874 292 4917; x_wconf 91' lang='lat' dir='ltr'><strong>ut</strong></span> <span class='ocrx_word' id='word_1_356' title='bbox 319 4863 714 4925; x_wconf 82' lang='lat' dir='ltr'><strong>ostenderetur,</strong></span> <span class='ocrx_word' id='word_1_357' title='bbox 739 4880 764 4914; x_wconf 89' lang='lat' dir='ltr'><strong>a</strong></span> <span class='ocrx_word' id='word_1_358' title='bbox 789 4862 1078 4917; x_wconf 88' lang='lat' dir='ltr'><strong>Catholicis</strong></span> <span class='ocrx_word' id='word_1_359' title='bbox 1102 4864 1374 4932; x_wconf 76' lang='lat' dir='ltr'><strong>exigentes</strong></span> <span class='ocrx_word' id='word_1_360' title='bbox 1390 4882 1401 4916; x_wconf 90' lang='lat'><strong>:</strong></span> <span class='ocrx_word' id='word_1_361' title='bbox 1417 4873 1471 4918; x_wconf 91' lang='lat' dir='ltr'><strong>et</strong></span> <span class='ocrx_word' id='word_1_362' title='bbox 1487 4875 1631 4933; x_wconf 86' lang='lat' dir='ltr'><strong>gesta</strong></span> 
     </span>
    </p>
   </div>
   <div class='ocr_carea' id='block_1_52' title="bbox 83 4954 1635 5026">
    <p class='ocr_par' dir='ltr' id='par_1_52' title="bbox 83 4954 1635 5026">
     <span class='ocr_line' id='line_1_52' title="bbox 83 4954 1635 5026; baseline 0 -17"><span class='ocrx_word' id='word_1_363' title='bbox 83 4957 470 5018; x_wconf 73' lang='lat' dir='ltr'><strong>l&#39;l&#39;ttconsnlaria,</strong></span> <span class='ocrx_word' id='word_1_364' title='bbox 490 4956 682 5026; x_wconf 85' lang='lat' dir='ltr'><strong>quibus</strong></span> <span class='ocrx_word' id='word_1_365' title='bbox 710 4967 924 5025; x_wconf 86' lang='lat' dir='ltr'><strong>possent</strong></span> <span class='ocrx_word' id='word_1_366' title='bbox 951 4956 1145 5017; x_wconf 85' lang='lat' dir='ltr'><strong>verbis,</strong></span> <span class='ocrx_word' id='word_1_367' title='bbox 1169 4954 1410 5010; x_wconf 83' lang='lat' dir='ltr'><strong>refellere</strong></span> <span class='ocrx_word' id='word_1_368' title='bbox 1437 4971 1635 5009; x_wconf 82' lang='lat' dir='ltr'><strong>conan-</strong></span> 
     </span>
    </p>
   </div>
   <div class='ocr_carea' id='block_1_53' title="bbox 87 5045 1633 5116">
    <p class='ocr_par' dir='ltr' id='par_1_53' title="bbox 87 5045 1633 5116">
     <span class='ocr_line' id='line_1_53' title="bbox 87 5045 1633 5116; baseline 0.003 -20"><span class='ocrx_word' id='word_1_369' title='bbox 87 5045 176 5100; x_wconf 68' lang='lat' dir='ltr'><strong>lt‘5,</strong></span> <span class='ocrx_word' id='word_1_370' title='bbox 207 5047 391 5112; x_wconf 88' lang='lat' dir='ltr'><strong>quibus</strong></span> <span class='ocrx_word' id='word_1_371' title='bbox 421 5047 700 5100; x_wconf 79' lang='lat' dir='ltr'><strong>abSolutns</strong></span> <span class='ocrx_word' id='word_1_372' title='bbox 742 5059 822 5100; x_wconf 84' lang='lat' dir='ltr'><strong>est</strong></span> <span class='ocrx_word' id='word_1_373' title='bbox 865 5046 1040 5110; x_wconf 76' lang='lat' dir='ltr'><strong>Felix;</strong></span> <span class='ocrx_word' id='word_1_374' title='bbox 1073 5046 1382 5114; x_wconf 87' lang='lat' dir='ltr'><strong>objicieutes</strong></span> <span class='ocrx_word' id='word_1_375' title='bbox 1409 5047 1633 5116; x_wconf 82' lang='lat' dir='ltr'><strong>gratiam</strong></span> 
     </span>
    </p>
   </div>
   <div class='ocr_carea' id='block_1_54' title="bbox 89 5127 1635 5208">
    <p class='ocr_par' dir='ltr' id='par_1_54' title="bbox 89 5127 1635 5208">
     <span class='ocr_line' id='line_1_54' title="bbox 89 5127 1635 5208; baseline 0.004 -21"><span class='ocrx_word' id='word_1_376' title='bbox 89 5127 265 5196; x_wconf 64' lang='lat' dir='ltr'><strong>l&#39;tdit&#39;is,</strong></span> <span class='ocrx_word' id='word_1_377' title='bbox 298 5139 374 5192; x_wconf 93' lang='lat' dir='ltr'><strong>vel</strong></span> <span class='ocrx_word' id='word_1_378' title='bbox 403 5131 707 5208; x_wconf 85' lang='lat' dir='ltr'><strong>suppositas</strong></span> <span class='ocrx_word' id='word_1_379' title='bbox 733 5137 894 5191; x_wconf 86' lang='lat' dir='ltr'><strong>fuisse</strong></span> <span class='ocrx_word' id='word_1_380' title='bbox 927 5153 1200 5206; x_wconf 84' lang='lat' dir='ltr'><strong>perSunas,</strong></span> <span class='ocrx_word' id='word_1_381' title='bbox 1225 5146 1276 5190; x_wconf 92' lang='lat' dir='ltr'><strong>et</strong></span> <span class='ocrx_word' id='word_1_382' title='bbox 1303 5147 1493 5191; x_wconf 73' lang='lat' dir='ltr'><strong>czctcra</strong></span> <span class='ocrx_word' id='word_1_383' title='bbox 1516 5155 1635 5207; x_wconf 73' lang='lat' dir='ltr'><strong>quze</strong></span> 
     </span>
    </p>
   </div>
   <div class='ocr_carea' id='block_1_55' title="bbox 95 5218 1639 5297">
    <p class='ocr_par' dir='ltr' id='par_1_55' title="bbox 95 5218 1639 5297">
     <span class='ocr_line' id='line_1_55' title="bbox 95 5218 1639 5297; baseline 0.008 -29"><span class='ocrx_word' id='word_1_384' title='bbox 95 5218 228 5275; x_wconf 37' lang='lat' dir='ltr'><strong>solent</strong></span> <span class='ocrx_word' id='word_1_385' title='bbox 260 5227 502 5281; x_wconf 87' lang='lat' dir='ltr'><strong>homines</strong></span> <span class='ocrx_word' id='word_1_386' title='bbox 531 5237 712 5281; x_wconf 85' lang='lat' dir='ltr'><strong>contra</strong></span> <span class='ocrx_word' id='word_1_387' title='bbox 739 5237 884 5297; x_wconf 82' lang='lat' dir='ltr'><strong>gesta</strong></span> <span class='ocrx_word' id='word_1_388' title='bbox 916 5227 1106 5295; x_wconf 80' lang='lat' dir='ltr'><strong>quibus</strong></span> <span class='ocrx_word' id='word_1_389' title='bbox 1134 5228 1436 5293; x_wconf 85' lang='lat' dir='ltr'><strong>vincuntur,</strong></span> <span class='ocrx_word' id='word_1_390' title='bbox 1464 5229 1639 5297; x_wconf 89' lang='lat' dir='ltr'><strong>suspi-</strong></span> 
     </span>
    </p>
   </div>
   <div class='ocr_carea' id='block_1_56' title="bbox 87 5305 1633 5386">
    <p class='ocr_par' dir='ltr' id='par_1_56' title="bbox 87 5305 1633 5386">
     <span class='ocr_line' id='line_1_56' title="bbox 87 5305 1633 5386; baseline 0.012 -33"><span class='ocrx_word' id='word_1_391' title='bbox 87 5305 203 5363; x_wconf 87' lang='lat' dir='ltr'><strong>ciosa</strong></span> <span class='ocrx_word' id='word_1_392' title='bbox 231 5318 560 5384; x_wconf 90' lang='lat' dir='ltr'><strong>querimonia</strong></span> <span class='ocrx_word' id='word_1_393' title='bbox 594 5317 858 5386; x_wconf 86' lang='lat' dir='ltr'><strong>jactitare.</strong></span> <span class='ocrx_word' id='word_1_394' title='bbox 899 5317 1150 5370; x_wconf 88' lang='lat' dir='ltr'><strong>Dicebant</strong></span> <span class='ocrx_word' id='word_1_395' title='bbox 1181 5318 1340 5370; x_wconf 77' lang='lat' dir='ltr'><strong>etiam</strong></span> <span class='ocrx_word' id='word_1_396' title='bbox 1364 5358 1379 5382; x_wconf 90' lang='lat'><strong>,</strong></span> <span class='ocrx_word' id='word_1_397' title='bbox 1410 5332 1514 5370; x_wconf 91' lang='lat' dir='ltr'><strong>non</strong></span> <span class='ocrx_word' id='word_1_398' title='bbox 1546 5333 1633 5372; x_wconf 84' lang='lat' dir='ltr'><strong>rc-</strong></span> 
     </span>
    </p>
   </div>
   <div class='ocr_carea' id='block_1_57' title="bbox 89 5401 1635 5462">
    <p class='ocr_par' dir='ltr' id='par_1_57' title="bbox 89 5401 1635 5462">
     <span class='ocr_line' id='line_1_57' title="bbox 89 5401 1635 5462; baseline 0.003 -4"><span class='ocrx_word' id='word_1_399' title='bbox 89 5404 156 5448; x_wconf 67' lang='lat' dir='ltr'><strong>&quot;c</strong></span> <span class='ocrx_word' id='word_1_400' title='bbox 203 5401 422 5462; x_wconf 80' lang='lat' dir='ltr'><strong>Felicem</strong></span> <span class='ocrx_word' id='word_1_401' title='bbox 477 5409 752 5462; x_wconf 89' lang='lat' dir='ltr'><strong>absentem</strong></span> <span class='ocrx_word' id='word_1_402' title='bbox 811 5408 971 5462; x_wconf 59' lang='lat' dir='ltr'><strong>fuisse</strong></span> <span class='ocrx_word' id='word_1_403' title='bbox 1026 5407 1345 5460; x_wconf 75' lang='lat' dir='ltr'><strong>absolutum.</strong></span> <span class='ocrx_word' id='word_1_404' title='bbox 1403 5407 1481 5462; x_wconf 75' lang='lat' dir='ltr'><strong>Ad</strong></span> <span class='ocrx_word' id='word_1_405' title='bbox 1537 5407 1635 5462; x_wconf 87' lang='lat' dir='ltr'><strong>ista</strong></span> 
     </span>
    </p>
   </div>
   <div class='ocr_carea' id='block_1_58' title="bbox 92 5497 1635 5566">
    <p class='ocr_par' dir='ltr' id='par_1_58' title="bbox 92 5497 1635 5566">
     <span class='ocr_line' id='line_1_58' title="bbox 92 5497 1635 5566; baseline 0.011 -33"><span class='ocrx_word' id='word_1_406' title='bbox 92 5497 372 5558; x_wconf 72' lang='lat' dir='ltr'><strong>responsum</strong></span> <span class='ocrx_word' id='word_1_407' title='bbox 403 5508 484 5553; x_wconf 80' lang='lat' dir='ltr'><strong>cst</strong></span> <span class='ocrx_word' id='word_1_408' title='bbox 513 5514 540 5550; x_wconf 88' lang='lat' dir='ltr'><strong>a</strong></span> <span class='ocrx_word' id='word_1_409' title='bbox 572 5501 858 5552; x_wconf 75' lang='lat' dir='ltr'><strong>(latbolicis</strong></span> <span class='ocrx_word' id='word_1_410' title='bbox 880 5541 894 5563; x_wconf 91' lang='lat'><strong>,</strong></span> <span class='ocrx_word' id='word_1_411' title='bbox 927 5499 1100 5552; x_wconf 88' lang='lat' dir='ltr'><strong>omnia</strong></span> <span class='ocrx_word' id='word_1_412' title='bbox 1133 5513 1252 5566; x_wconf 67' lang='lat' dir='ltr'><strong>quin</strong></span> <span class='ocrx_word' id='word_1_413' title='bbox 1300 5498 1434 5552; x_wconf 84' lang='lat' dir='ltr'><strong>lecta</strong></span> <span class='ocrx_word' id='word_1_414' title='bbox 1479 5508 1635 5562; x_wconf 89' lang='lat' dir='ltr'><strong>sunt,</strong></span> 
     </span>
    </p>
   </div>
   <div class='ocr_carea' id='block_1_59' title="bbox 141 5644 1458 5714">
    <p class='ocr_par' dir='ltr' id='par_1_59' title="bbox 141 5644 1458 5714">
     <span class='ocr_line' id='line_1_59' title="bbox 141 5644 1458 5714; baseline -0.003 -14"><span class='ocrx_word' id='word_1_415' title='bbox 141 5644 200 5714; x_wconf 62' lang='lat' dir='ltr'><strong>ff!)</strong></span> <span class='ocrx_word' id='word_1_416' title='bbox 231 5656 414 5704; x_wconf 60' lang='lat' dir='ltr'><strong>Fastant</strong></span> <span class='ocrx_word' id='word_1_417' title='bbox 437 5666 596 5714; x_wconf 80' lang='lat' dir='ltr'><strong>supra,</strong></span> <span class='ocrx_word' id='word_1_418' title='bbox 625 5652 706 5701; x_wconf 87' lang='lat' dir='ltr'><strong>lib.</strong></span> <span class='ocrx_word' id='word_1_419' title='bbox 727 5655 757 5699; x_wconf 79' lang='grc'><strong>5</strong></span> <span class='ocrx_word' id='word_1_420' title='bbox 778 5663 940 5701; x_wconf 87' lang='lat' dir='ltr'><strong>contra</strong></span> <span class='ocrx_word' id='word_1_421' title='bbox 964 5654 1284 5710; x_wconf 68' lang='lat' dir='ltr'><strong>Cresconium,</strong></span> <span class='ocrx_word' id='word_1_422' title='bbox 1310 5666 1356 5699; x_wconf 78' lang='grc' dir='ltr'>ιι.</span> <span class='ocrx_word' id='word_1_423' title='bbox 1382 5650 1458 5700; x_wconf 87' lang='grc'><strong>80.</strong></span> 
     </span>
    </p>
   </div>
   <div class='ocr_carea' id='block_1_60' title="bbox 139 5707 928 5776">
    <p class='ocr_par' dir='ltr' id='par_1_60' title="bbox 139 5707 928 5776">
     <span class='ocr_line' id='line_1_60' title="bbox 139 5707 928 5776; baseline -0.003 -12"><span class='ocrx_word' id='word_1_424' title='bbox 139 5707 199 5766; x_wconf 64' lang='grc' dir='ltr'>ιδ)</span> <span class='ocrx_word' id='word_1_425' title='bbox 228 5717 412 5764; x_wconf 60' lang='lat' dir='ltr'><strong>Exstant</strong></span> <span class='ocrx_word' id='word_1_426' title='bbox 437 5707 550 5763; x_wconf 65' lang='lat' dir='ltr'><strong>intra</strong></span> <span class='ocrx_word' id='word_1_427' title='bbox 571 5717 617 5762; x_wconf 92' lang='lat' dir='ltr'><strong>iu</strong></span> <span class='ocrx_word' id='word_1_428' title='bbox 645 5724 720 5776; x_wconf 56' lang='lat' dir='ltr'><strong>Ap;</strong></span> <span class='ocrx_word' id='word_1_429' title='bbox 741 5715 928 5762; x_wconf 73' lang='lat' dir='ltr'><strong>outline.</strong></span> 
     </span>
    </p>
   </div>
   <div class='ocr_carea' id='block_1_61' title="bbox 228 5799 913 5860">
    <p class='ocr_par' dir='ltr' id='par_1_61' title="bbox 228 5799 913 5860">
     <span class='ocr_line' id='line_1_61' title="bbox 228 5799 913 5860; baseline 0.003 -4"><span class='ocrx_word' id='word_1_430' title='bbox 228 5799 444 5860; x_wconf 66' lang='lat' dir='ltr'><strong>Sascr.</strong></span> <span class='ocrx_word' id='word_1_431' title='bbox 483 5804 753 5860; x_wconf 68' lang='lat' dir='ltr'><strong>At‘ecsr.</strong></span> <span class='ocrx_word' id='word_1_432' title='bbox 806 5800 913 5859; x_wconf 69' lang='lat' dir='ltr'><strong>1X.</strong></span> 
     </span>
    </p>
   </div>
   <div class='ocr_carea' id='block_1_62' title="bbox 933 285 2456 348">
    <p class='ocr_par' dir='ltr' id='par_1_62' title="bbox 933 285 2456 348">
     <span class='ocr_line' id='line_1_62' title="bbox 933 285 2456 348; baseline 0 -2"><span class='ocrx_word' id='word_1_433' title='bbox 933 289 1359 346; x_wconf 50' lang='grc' dir='ltr'>Βηιῖιίευιιυδ</span> <span class='ocrx_word' id='word_1_434' title='bbox 1388 285 1829 343; x_wconf 58' lang='grc' dir='ltr'><strong>(λυιλιλτιοχις</strong></span> <span class='ocrx_word' id='word_1_435' title='bbox 1857 289 1945 346; x_wconf 89' lang='lat' dir='ltr'><strong>CU</strong></span> <span class='ocrx_word' id='word_1_436' title='bbox 1966 292 1994 343; x_wconf 66' lang='lat' dir='ltr'><strong>il</strong></span> <span class='ocrx_word' id='word_1_437' title='bbox 2038 291 2456 348; x_wconf 64' lang='lat' dir='ltr'><strong>DJNATlSTiS.</strong></span> 
     </span>
    </p>
   </div>
   <div class='ocr_carea' id='block_1_63' title="bbox 3211 297 3315 356">
    <p class='ocr_par' dir='ltr' id='par_1_63' title="bbox 3211 297 3315 356">
     <span class='ocr_line' id='line_1_63' title="bbox 3211 297 3315 356; baseline -0.019 -2"><span class='ocrx_word' id='word_1_438' title='bbox 3211 297 3315 356; x_wconf 72' lang='lat'><strong>030</strong></span> 
     </span>
    </p>
   </div>
   <div class='ocr_carea' id='block_1_64' title="bbox 1734 399 3315 481">
    <p class='ocr_par' dir='ltr' id='par_1_64' title="bbox 1734 399 3315 481">
     <span class='ocr_line' id='line_1_64' title="bbox 1734 399 3315 481; baseline 0.009 -28"><span class='ocrx_word' id='word_1_439' title='bbox 1734 399 1800 453; x_wconf 88' lang='lat' dir='ltr'><strong>ad</strong></span> <span class='ocrx_word' id='word_1_440' title='bbox 1826 401 2216 458; x_wconf 85' lang='lat' dir='ltr'><strong>absolutionem</strong></span> <span class='ocrx_word' id='word_1_441' title='bbox 2244 405 2512 460; x_wconf 75' lang='lat' dir='ltr'><strong>Caeciliani</strong></span> <span class='ocrx_word' id='word_1_442' title='bbox 2540 417 2589 462; x_wconf 91' lang='lat' dir='ltr'><strong>et</strong></span> <span class='ocrx_word' id='word_1_443' title='bbox 2620 408 2808 463; x_wconf 84' lang='lat' dir='ltr'><strong>Felicis</strong></span> <span class='ocrx_word' id='word_1_444' title='bbox 2832 409 3166 478; x_wconf 87' lang='lat' dir='ltr'><strong>apertissime</strong></span> <span class='ocrx_word' id='word_1_445' title='bbox 3196 427 3315 481; x_wconf 86' lang='lat' dir='ltr'><strong>per-</strong></span> 
     </span>
    </p>
   </div>
   <div class='ocr_carea' id='block_1_65' title="bbox 1734 489 3314 564">
    <p class='ocr_par' dir='ltr' id='par_1_65' title="bbox 1734 489 3314 564">
     <span class='ocr_line' id='line_1_65' title="bbox 1734 489 3314 564; baseline 0.009 -22"><span class='ocrx_word' id='word_1_446' title='bbox 1734 489 1931 557; x_wconf 90' lang='lat' dir='ltr'><strong>tinere;</strong></span> <span class='ocrx_word' id='word_1_447' title='bbox 1961 494 2002 546; x_wconf 92' lang='lat' dir='ltr'><strong>si</strong></span> <span class='ocrx_word' id='word_1_448' title='bbox 2034 495 2159 564; x_wconf 88' lang='lat' dir='ltr'><strong>quid</strong></span> <span class='ocrx_word' id='word_1_449' title='bbox 2188 505 2364 550; x_wconf 90' lang='lat' dir='ltr'><strong>autem</strong></span> <span class='ocrx_word' id='word_1_450' title='bbox 2414 497 2700 552; x_wconf 67' lang='lat' dir='ltr'><strong>Donatista:</strong></span> <span class='ocrx_word' id='word_1_451' title='bbox 2731 499 3119 554; x_wconf 88' lang='lat' dir='ltr'><strong>arbitrarentur</strong></span> <span class='ocrx_word' id='word_1_452' title='bbox 3149 501 3314 557; x_wconf 90' lang='lat' dir='ltr'><strong>misso</strong></span> 
     </span>
    </p>
   </div>
   <div class='ocr_carea' id='block_1_66' title="bbox 1732 580 3316 658">
    <p class='ocr_par' dir='ltr' id='par_1_66' title="bbox 1732 580 3316 658">
     <span class='ocr_line' id='line_1_66' title="bbox 1732 580 3316 658; baseline 0.008 -24"><span class='ocrx_word' id='word_1_453' title='bbox 1732 580 1796 634; x_wconf 90' lang='lat' dir='ltr'><strong>ad</strong></span> <span class='ocrx_word' id='word_1_454' title='bbox 1821 583 2131 638; x_wconf 88' lang='lat' dir='ltr'><strong>comitatum</strong></span> <span class='ocrx_word' id='word_1_455' title='bbox 2155 583 2393 655; x_wconf 81' lang='lat' dir='ltr'><strong>lngentio</strong></span> <span class='ocrx_word' id='word_1_456' title='bbox 2419 602 2514 656; x_wconf 92' lang='lat' dir='ltr'><strong>pro</strong></span> <span class='ocrx_word' id='word_1_457' title='bbox 2535 603 2594 642; x_wconf 89' lang='lat' dir='ltr'><strong>se</strong></span> <span class='ocrx_word' id='word_1_458' title='bbox 2623 589 2782 643; x_wconf 87' lang='lat' dir='ltr'><strong>fuisse</strong></span> <span class='ocrx_word' id='word_1_459' title='bbox 2800 589 3112 658; x_wconf 80' lang='lat' dir='ltr'><strong>judiCaIum,</strong></span> <span class='ocrx_word' id='word_1_460' title='bbox 3131 601 3186 646; x_wconf 91' lang='lat' dir='ltr'><strong>et</strong></span> <span class='ocrx_word' id='word_1_461' title='bbox 3207 609 3316 647; x_wconf 84' lang='lat' dir='ltr'><strong>mu-</strong></span> 
     </span>
    </p>
   </div>
   <div class='ocr_carea' id='block_1_67' title="bbox 1735 677 3316 749">
    <p class='ocr_par' dir='ltr' id='par_1_67' title="bbox 1735 677 3316 749">
     <span class='ocr_line' id='line_1_67' title="bbox 1735 677 3316 749; baseline 0.008 -23"><span class='ocrx_word' id='word_1_462' title='bbox 1735 683 1898 728; x_wconf 84' lang='lat' dir='ltr'><strong>latum</strong></span> <span class='ocrx_word' id='word_1_463' title='bbox 1945 692 2064 731; x_wconf 87' lang='lat' dir='ltr'><strong>esse</strong></span> <span class='ocrx_word' id='word_1_464' title='bbox 2105 677 2360 746; x_wconf 88' lang='lat' dir='ltr'><strong>judicium</strong></span> <span class='ocrx_word' id='word_1_465' title='bbox 2385 721 2399 744; x_wconf 91' lang='lat'><strong>,</strong></span> <span class='ocrx_word' id='word_1_466' title='bbox 2427 695 2532 749; x_wconf 88' lang='lat' dir='ltr'><strong>quo</strong></span> <span class='ocrx_word' id='word_1_467' title='bbox 2561 679 2940 735; x_wconf 88' lang='lat' dir='ltr'><strong>Constantinus</strong></span> <span class='ocrx_word' id='word_1_468' title='bbox 2971 683 3108 736; x_wconf 90' lang='lat' dir='ltr'><strong>inter</strong></span> <span class='ocrx_word' id='word_1_469' title='bbox 3138 692 3316 745; x_wconf 84' lang='lat' dir='ltr'><strong>partes</strong></span> 
     </span>
    </p>
   </div>
   <div class='ocr_carea' id='block_1_68' title="bbox 1731 770 3313 840">
    <p class='ocr_par' dir='ltr' id='par_1_68' title="bbox 1731 770 3313 840">
     <span class='ocr_line' id='line_1_68' title="bbox 1731 770 3313 840; baseline 0.007 -19"><span class='ocrx_word' id='word_1_470' title='bbox 1731 781 2060 837; x_wconf 84' lang='lat' dir='ltr'><strong>cognoscens</strong></span> <span class='ocrx_word' id='word_1_471' title='bbox 2096 780 2317 840; x_wconf 73' lang='lat' dir='ltr'><strong>purgato</strong></span> <span class='ocrx_word' id='word_1_472' title='bbox 2341 770 2626 825; x_wconf 73' lang='lat' dir='ltr'><strong>Cmeiliano</strong></span> <span class='ocrx_word' id='word_1_473' title='bbox 2653 773 2772 827; x_wconf 88' lang='lat' dir='ltr'><strong>illos</strong></span> <span class='ocrx_word' id='word_1_474' title='bbox 2801 774 3313 832; x_wconf 89' lang='lat' dir='ltr'><strong>calumniosissimos</strong></span> 
     </span>
    </p>
   </div>
   <div class='ocr_carea' id='block_1_69' title="bbox 1727 855 3312 931">
    <p class='ocr_par' dir='ltr' id='par_1_69' title="bbox 1727 855 3312 931">
     <span class='ocr_line' id='line_1_69' title="bbox 1727 855 3312 931; baseline 0.009 -23"><span class='ocrx_word' id='word_1_475' title='bbox 1727 855 2076 924; x_wconf 85' lang='lat' dir='ltr'><strong>judicaverat.</strong></span> <span class='ocrx_word' id='word_1_476' title='bbox 2098 860 2241 929; x_wconf 89' lang='lat' dir='ltr'><strong>ipsos</strong></span> <span class='ocrx_word' id='word_1_477' title='bbox 2262 860 2457 914; x_wconf 90' lang='lat' dir='ltr'><strong>debere</strong></span> <span class='ocrx_word' id='word_1_478' title='bbox 2487 864 2740 931; x_wconf 88' lang='lat' dir='ltr'><strong>proferre.</strong></span> <span class='ocrx_word' id='word_1_479' title='bbox 2767 863 2988 931; x_wconf 87' lang='lat' dir='ltr'><strong>Quando</strong></span> <span class='ocrx_word' id='word_1_480' title='bbox 3007 877 3181 920; x_wconf 92' lang='lat' dir='ltr'><strong>autem</strong></span> <span class='ocrx_word' id='word_1_481' title='bbox 3210 866 3312 922; x_wconf 87' lang='lat' dir='ltr'><strong>hoc</strong></span> 
     </span>
    </p>
   </div>
   <div class='ocr_carea' id='block_1_70' title="bbox 1732 947 3312 1024">
    <p class='ocr_par' dir='ltr' id='par_1_70' title="bbox 1732 947 3312 1024">
     <span class='ocr_line' id='line_1_70' title="bbox 1732 947 3312 1024; baseline 0.004 -23"><span class='ocrx_word' id='word_1_482' title='bbox 1732 947 1986 1002; x_wconf 79' lang='lat' dir='ltr'><strong>Catii-diei</strong></span> <span class='ocrx_word' id='word_1_483' title='bbox 2015 949 2291 1014; x_wconf 91' lang='lat' dir='ltr'><strong>dicebant,</strong></span> <span class='ocrx_word' id='word_1_484' title='bbox 2323 950 2374 1004; x_wconf 89' lang='lat' dir='ltr'><strong>in</strong></span> <span class='ocrx_word' id='word_1_485' title='bbox 2404 951 2490 1004; x_wconf 92' lang='lat' dir='ltr'><strong>illa</strong></span> <span class='ocrx_word' id='word_1_486' title='bbox 2518 954 2771 1022; x_wconf 88' lang='lat' dir='ltr'><strong>temporis</strong></span> <span class='ocrx_word' id='word_1_487' title='bbox 2799 954 3055 1008; x_wconf 83' lang='lat' dir='ltr'><strong>brevitate</strong></span> <span class='ocrx_word' id='word_1_488' title='bbox 3083 971 3184 1008; x_wconf 91' lang='lat' dir='ltr'><strong>nou</strong></span> <span class='ocrx_word' id='word_1_489' title='bbox 3215 971 3312 1024; x_wconf 84' lang='lat' dir='ltr'><strong>po-</strong></span> 
     </span>
    </p>
   </div>
   <div class='ocr_carea' id='block_1_71' title="bbox 1734 1040 3310 1116">
    <p class='ocr_par' dir='ltr' id='par_1_71' title="bbox 1734 1040 3310 1116">
     <span class='ocr_line' id='line_1_71' title="bbox 1734 1040 3310 1116; baseline 0.006 -25"><span class='ocrx_word' id='word_1_490' title='bbox 1734 1047 1904 1092; x_wconf 89' lang='lat' dir='ltr'><strong>terant</strong></span> <span class='ocrx_word' id='word_1_491' title='bbox 1926 1040 2251 1095; x_wconf 90' lang='lat' dir='ltr'><strong>considerari</strong></span> <span class='ocrx_word' id='word_1_492' title='bbox 2279 1042 2528 1097; x_wconf 89' lang='lat' dir='ltr'><strong>consules</strong></span> <span class='ocrx_word' id='word_1_493' title='bbox 2555 1061 2568 1096; x_wconf 90' lang='lat'><strong>:</strong></span> <span class='ocrx_word' id='word_1_494' title='bbox 2593 1060 2814 1112; x_wconf 88' lang='lat' dir='ltr'><strong>quorum</strong></span> <span class='ocrx_word' id='word_1_495' title='bbox 2843 1047 3081 1100; x_wconf 88' lang='lat' dir='ltr'><strong>ordinem</strong></span> <span class='ocrx_word' id='word_1_496' title='bbox 3111 1048 3161 1100; x_wconf 93' lang='lat' dir='ltr'><strong>in</strong></span> <span class='ocrx_word' id='word_1_497' title='bbox 3187 1049 3310 1116; x_wconf 81' lang='lat' dir='ltr'><strong>ipsis</strong></span> 
     </span>
    </p>
   </div>
   <div class='ocr_carea' id='block_1_72' title="bbox 1730 1130 3309 1204">
    <p class='ocr_par' dir='ltr' id='par_1_72' title="bbox 1730 1130 3309 1204">
     <span class='ocr_line' id='line_1_72' title="bbox 1730 1130 3309 1204; baseline 0.005 -23"><span class='ocrx_word' id='word_1_498' title='bbox 1730 1130 1893 1198; x_wconf 80' lang='lat' dir='ltr'><strong>gestis</strong></span> <span class='ocrx_word' id='word_1_499' title='bbox 1920 1131 2007 1197; x_wconf 90' lang='lat' dir='ltr'><strong>qui</strong></span> <span class='ocrx_word' id='word_1_500' title='bbox 2040 1132 2263 1186; x_wconf 87' lang='lat' dir='ltr'><strong>voluerit</strong></span> <span class='ocrx_word' id='word_1_501' title='bbox 2293 1133 2663 1197; x_wconf 83' lang='lat' dir='ltr'><strong>considerans,</strong></span> <span class='ocrx_word' id='word_1_502' title='bbox 2693 1135 2925 1190; x_wconf 75' lang='lat' dir='ltr'><strong>inveniet</strong></span> <span class='ocrx_word' id='word_1_503' title='bbox 2958 1138 3224 1204; x_wconf 90' lang='lat' dir='ltr'><strong>posterius</strong></span> <span class='ocrx_word' id='word_1_504' title='bbox 3245 1143 3309 1191; x_wconf 90' lang='lat' dir='ltr'><strong>ab</strong></span> 
     </span>
    </p>
   </div>
   <div class='ocr_carea' id='block_1_73' title="bbox 1732 1213 3362 1290">
    <p class='ocr_par' dir='ltr' id='par_1_73' title="bbox 1732 1213 3362 1290">
     <span class='ocr_line' id='line_1_73' title="bbox 1732 1213 3362 1290; baseline 0.006 -17"><span class='ocrx_word' id='word_1_505' title='bbox 1732 1221 2049 1290; x_wconf 83' lang='lat' dir='ltr'><strong>imperatore</strong></span> <span class='ocrx_word' id='word_1_506' title='bbox 2076 1223 2428 1277; x_wconf 87' lang='lat' dir='ltr'><strong>Constantino</strong></span> <span class='ocrx_word' id='word_1_507' title='bbox 2452 1225 2753 1279; x_wconf 72' lang='lat' dir='ltr'><strong>absolutum</strong></span> <span class='ocrx_word' id='word_1_508' title='bbox 2796 1242 2916 1281; x_wconf 86' lang='lat' dir='ltr'><strong>esse</strong></span> <span class='ocrx_word' id='word_1_509' title='bbox 2941 1229 3277 1282; x_wconf 81' lang='lat' dir='ltr'><strong>C:rci|ianum</strong></span> <span class='ocrx_word' id='word_1_510' title='bbox 3296 1272 3308 1290; x_wconf 88' lang='lat'><strong>,</strong></span> <span class='ocrx_word' id='word_1_511' title='bbox 3358 1213 3362 1218; x_wconf 42' lang='grc'><strong>’</strong></span> 
     </span>
    </p>
   </div>
   <div class='ocr_carea' id='block_1_74' title="bbox 1730 1311 3311 1385">
    <p class='ocr_par' dir='ltr' id='par_1_74' title="bbox 1730 1311 3311 1385">
     <span class='ocr_line' id='line_1_74' title="bbox 1730 1311 3311 1385; baseline 0.008 -24"><span class='ocrx_word' id='word_1_512' title='bbox 1730 1326 1886 1378; x_wconf 90' lang='lat' dir='ltr'><strong>quam</strong></span> <span class='ocrx_word' id='word_1_513' title='bbox 1912 1311 2102 1366; x_wconf 88' lang='lat' dir='ltr'><strong>Felicis</strong></span> <span class='ocrx_word' id='word_1_514' title='bbox 2123 1327 2336 1367; x_wconf 89' lang='lat' dir='ltr'><strong>causam</strong></span> <span class='ocrx_word' id='word_1_515' title='bbox 2361 1316 2427 1368; x_wconf 89' lang='lat' dir='ltr'><strong>ab</strong></span> <span class='ocrx_word' id='word_1_516' title='bbox 2447 1314 2657 1369; x_wconf 58' lang='lat' dir='ltr'><strong>Ailiauo</strong></span> <span class='ocrx_word' id='word_1_517' title='bbox 2682 1319 2997 1385; x_wconf 53' lang='lat' dir='ltr'><strong>proconsule</strong></span> <span class='ocrx_word' id='word_1_518' title='bbox 3020 1320 3311 1374; x_wconf 82' lang='lat' dir='ltr'><strong>discussam</strong></span> 
     </span>
    </p>
   </div>
   <div class='ocr_carea' id='block_1_75' title="bbox 1729 1402 3309 1474">
    <p class='ocr_par' dir='ltr' id='par_1_75' title="bbox 1729 1402 3309 1474">
     <span class='ocr_line' id='line_1_75' title="bbox 1729 1402 3309 1474; baseline 0.007 -23"><span class='ocrx_word' id='word_1_519' title='bbox 1729 1411 1887 1469; x_wconf 87' lang='lat' dir='ltr'><strong>atque</strong></span> <span class='ocrx_word' id='word_1_520' title='bbox 1935 1411 2205 1470; x_wconf 82' lang='lat' dir='ltr'><strong>purgatam</strong></span> <span class='ocrx_word' id='word_1_521' title='bbox 2242 1402 2344 1472; x_wconf 85' lang='lat' dir='ltr'><strong>(a);</strong></span> <span class='ocrx_word' id='word_1_522' title='bbox 2392 1413 2510 1472; x_wconf 88' lang='lat' dir='ltr'><strong>post</strong></span> <span class='ocrx_word' id='word_1_523' title='bbox 2537 1406 2743 1474; x_wconf 86' lang='lat' dir='ltr'><strong>aliquot</strong></span> <span class='ocrx_word' id='word_1_524' title='bbox 2778 1407 2936 1460; x_wconf 87' lang='lat' dir='ltr'><strong>etiam</strong></span> <span class='ocrx_word' id='word_1_525' title='bbox 2969 1423 3138 1462; x_wconf 90' lang='lat' dir='ltr'><strong>annos</strong></span> <span class='ocrx_word' id='word_1_526' title='bbox 3167 1410 3309 1464; x_wconf 84' lang='lat' dir='ltr'><strong>Coa-</strong></span> 
     </span>
    </p>
   </div>
   <div class='ocr_carea' id='block_1_76' title="bbox 1730 1492 3310 1570">
    <p class='ocr_par' dir='ltr' id='par_1_76' title="bbox 1730 1492 3310 1570">
     <span class='ocr_line' id='line_1_76' title="bbox 1730 1492 3310 1570; baseline 0.009 -28"><span class='ocrx_word' id='word_1_527' title='bbox 1730 1492 2018 1545; x_wconf 77' lang='lat' dir='ltr'><strong>stantinum</strong></span> <span class='ocrx_word' id='word_1_528' title='bbox 2050 1495 2329 1563; x_wconf 90' lang='lat' dir='ltr'><strong>scripsisse</strong></span> <span class='ocrx_word' id='word_1_529' title='bbox 2358 1497 2424 1550; x_wconf 89' lang='lat' dir='ltr'><strong>ad</strong></span> <span class='ocrx_word' id='word_1_530' title='bbox 2456 1497 2706 1552; x_wconf 87' lang='lat' dir='ltr'><strong>Verinum</strong></span> <span class='ocrx_word' id='word_1_531' title='bbox 2740 1500 3030 1566; x_wconf 86' lang='lat' dir='ltr'><strong>vicarium,</strong></span> <span class='ocrx_word' id='word_1_532' title='bbox 3061 1517 3192 1570; x_wconf 88' lang='lat' dir='ltr'><strong>quas</strong></span> <span class='ocrx_word' id='word_1_533' title='bbox 3231 1503 3310 1556; x_wconf 88' lang='lat' dir='ltr'><strong>lit-</strong></span> 
     </span>
    </p>
   </div>
   <div class='ocr_carea' id='block_1_77' title="bbox 1731 1580 3312 1650">
    <p class='ocr_par' dir='ltr' id='par_1_77' title="bbox 1731 1580 3312 1650">
     <span class='ocr_line' id='line_1_77' title="bbox 1731 1580 3312 1650; baseline 0.009 -17"><span class='ocrx_word' id='word_1_534' title='bbox 1731 1589 1871 1635; x_wconf 89' lang='lat' dir='ltr'><strong>teras</strong></span> <span class='ocrx_word' id='word_1_535' title='bbox 1901 1580 2001 1650; x_wconf 88' lang='lat' dir='ltr'><strong>ipsi</strong></span> <span class='ocrx_word' id='word_1_536' title='bbox 2040 1585 2252 1638; x_wconf 60' lang='lat' dir='ltr'><strong>recitavi</strong></span> <span class='ocrx_word' id='word_1_537' title='bbox 2274 1597 2430 1650; x_wconf 89' lang='lat' dir='ltr'><strong>runt,</strong></span> <span class='ocrx_word' id='word_1_538' title='bbox 2466 1587 2552 1641; x_wconf 89' lang='lat' dir='ltr'><strong>ubi</strong></span> <span class='ocrx_word' id='word_1_539' title='bbox 2598 1589 2695 1643; x_wconf 90' lang='lat' dir='ltr'><strong>sibi</strong></span> <span class='ocrx_word' id='word_1_540' title='bbox 2737 1592 3048 1645; x_wconf 86' lang='lat' dir='ltr'><strong>asserebant</strong></span> <span class='ocrx_word' id='word_1_541' title='bbox 3088 1592 3312 1648; x_wconf 89' lang='lat' dir='ltr'><strong>liberum</strong></span> 
     </span>
    </p>
   </div>
   <div class='ocr_carea' id='block_1_78' title="bbox 1730 1671 3314 1752">
    <p class='ocr_par' dir='ltr' id='par_1_78' title="bbox 1730 1671 3314 1752">
     <span class='ocr_line' id='line_1_78' title="bbox 1730 1671 3314 1752; baseline 0.009 -30"><span class='ocrx_word' id='word_1_542' title='bbox 1730 1671 2002 1726; x_wconf 85' lang='lat' dir='ltr'><strong>arbitrium</strong></span> <span class='ocrx_word' id='word_1_543' title='bbox 2053 1675 2120 1728; x_wconf 89' lang='lat' dir='ltr'><strong>ab</strong></span> <span class='ocrx_word' id='word_1_544' title='bbox 2166 1675 2258 1729; x_wconf 93' lang='lat' dir='ltr'><strong>illo</strong></span> <span class='ocrx_word' id='word_1_545' title='bbox 2303 1677 2624 1745; x_wconf 89' lang='lat' dir='ltr'><strong>imperatore</strong></span> <span class='ocrx_word' id='word_1_546' title='bbox 2649 1695 2998 1745; x_wconf 88' lang='lat' dir='ltr'><strong>concessum,</strong></span> <span class='ocrx_word' id='word_1_547' title='bbox 3041 1683 3314 1752; x_wconf 91' lang='lat' dir='ltr'><strong>inquibus</strong></span> 
     </span>
    </p>
   </div>
   <div class='ocr_carea' id='block_1_79' title="bbox 1729 1761 3314 1842">
    <p class='ocr_par' dir='ltr' id='par_1_79' title="bbox 1729 1761 3314 1842">
     <span class='ocr_line' id='line_1_79' title="bbox 1729 1761 3314 1842; baseline 0.009 -27"><span class='ocrx_word' id='word_1_548' title='bbox 1729 1761 1919 1816; x_wconf 90' lang='lat' dir='ltr'><strong>litteris</strong></span> <span class='ocrx_word' id='word_1_549' title='bbox 1943 1764 2312 1834; x_wconf 89' lang='lat' dir='ltr'><strong>eos&#39;tanquam</strong></span> <span class='ocrx_word' id='word_1_550' title='bbox 2344 1770 2605 1837; x_wconf 89' lang='lat' dir='ltr'><strong>pessimos</strong></span> <span class='ocrx_word' id='word_1_551' title='bbox 2630 1781 2681 1824; x_wconf 92' lang='lat' dir='ltr'><strong>et</strong></span> <span class='ocrx_word' id='word_1_552' title='bbox 2710 1770 3014 1826; x_wconf 83' lang='lat' dir='ltr'><strong>christiana:</strong></span> <span class='ocrx_word' id='word_1_553' title='bbox 3047 1776 3188 1842; x_wconf 88' lang='lat' dir='ltr'><strong>pacis</strong></span> <span class='ocrx_word' id='word_1_554' title='bbox 3215 1776 3314 1829; x_wconf 81' lang='lat' dir='ltr'><strong>ini-</strong></span> 
     </span>
    </p>
   </div>
   <div class='ocr_carea' id='block_1_80' title="bbox 1730 1851 3312 1933">
    <p class='ocr_par' dir='ltr' id='par_1_80' title="bbox 1730 1851 3312 1933">
     <span class='ocr_line' id='line_1_80' title="bbox 1730 1851 3312 1933; baseline 0.009 -29"><span class='ocrx_word' id='word_1_555' title='bbox 1730 1851 1897 1905; x_wconf 89' lang='lat' dir='ltr'><strong>micos</strong></span> <span class='ocrx_word' id='word_1_556' title='bbox 1925 1853 2174 1908; x_wconf 90' lang='lat' dir='ltr'><strong>ostendit.</strong></span> <span class='ocrx_word' id='word_1_557' title='bbox 2205 1857 2353 1920; x_wconf 89' lang='lat' dir='ltr'><strong>Quod</strong></span> <span class='ocrx_word' id='word_1_558' title='bbox 2401 1859 2580 1928; x_wconf 89' lang='lat' dir='ltr'><strong>utique</strong></span> <span class='ocrx_word' id='word_1_559' title='bbox 2621 1875 2724 1913; x_wconf 90' lang='lat' dir='ltr'><strong>non</strong></span> <span class='ocrx_word' id='word_1_560' title='bbox 2769 1860 2976 1916; x_wconf 77' lang='lat' dir='ltr'><strong>fet-isset</strong></span> <span class='ocrx_word' id='word_1_561' title='bbox 2999 1903 3014 1927; x_wconf 92' lang='lat'><strong>,</strong></span> <span class='ocrx_word' id='word_1_562' title='bbox 3044 1863 3086 1917; x_wconf 90' lang='lat' dir='ltr'><strong>si</strong></span> <span class='ocrx_word' id='word_1_563' title='bbox 3113 1863 3312 1933; x_wconf 89' lang='lat' dir='ltr'><strong>aliquid</strong></span> 
     </span>
    </p>
   </div>
   <div class='ocr_carea' id='block_1_81' title="bbox 1732 1941 3312 2017">
    <p class='ocr_par' dir='ltr' id='par_1_81' title="bbox 1732 1941 3312 2017">
     <span class='ocr_line' id='line_1_81' title="bbox 1732 1941 3312 2017; baseline 0.009 -24"><span class='ocrx_word' id='word_1_564' title='bbox 1732 1954 1827 2009; x_wconf 91' lang='lat' dir='ltr'><strong>pro</strong></span> <span class='ocrx_word' id='word_1_565' title='bbox 1855 1941 1956 1996; x_wconf 85' lang='lat' dir='ltr'><strong>illis</strong></span> <span class='ocrx_word' id='word_1_566' title='bbox 1984 1953 2167 1998; x_wconf 88' lang='lat' dir='ltr'><strong>contra</strong></span> <span class='ocrx_word' id='word_1_567' title='bbox 2196 1945 2534 2001; x_wconf 67' lang='lat' dir='ltr'><strong>Czeciliannm</strong></span> <span class='ocrx_word' id='word_1_568' title='bbox 2562 1948 2873 2017; x_wconf 85' lang='lat' dir='ltr'><strong>judicasset,</strong></span> <span class='ocrx_word' id='word_1_569' title='bbox 2898 1967 3020 2005; x_wconf 91' lang='lat' dir='ltr'><strong>cum</strong></span> <span class='ocrx_word' id='word_1_570' title='bbox 3050 1951 3114 2006; x_wconf 90' lang='lat' dir='ltr'><strong>ad</strong></span> <span class='ocrx_word' id='word_1_571' title='bbox 3141 1957 3312 2007; x_wconf 85' lang='lat' dir='ltr'><strong>comi-</strong></span> 
     </span>
    </p>
   </div>
   <div class='ocr_carea' id='block_1_82' title="bbox 1730 2034 3311 2112">
    <p class='ocr_par' dir='ltr' id='par_1_82' title="bbox 1730 2034 3311 2112">
     <span class='ocr_line' id='line_1_82' title="bbox 1730 2034 3311 2112; baseline 0.009 -27"><span class='ocrx_word' id='word_1_572' title='bbox 1730 2039 1896 2085; x_wconf 88' lang='lat' dir='ltr'><strong>talum</strong></span> <span class='ocrx_word' id='word_1_573' title='bbox 1927 2034 2120 2088; x_wconf 89' lang='lat' dir='ltr'><strong>missus</strong></span> <span class='ocrx_word' id='word_1_574' title='bbox 2148 2046 2289 2090; x_wconf 84' lang='lat' dir='ltr'><strong>esset</strong></span> <span class='ocrx_word' id='word_1_575' title='bbox 2321 2037 2608 2107; x_wconf 87' lang='lat' dir='ltr'><strong>lugentius.</strong></span> <span class='ocrx_word' id='word_1_576' title='bbox 2651 2039 2909 2111; x_wconf 87' lang='lat' dir='ltr'><strong>Cognitor</strong></span> <span class='ocrx_word' id='word_1_577' title='bbox 2934 2059 3061 2112; x_wconf 86' lang='lat' dir='ltr'><strong>ergo</strong></span> <span class='ocrx_word' id='word_1_578' title='bbox 3091 2044 3311 2100; x_wconf 85' lang='lat' dir='ltr'><strong>interlo-</strong></span> 
     </span>
    </p>
   </div>
   <div class='ocr_carea' id='block_1_83' title="bbox 1730 2133 3312 2200">
    <p class='ocr_par' dir='ltr' id='par_1_83' title="bbox 1730 2133 3312 2200">
     <span class='ocr_line' id='line_1_83' title="bbox 1730 2133 3312 2200; baseline 0.009 -23"><span class='ocrx_word' id='word_1_579' title='bbox 1730 2133 1886 2178; x_wconf 91' lang='lat' dir='ltr'><strong>cutus</strong></span> <span class='ocrx_word' id='word_1_580' title='bbox 1911 2135 2012 2192; x_wconf 90' lang='lat' dir='ltr'><strong>est,</strong></span> <span class='ocrx_word' id='word_1_581' title='bbox 2047 2143 2148 2180; x_wconf 91' lang='lat' dir='ltr'><strong>non</strong></span> <span class='ocrx_word' id='word_1_582' title='bbox 2185 2143 2341 2197; x_wconf 92' lang='lat' dir='ltr'><strong>posse</strong></span> <span class='ocrx_word' id='word_1_583' title='bbox 2367 2140 2531 2199; x_wconf 73' lang='lat' dir='ltr'><strong>gesta,</strong></span> <span class='ocrx_word' id='word_1_584' title='bbox 2563 2148 2680 2200; x_wconf 74' lang='lat' dir='ltr'><strong>qua:</strong></span> <span class='ocrx_word' id='word_1_585' title='bbox 2709 2141 2851 2187; x_wconf 91' lang='lat' dir='ltr'><strong>tanta</strong></span> <span class='ocrx_word' id='word_1_586' title='bbox 2881 2135 3146 2190; x_wconf 85' lang='lat' dir='ltr'><strong>roboravit</strong></span> <span class='ocrx_word' id='word_1_587' title='bbox 3171 2137 3312 2191; x_wconf 80' lang='lat' dir='ltr'><strong>anti-</strong></span> 
     </span>
    </p>
   </div>
   <div class='ocr_carea' id='block_1_84' title="bbox 1729 2215 3313 2296">
    <p class='ocr_par' dir='ltr' id='par_1_84' title="bbox 1729 2215 3313 2296">
     <span class='ocr_line' id='line_1_84' title="bbox 1729 2215 3313 2296; baseline 0.011 -31"><span class='ocrx_word' id='word_1_588' title='bbox 1729 2215 1938 2284; x_wconf 88' lang='lat' dir='ltr'><strong>quitas,</strong></span> <span class='ocrx_word' id='word_1_589' title='bbox 1985 2220 2284 2280; x_wconf 85' lang='lat' dir='ltr'><strong>removeri,</strong></span> <span class='ocrx_word' id='word_1_590' title='bbox 2336 2221 2436 2274; x_wconf 91' lang='lat' dir='ltr'><strong>nisi</strong></span> <span class='ocrx_word' id='word_1_591' title='bbox 2485 2221 2604 2275; x_wconf 90' lang='lat' dir='ltr'><strong>aliis</strong></span> <span class='ocrx_word' id='word_1_592' title='bbox 2651 2224 3032 2292; x_wconf 83' lang='lat' dir='ltr'><strong>posterioribus</strong></span> <span class='ocrx_word' id='word_1_593' title='bbox 3076 2228 3238 2296; x_wconf 78' lang='lat' dir='ltr'><strong>gestis</strong></span> <span class='ocrx_word' id='word_1_594' title='bbox 3281 2243 3313 2283; x_wconf 88' lang='lat' dir='ltr'><strong>e</strong></span> 
     </span>
    </p>
   </div>
   <div class='ocr_carea' id='block_1_85' title="bbox 1731 2306 3316 2379">
    <p class='ocr_par' dir='ltr' id='par_1_85' title="bbox 1731 2306 3316 2379">
     <span class='ocr_line' id='line_1_85' title="bbox 1731 2306 3316 2379; baseline 0.009 -21"><span class='ocrx_word' id='word_1_595' title='bbox 1731 2306 2000 2360; x_wconf 90' lang='lat' dir='ltr'><strong>eontrario</strong></span> <span class='ocrx_word' id='word_1_596' title='bbox 2025 2309 2278 2363; x_wconf 75' lang='lat' dir='ltr'><strong>recitatis.</strong></span> <span class='ocrx_word' id='word_1_597' title='bbox 2311 2310 2518 2365; x_wconf 90' lang='lat' dir='ltr'><strong>Dictum</strong></span> <span class='ocrx_word' id='word_1_598' title='bbox 2542 2321 2623 2366; x_wconf 86' lang='lat' dir='ltr'><strong>est</strong></span> <span class='ocrx_word' id='word_1_599' title='bbox 2645 2314 2803 2367; x_wconf 88' lang='lat' dir='ltr'><strong>etiam</strong></span> <span class='ocrx_word' id='word_1_600' title='bbox 2825 2330 2854 2368; x_wconf 90' lang='lat' dir='ltr'><strong>a</strong></span> <span class='ocrx_word' id='word_1_601' title='bbox 2876 2315 3181 2379; x_wconf 86' lang='lat' dir='ltr'><strong>Catholicis,</strong></span> <span class='ocrx_word' id='word_1_602' title='bbox 3211 2333 3316 2372; x_wconf 82' lang='lat' dir='ltr'><strong>ma-</strong></span> 
     </span>
    </p>
   </div>
   <div class='ocr_carea' id='block_1_86' title="bbox 1730 2396 3316 2477">
    <p class='ocr_par' dir='ltr' id='par_1_86' title="bbox 1730 2396 3316 2477">
     <span class='ocr_line' id='line_1_86' title="bbox 1730 2396 3316 2477; baseline 0.011 -31"><span class='ocrx_word' id='word_1_603' title='bbox 1730 2396 1810 2464; x_wconf 85' lang='lat' dir='ltr'><strong>gis</strong></span> <span class='ocrx_word' id='word_1_604' title='bbox 1859 2397 1922 2449; x_wconf 91' lang='lat' dir='ltr'><strong>ad</strong></span> <span class='ocrx_word' id='word_1_605' title='bbox 1967 2397 2341 2454; x_wconf 80' lang='lat' dir='ltr'><strong>declarandam</strong></span> <span class='ocrx_word' id='word_1_606' title='bbox 2399 2401 2592 2458; x_wconf 89' lang='lat' dir='ltr'><strong>Felicis</strong></span> <span class='ocrx_word' id='word_1_607' title='bbox 2642 2404 3000 2460; x_wconf 90' lang='lat' dir='ltr'><strong>innocentiam</strong></span> <span class='ocrx_word' id='word_1_608' title='bbox 3053 2408 3316 2477; x_wconf 90' lang='lat' dir='ltr'><strong>profuisse</strong></span> 
     </span>
    </p>
   </div>
   <div class='ocr_carea' id='block_1_87' title="bbox 1731 2486 3316 2567">
    <p class='ocr_par' dir='ltr' id='par_1_87' title="bbox 1731 2486 3316 2567">
     <span class='ocr_line' id='line_1_87' title="bbox 1731 2486 3316 2567; baseline 0.009 -30"><span class='ocrx_word' id='word_1_609' title='bbox 1731 2486 1870 2554; x_wconf 87' lang='lat' dir='ltr'><strong>quod</strong></span> <span class='ocrx_word' id='word_1_610' title='bbox 1895 2488 2088 2543; x_wconf 90' lang='lat' dir='ltr'><strong>absens</strong></span> <span class='ocrx_word' id='word_1_611' title='bbox 2116 2489 2285 2544; x_wconf 87' lang='lat' dir='ltr'><strong>fuerat</strong></span> <span class='ocrx_word' id='word_1_612' title='bbox 2307 2492 2603 2560; x_wconf 88' lang='lat' dir='ltr'><strong>absolutus,</strong></span> <span class='ocrx_word' id='word_1_613' title='bbox 2637 2495 2757 2564; x_wconf 88' lang='lat' dir='ltr'><strong>quia</strong></span> <span class='ocrx_word' id='word_1_614' title='bbox 2785 2496 2968 2565; x_wconf 76' lang='lat' dir='ltr'><strong>gratiae</strong></span> <span class='ocrx_word' id='word_1_615' title='bbox 2993 2498 3246 2567; x_wconf 87' lang='lat' dir='ltr'><strong>suspicio,</strong></span> <span class='ocrx_word' id='word_1_616' title='bbox 3270 2499 3316 2554; x_wconf 90' lang='lat' dir='ltr'><strong>si</strong></span> 
     </span>
    </p>
   </div>
   <div class='ocr_carea' id='block_1_88' title="bbox 1731 2580 2640 2648">
    <p class='ocr_par' dir='ltr' id='par_1_88' title="bbox 1731 2580 2640 2648">
     <span class='ocr_line' id='line_1_88' title="bbox 1731 2580 2640 2648; baseline 0.014 -23"><span class='ocrx_word' id='word_1_617' title='bbox 1731 2591 1965 2644; x_wconf 71' lang='lat' dir='ltr'><strong>prmsens</strong></span> <span class='ocrx_word' id='word_1_618' title='bbox 1995 2589 2156 2644; x_wconf 77' lang='lat' dir='ltr'><strong>esset,</strong></span> <span class='ocrx_word' id='word_1_619' title='bbox 2189 2580 2362 2648; x_wconf 91' lang='lat' dir='ltr'><strong>potius</strong></span> <span class='ocrx_word' id='word_1_620' title='bbox 2389 2584 2640 2638; x_wconf 88' lang='lat' dir='ltr'><strong>oriretur.</strong></span> 
     </span>
    </p>
   </div>
   <div class='ocr_carea' id='block_1_89' title="bbox 1800 2663 3318 2748">
    <p class='ocr_par' dir='ltr' id='par_1_89' title="bbox 1800 2663 3318 2748">
     <span class='ocr_line' id='line_1_89' title="bbox 1800 2663 3318 2748; baseline 0.014 -30"><span class='ocrx_word' id='word_1_621' title='bbox 1800 2663 2024 2721; x_wconf 82' lang='lat' dir='ltr'><strong>CAPUT</strong></span> <span class='ocrx_word' id='word_1_622' title='bbox 2061 2667 2224 2723; x_wconf 76' lang='lat' dir='ltr'><strong>XXV.</strong></span> <span class='ocrx_word' id='word_1_623' title='bbox 2263 2699 2334 2709; x_wconf 94' lang='lat'><strong><em>—</em></strong></span> <span class='ocrx_word' id='word_1_624' title='bbox 2373 2672 2462 2726; x_wconf 78' lang='grc'><strong>45.</strong></span> <span class='ocrx_word' id='word_1_625' title='bbox 2503 2673 2703 2743; x_wconf 83' lang='lat' dir='ltr'><strong>Urgere</strong></span> <span class='ocrx_word' id='word_1_626' title='bbox 2726 2675 2917 2732; x_wconf 89' lang='lat' dir='ltr'><strong>deinde</strong></span> <span class='ocrx_word' id='word_1_627' title='bbox 2943 2677 3193 2748; x_wconf 82' lang='lat' dir='ltr'><strong>Cognitor</strong></span> <span class='ocrx_word' id='word_1_628' title='bbox 3211 2695 3318 2738; x_wconf 77' lang='lat' dir='ltr'><strong>ce:-</strong></span> 
     </span>
    </p>
   </div>
   <div class='ocr_carea' id='block_1_90' title="bbox 1732 2755 3319 2833">
    <p class='ocr_par' dir='ltr' id='par_1_90' title="bbox 1732 2755 3319 2833">
     <span class='ocr_line' id='line_1_90' title="bbox 1732 2755 3319 2833; baseline 0.013 -26"><span class='ocrx_word' id='word_1_629' title='bbox 1732 2755 1827 2823; x_wconf 92' lang='lat' dir='ltr'><strong>pit,</strong></span> <span class='ocrx_word' id='word_1_630' title='bbox 1858 2767 1914 2808; x_wconf 93' lang='lat' dir='ltr'><strong>ut</strong></span> <span class='ocrx_word' id='word_1_631' title='bbox 1957 2758 2000 2811; x_wconf 91' lang='lat' dir='ltr'><strong>si</strong></span> <span class='ocrx_word' id='word_1_632' title='bbox 2041 2773 2144 2827; x_wconf 89' lang='lat' dir='ltr'><strong>qua</strong></span> <span class='ocrx_word' id='word_1_633' title='bbox 2196 2762 2488 2828; x_wconf 89' lang='lat' dir='ltr'><strong>posteriora</strong></span> <span class='ocrx_word' id='word_1_634' title='bbox 2538 2773 2682 2833; x_wconf 79' lang='lat' dir='ltr'><strong>gesta</strong></span> <span class='ocrx_word' id='word_1_635' title='bbox 2731 2765 3016 2822; x_wconf 78' lang='lat' dir='ltr'><strong>Donatista:</strong></span> <span class='ocrx_word' id='word_1_636' title='bbox 3058 2770 3319 2830; x_wconf 86' lang='lat' dir='ltr'><strong>baberent</strong></span> 
     </span>
    </p>
   </div>
   <div class='ocr_carea' id='block_1_91' title="bbox 1731 2849 3314 2931">
    <p class='ocr_par' dir='ltr' id='par_1_91' title="bbox 1731 2849 3314 2931">
     <span class='ocr_line' id='line_1_91' title="bbox 1731 2849 3314 2931; baseline 0.011 -31"><span class='ocrx_word' id='word_1_637' title='bbox 1731 2858 1914 2902; x_wconf 89' lang='lat' dir='ltr'><strong>contra</strong></span> <span class='ocrx_word' id='word_1_638' title='bbox 1945 2849 2335 2906; x_wconf 88' lang='lat' dir='ltr'><strong>absolutionem</strong></span> <span class='ocrx_word' id='word_1_639' title='bbox 2369 2855 2634 2910; x_wconf 55' lang='lat' dir='ltr'><strong>Caeciliani</strong></span> <span class='ocrx_word' id='word_1_640' title='bbox 2671 2857 2754 2912; x_wconf 92' lang='lat' dir='ltr'><strong>vel</strong></span> <span class='ocrx_word' id='word_1_641' title='bbox 2784 2857 2974 2914; x_wconf 81' lang='lat' dir='ltr'><strong>Felicis</strong></span> <span class='ocrx_word' id='word_1_642' title='bbox 2995 2893 3012 2925; x_wconf 63' lang='grc' dir='ltr'><strong>,ν</strong></span> <span class='ocrx_word' id='word_1_643' title='bbox 3037 2860 3146 2930; x_wconf 91' lang='lat' dir='ltr'><strong>jam</strong></span> <span class='ocrx_word' id='word_1_644' title='bbox 3171 2862 3314 2931; x_wconf 88' lang='lat' dir='ltr'><strong>jam-</strong></span> 
     </span>
    </p>
   </div>
   <div class='ocr_carea' id='block_1_92' title="bbox 1731 2941 3318 3020">
    <p class='ocr_par' dir='ltr' id='par_1_92' title="bbox 1731 2941 3318 3020">
     <span class='ocr_line' id='line_1_92' title="bbox 1731 2941 3318 3020; baseline 0.011 -27"><span class='ocrx_word' id='word_1_645' title='bbox 1731 2956 1833 3011; x_wconf 89' lang='lat' dir='ltr'><strong>que</strong></span> <span class='ocrx_word' id='word_1_646' title='bbox 1861 2941 2183 3012; x_wconf 86' lang='lat' dir='ltr'><strong>proferrent.</strong></span> <span class='ocrx_word' id='word_1_647' title='bbox 2215 2943 2309 2999; x_wconf 90' lang='lat' dir='ltr'><strong>llic</strong></span> <span class='ocrx_word' id='word_1_648' title='bbox 2337 2945 2408 2998; x_wconf 90' lang='lat' dir='ltr'><strong>illi</strong></span> <span class='ocrx_word' id='word_1_649' title='bbox 2436 2947 2501 3001; x_wconf 88' lang='lat' dir='ltr'><strong>ad</strong></span> <span class='ocrx_word' id='word_1_650' title='bbox 2530 2963 2590 3002; x_wconf 90' lang='lat' dir='ltr'><strong>ea</strong></span> <span class='ocrx_word' id='word_1_651' title='bbox 2615 2964 2734 3018; x_wconf 64' lang='lat' dir='ltr'><strong>qua:</strong></span> <span class='ocrx_word' id='word_1_652' title='bbox 2758 2949 2868 3020; x_wconf 88' lang='lat' dir='ltr'><strong>jam</strong></span> <span class='ocrx_word' id='word_1_653' title='bbox 2892 2952 3047 3006; x_wconf 89' lang='lat' dir='ltr'><strong>toties</strong></span> <span class='ocrx_word' id='word_1_654' title='bbox 3072 2953 3318 3010; x_wconf 83' lang='lat' dir='ltr'><strong>dixerant</strong></span> 
     </span>
    </p>
   </div>
   <div class='ocr_carea' id='block_1_93' title="bbox 1730 3033 3316 3110">
    <p class='ocr_par' dir='ltr' id='par_1_93' title="bbox 1730 3033 3316 3110">
     <span class='ocr_line' id='line_1_93' title="bbox 1730 3033 3316 3110; baseline 0.01 -23"><span class='ocrx_word' id='word_1_655' title='bbox 1730 3042 1783 3088; x_wconf 92' lang='lat' dir='ltr'><strong>et</strong></span> <span class='ocrx_word' id='word_1_656' title='bbox 1807 3033 2094 3089; x_wconf 87' lang='lat' dir='ltr'><strong>Catholieis</strong></span> <span class='ocrx_word' id='word_1_657' title='bbox 2115 3036 2271 3092; x_wconf 90' lang='lat' dir='ltr'><strong>toties</strong></span> <span class='ocrx_word' id='word_1_658' title='bbox 2293 3037 2356 3092; x_wconf 92' lang='lat' dir='ltr'><strong>ad</strong></span> <span class='ocrx_word' id='word_1_659' title='bbox 2381 3040 2556 3093; x_wconf 90' lang='lat' dir='ltr'><strong>omnia</strong></span> <span class='ocrx_word' id='word_1_660' title='bbox 2582 3042 3030 3110; x_wconf 89' lang='lat' dir='ltr'><strong>respondentibus</strong></span> <span class='ocrx_word' id='word_1_661' title='bbox 3053 3054 3316 3103; x_wconf 88' lang='lat' dir='ltr'><strong>transacta</strong></span> 
     </span>
    </p>
   </div>
   <div class='ocr_carea' id='block_1_94' title="bbox 1727 3123 3318 3206">
    <p class='ocr_par' dir='ltr' id='par_1_94' title="bbox 1727 3123 3318 3206">
     <span class='ocr_line' id='line_1_94' title="bbox 1727 3123 3318 3206; baseline 0.011 -31"><span class='ocrx_word' id='word_1_662' title='bbox 1727 3123 1835 3192; x_wconf 91' lang='lat' dir='ltr'><strong>jam</strong></span> <span class='ocrx_word' id='word_1_663' title='bbox 1867 3123 2074 3179; x_wconf 84' lang='lat' dir='ltr'><strong>fuerant</strong></span> <span class='ocrx_word' id='word_1_664' title='bbox 2096 3167 2112 3193; x_wconf 91' lang='lat'><strong>,</strong></span> <span class='ocrx_word' id='word_1_665' title='bbox 2147 3143 2332 3181; x_wconf 90' lang='lat' dir='ltr'><strong>rursus</strong></span> <span class='ocrx_word' id='word_1_666' title='bbox 2357 3131 2508 3198; x_wconf 88' lang='lat' dir='ltr'><strong>quasi</strong></span> <span class='ocrx_word' id='word_1_667' title='bbox 2534 3146 2561 3183; x_wconf 90' lang='lat' dir='ltr'><strong>a</strong></span> <span class='ocrx_word' id='word_1_668' title='bbox 2590 3133 2763 3201; x_wconf 89' lang='lat' dir='ltr'><strong>capite</strong></span> <span class='ocrx_word' id='word_1_669' title='bbox 2787 3133 2964 3188; x_wconf 90' lang='lat' dir='ltr'><strong>redire</strong></span> <span class='ocrx_word' id='word_1_670' title='bbox 2989 3144 3042 3189; x_wconf 91' lang='lat' dir='ltr'><strong>et</strong></span> <span class='ocrx_word' id='word_1_671' title='bbox 3065 3151 3127 3190; x_wconf 89' lang='lat' dir='ltr'><strong>ea</strong></span> <span class='ocrx_word' id='word_1_672' title='bbox 3153 3137 3318 3206; x_wconf 84' lang='lat' dir='ltr'><strong>repli-</strong></span> 
     </span>
    </p>
   </div>
   <div class='ocr_carea' id='block_1_95' title="bbox 1731 3215 3314 3296">
    <p class='ocr_par' dir='ltr' id='par_1_95' title="bbox 1731 3215 3314 3296">
     <span class='ocr_line' id='line_1_95' title="bbox 1731 3215 3314 3296; baseline 0.008 -28"><span class='ocrx_word' id='word_1_673' title='bbox 1731 3228 1853 3268; x_wconf 90' lang='lat' dir='ltr'><strong>care</strong></span> <span class='ocrx_word' id='word_1_674' title='bbox 1882 3215 2056 3269; x_wconf 83' lang='lat' dir='ltr'><strong>cenati</strong></span> <span class='ocrx_word' id='word_1_675' title='bbox 2089 3225 2231 3270; x_wconf 93' lang='lat' dir='ltr'><strong>sunt.</strong></span> <span class='ocrx_word' id='word_1_676' title='bbox 2281 3216 2377 3272; x_wconf 87' lang='lat' dir='ltr'><strong>Ubi</strong></span> <span class='ocrx_word' id='word_1_677' title='bbox 2407 3234 2526 3272; x_wconf 92' lang='lat' dir='ltr'><strong>cum</strong></span> <span class='ocrx_word' id='word_1_678' title='bbox 2559 3220 2910 3276; x_wconf 89' lang='lat' dir='ltr'><strong>interlocutus</strong></span> <span class='ocrx_word' id='word_1_679' title='bbox 2937 3235 3081 3278; x_wconf 89' lang='lat' dir='ltr'><strong>esset</strong></span> <span class='ocrx_word' id='word_1_680' title='bbox 3114 3225 3314 3296; x_wconf 84' lang='lat' dir='ltr'><strong>Cogni-</strong></span> 
     </span>
    </p>
   </div>
   <div class='ocr_carea' id='block_1_96' title="bbox 1734 3305 3314 3384">
    <p class='ocr_par' dir='ltr' id='par_1_96' title="bbox 1734 3305 3314 3384">
     <span class='ocr_line' id='line_1_96' title="bbox 1734 3305 3314 3384; baseline 0.009 -28"><span class='ocrx_word' id='word_1_681' title='bbox 1734 3313 1836 3370; x_wconf 94' lang='lat' dir='ltr'><strong>tor,</strong></span> <span class='ocrx_word' id='word_1_682' title='bbox 1868 3305 2164 3360; x_wconf 89' lang='lat' dir='ltr'><strong>admonens</strong></span> <span class='ocrx_word' id='word_1_683' title='bbox 2214 3316 2268 3360; x_wconf 91' lang='lat' dir='ltr'><strong>ut</strong></span> <span class='ocrx_word' id='word_1_684' title='bbox 2313 3323 2408 3362; x_wconf 92' lang='lat' dir='ltr'><strong>eos</strong></span> <span class='ocrx_word' id='word_1_685' title='bbox 2446 3309 2555 3376; x_wconf 90' lang='lat' dir='ltr'><strong>jam</strong></span> <span class='ocrx_word' id='word_1_686' title='bbox 2605 3311 2808 3380; x_wconf 82' lang='lat' dir='ltr'><strong>pigeret</strong></span> <span class='ocrx_word' id='word_1_687' title='bbox 2835 3313 3020 3367; x_wconf 89' lang='lat' dir='ltr'><strong>eadem</strong></span> <span class='ocrx_word' id='word_1_688' title='bbox 3049 3325 3314 3384; x_wconf 88' lang='lat' dir='ltr'><strong>repetere,</strong></span> 
     </span>
    </p>
   </div>
   <div class='ocr_carea' id='block_1_97' title="bbox 1731 3398 3314 3468">
    <p class='ocr_par' dir='ltr' id='par_1_97' title="bbox 1731 3398 3314 3468">
     <span class='ocr_line' id='line_1_97' title="bbox 1731 3398 3314 3468; baseline 0.009 -23"><span class='ocrx_word' id='word_1_689' title='bbox 1731 3409 1850 3464; x_wconf 81' lang='lat' dir='ltr'><strong>quae</strong></span> <span class='ocrx_word' id='word_1_690' title='bbox 1892 3404 2102 3464; x_wconf 91' lang='lat' dir='ltr'><strong>peracta</strong></span> <span class='ocrx_word' id='word_1_691' title='bbox 2148 3405 2200 3450; x_wconf 90' lang='lat' dir='ltr'><strong>et</strong></span> <span class='ocrx_word' id='word_1_692' title='bbox 2241 3405 2505 3452; x_wconf 88' lang='lat' dir='ltr'><strong>transacta</strong></span> <span class='ocrx_word' id='word_1_693' title='bbox 2528 3398 2638 3468; x_wconf 91' lang='lat' dir='ltr'><strong>jam</strong></span> <span class='ocrx_word' id='word_1_694' title='bbox 2668 3402 2906 3467; x_wconf 89' lang='lat' dir='ltr'><strong>fuerant,</strong></span> <span class='ocrx_word' id='word_1_695' title='bbox 2934 3412 2986 3456; x_wconf 91' lang='lat' dir='ltr'><strong>et</strong></span> <span class='ocrx_word' id='word_1_696' title='bbox 3027 3404 3314 3460; x_wconf 71' lang='lat' dir='ltr'><strong>identidem</strong></span> 
     </span>
    </p>
   </div>
   <div class='ocr_carea' id='block_1_98' title="bbox 1732 3485 3317 3561">
    <p class='ocr_par' dir='ltr' id='par_1_98' title="bbox 1732 3485 3317 3561">
     <span class='ocr_line' id='line_1_98' title="bbox 1732 3485 3317 3561; baseline 0.01 -25"><span class='ocrx_word' id='word_1_697' title='bbox 1732 3485 1972 3555; x_wconf 80' lang='lat' dir='ltr'><strong>proferre</strong></span> <span class='ocrx_word' id='word_1_698' title='bbox 2016 3488 2362 3557; x_wconf 89' lang='lat' dir='ltr'><strong>compelleret</strong></span> <span class='ocrx_word' id='word_1_699' title='bbox 2410 3490 2453 3544; x_wconf 91' lang='lat' dir='ltr'><strong>si</strong></span> <span class='ocrx_word' id='word_1_700' title='bbox 2498 3491 2624 3561; x_wconf 89' lang='lat' dir='ltr'><strong>quid</strong></span> <span class='ocrx_word' id='word_1_701' title='bbox 2683 3493 3008 3548; x_wconf 91' lang='lat' dir='ltr'><strong>recitandum</strong></span> <span class='ocrx_word' id='word_1_702' title='bbox 3057 3495 3317 3552; x_wconf 87' lang='lat' dir='ltr'><strong>haberent</strong></span> 
     </span>
    </p>
   </div>
   <div class='ocr_carea' id='block_1_99' title="bbox 1732 3577 3317 3644">
    <p class='ocr_par' dir='ltr' id='par_1_99' title="bbox 1732 3577 3317 3644">
     <span class='ocr_line' id='line_1_99' title="bbox 1732 3577 3317 3644; baseline 0.01 -15"><span class='ocrx_word' id='word_1_703' title='bbox 1732 3577 1988 3632; x_wconf 81' lang='lat' dir='ltr'><strong>adversus</strong></span> <span class='ocrx_word' id='word_1_704' title='bbox 2007 3578 2278 3634; x_wconf 84' lang='lat' dir='ltr'><strong>Caeciliani</strong></span> <span class='ocrx_word' id='word_1_705' title='bbox 2306 3591 2358 3634; x_wconf 90' lang='lat' dir='ltr'><strong>et</strong></span> <span class='ocrx_word' id='word_1_706' title='bbox 2389 3580 2579 3637; x_wconf 89' lang='lat' dir='ltr'><strong>Felicis</strong></span> <span class='ocrx_word' id='word_1_707' title='bbox 2601 3585 2678 3638; x_wconf 89' lang='lat' dir='ltr'><strong>sic</strong></span> <span class='ocrx_word' id='word_1_708' title='bbox 2704 3584 3130 3643; x_wconf 87' lang='lat' dir='ltr'><strong>evidentissimas</strong></span> <span class='ocrx_word' id='word_1_709' title='bbox 3159 3589 3317 3644; x_wconf 84' lang='lat' dir='ltr'><strong>abso-</strong></span> 
     </span>
    </p>
   </div>
   <div class='ocr_carea' id='block_1_100' title="bbox 1734 3670 3315 3752">
    <p class='ocr_par' dir='ltr' id='par_1_100' title="bbox 1734 3670 3315 3752">
     <span class='ocr_line' id='line_1_100' title="bbox 1734 3670 3315 3752; baseline 0.009 -28"><span class='ocrx_word' id='word_1_710' title='bbox 1734 3670 1962 3726; x_wconf 91' lang='lat' dir='ltr'><strong>lutiones</strong></span> <span class='ocrx_word' id='word_1_711' title='bbox 1989 3689 2002 3724; x_wconf 90' lang='lat'><strong>:</strong></span> <span class='ocrx_word' id='word_1_712' title='bbox 2034 3683 2090 3727; x_wconf 90' lang='lat' dir='ltr'><strong>et</strong></span> <span class='ocrx_word' id='word_1_713' title='bbox 2119 3671 2196 3726; x_wconf 92' lang='lat' dir='ltr'><strong>illi</strong></span> <span class='ocrx_word' id='word_1_714' title='bbox 2223 3673 2350 3728; x_wconf 91' lang='lat' dir='ltr'><strong>nihil</strong></span> <span class='ocrx_word' id='word_1_715' title='bbox 2376 3676 2596 3730; x_wconf 91' lang='lat' dir='ltr'><strong>omnino</strong></span> <span class='ocrx_word' id='word_1_716' title='bbox 2626 3676 2883 3734; x_wconf 87' lang='lat' dir='ltr'><strong>adversus</strong></span> <span class='ocrx_word' id='word_1_717' title='bbox 2915 3679 3000 3734; x_wconf 91' lang='lat' dir='ltr'><strong>illa</strong></span> <span class='ocrx_word' id='word_1_718' title='bbox 3031 3682 3315 3752; x_wconf 84' lang='lat' dir='ltr'><strong>proferen-</strong></span> 
     </span>
    </p>
   </div>
   <div class='ocr_carea' id='block_1_101' title="bbox 1735 3764 3318 3846">
    <p class='ocr_par' dir='ltr' id='par_1_101' title="bbox 1735 3764 3318 3846">
     <span class='ocr_line' id='line_1_101' title="bbox 1735 3764 3318 3846; baseline 0.007 -26"><span class='ocrx_word' id='word_1_719' title='bbox 1735 3773 1814 3820; x_wconf 89' lang='lat' dir='ltr'><strong>tes</strong></span> <span class='ocrx_word' id='word_1_720' title='bbox 1835 3807 1850 3831; x_wconf 95' lang='lat'><strong>,</strong></span> <span class='ocrx_word' id='word_1_721' title='bbox 1883 3764 2072 3821; x_wconf 89' lang='lat' dir='ltr'><strong>eadem</strong></span> <span class='ocrx_word' id='word_1_722' title='bbox 2113 3775 2357 3837; x_wconf 89' lang='lat' dir='ltr'><strong>repetere</strong></span> <span class='ocrx_word' id='word_1_723' title='bbox 2389 3783 2494 3823; x_wconf 92' lang='lat' dir='ltr'><strong>non</strong></span> <span class='ocrx_word' id='word_1_724' title='bbox 2522 3779 2831 3836; x_wconf 89' lang='lat' dir='ltr'><strong>cessarent,</strong></span> <span class='ocrx_word' id='word_1_725' title='bbox 2859 3779 2916 3826; x_wconf 92' lang='lat' dir='ltr'><strong>ut</strong></span> <span class='ocrx_word' id='word_1_726' title='bbox 2952 3772 3019 3828; x_wconf 89' lang='lat' dir='ltr'><strong>de</strong></span> <span class='ocrx_word' id='word_1_727' title='bbox 3063 3773 3166 3828; x_wconf 87' lang='lat' dir='ltr'><strong>illis</strong></span> <span class='ocrx_word' id='word_1_728' title='bbox 3194 3791 3318 3846; x_wconf 66' lang='lat' dir='ltr'><strong>qua:</strong></span> 
     </span>
    </p>
   </div>
   <div class='ocr_carea' id='block_1_102' title="bbox 1733 3855 3322 3936">
    <p class='ocr_par' dir='ltr' id='par_1_102' title="bbox 1733 3855 3322 3936">
     <span class='ocr_line' id='line_1_102' title="bbox 1733 3855 3322 3936; baseline 0.008 -26"><span class='ocrx_word' id='word_1_729' title='bbox 1733 3855 1985 3911; x_wconf 86' lang='lat' dir='ltr'><strong>dixerant</strong></span> <span class='ocrx_word' id='word_1_730' title='bbox 2016 3855 2382 3928; x_wconf 85' lang='lat' dir='ltr'><strong>judicaretur:</strong></span> <span class='ocrx_word' id='word_1_731' title='bbox 2415 3867 2470 3915; x_wconf 89' lang='lat' dir='ltr'><strong>ct</strong></span> <span class='ocrx_word' id='word_1_732' title='bbox 2494 3870 2675 3915; x_wconf 88' lang='lat' dir='ltr'><strong>contra</strong></span> <span class='ocrx_word' id='word_1_733' title='bbox 2705 3861 2960 3933; x_wconf 87' lang='lat' dir='ltr'><strong>Cognitor</strong></span> <span class='ocrx_word' id='word_1_734' title='bbox 2988 3864 3112 3919; x_wconf 87' lang='lat' dir='ltr'><strong>illud</strong></span> <span class='ocrx_word' id='word_1_735' title='bbox 3145 3867 3322 3936; x_wconf 72' lang='lat' dir='ltr'><strong>potius</strong></span> 
     </span>
    </p>
   </div>
   <div class='ocr_carea' id='block_1_103' title="bbox 1733 3944 3314 4025">
    <p class='ocr_par' dir='ltr' id='par_1_103' title="bbox 1733 3944 3314 4025">
     <span class='ocr_line' id='line_1_103' title="bbox 1733 3944 3314 4025; baseline 0.008 -25"><span class='ocrx_word' id='word_1_736' title='bbox 1733 3944 2014 4017; x_wconf 77' lang='lat' dir='ltr'><strong>flagitaret,</strong></span> <span class='ocrx_word' id='word_1_737' title='bbox 2041 3958 2097 4003; x_wconf 89' lang='lat' dir='ltr'><strong>ut</strong></span> <span class='ocrx_word' id='word_1_738' title='bbox 2123 3949 2362 4018; x_wconf 81' lang='lat' dir='ltr'><strong>legerent</strong></span> <span class='ocrx_word' id='word_1_739' title='bbox 2383 3951 2425 4004; x_wconf 91' lang='lat' dir='ltr'><strong>si</strong></span> <span class='ocrx_word' id='word_1_740' title='bbox 2455 3950 2716 4008; x_wconf 82' lang='lat' dir='ltr'><strong>haberent</strong></span> <span class='ocrx_word' id='word_1_741' title='bbox 2737 3955 2876 4023; x_wconf 89' lang='lat' dir='ltr'><strong>quod</strong></span> <span class='ocrx_word' id='word_1_742' title='bbox 2905 3954 3002 4025; x_wconf 85' lang='lat' dir='ltr'><strong>legi</strong></span> <span class='ocrx_word' id='word_1_743' title='bbox 3028 3967 3208 4025; x_wconf 89' lang='lat' dir='ltr'><strong>posset</strong></span> <span class='ocrx_word' id='word_1_744' title='bbox 3226 3957 3314 4012; x_wconf 83' lang='lat' dir='ltr'><strong>ad-</strong></span> 
     </span>
    </p>
   </div>
   <div class='ocr_carea' id='block_1_104' title="bbox 1735 4039 3320 4114">
    <p class='ocr_par' dir='ltr' id='par_1_104' title="bbox 1735 4039 3320 4114">
     <span class='ocr_line' id='line_1_104' title="bbox 1735 4039 3320 4114; baseline 0.007 -23"><span class='ocrx_word' id='word_1_745' title='bbox 1735 4053 1919 4092; x_wconf 85' lang='lat' dir='ltr'><strong>versus</strong></span> <span class='ocrx_word' id='word_1_746' title='bbox 1949 4039 2221 4109; x_wconf 86' lang='lat' dir='ltr'><strong>imperiale</strong></span> <span class='ocrx_word' id='word_1_747' title='bbox 2248 4049 2301 4094; x_wconf 93' lang='lat' dir='ltr'><strong>et</strong></span> <span class='ocrx_word' id='word_1_748' title='bbox 2332 4043 2712 4110; x_wconf 89' lang='lat' dir='ltr'><strong>proconsulare</strong></span> <span class='ocrx_word' id='word_1_749' title='bbox 2737 4043 3018 4112; x_wconf 90' lang='lat' dir='ltr'><strong>judicium,</strong></span> <span class='ocrx_word' id='word_1_750' title='bbox 3051 4054 3106 4099; x_wconf 92' lang='lat' dir='ltr'><strong>ut</strong></span> <span class='ocrx_word' id='word_1_751' title='bbox 3138 4057 3320 4114; x_wconf 88' lang='lat' dir='ltr'><strong>posset</strong></span> 
     </span>
    </p>
   </div>
   <div class='ocr_carea' id='block_1_105' title="bbox 1735 4131 3318 4203">
    <p class='ocr_par' dir='ltr' id='par_1_105' title="bbox 1735 4131 3318 4203">
     <span class='ocr_line' id='line_1_105' title="bbox 1735 4131 3318 4203; baseline 0.004 -18"><span class='ocrx_word' id='word_1_752' title='bbox 1735 4131 1802 4185; x_wconf 90' lang='lat' dir='ltr'><strong>de</strong></span> <span class='ocrx_word' id='word_1_753' title='bbox 1830 4132 2076 4185; x_wconf 91' lang='lat' dir='ltr'><strong>omnibus</strong></span> <span class='ocrx_word' id='word_1_754' title='bbox 2106 4132 2460 4200; x_wconf 87' lang='lat' dir='ltr'><strong>pronuntiari,</strong></span> <span class='ocrx_word' id='word_1_755' title='bbox 2489 4135 2739 4202; x_wconf 90' lang='lat' dir='ltr'><strong>quoniam</strong></span> <span class='ocrx_word' id='word_1_756' title='bbox 2771 4134 2976 4203; x_wconf 84' lang='lat' dir='ltr'><strong>legibus</strong></span> <span class='ocrx_word' id='word_1_757' title='bbox 3005 4135 3318 4203; x_wconf 87' lang='lat' dir='ltr'><strong>prohibetur</strong></span> 
     </span>
    </p>
   </div>
   <div class='ocr_carea' id='block_1_106' title="bbox 1735 4221 3318 4289">
    <p class='ocr_par' dir='ltr' id='par_1_106' title="bbox 1735 4221 3318 4289">
     <span class='ocr_line' id='line_1_106' title="bbox 1735 4221 3318 4289; baseline 0.006 -16"><span class='ocrx_word' id='word_1_758' title='bbox 1735 4221 2083 4289; x_wconf 85' lang='lat' dir='ltr'><strong>semiplenam</strong></span> <span class='ocrx_word' id='word_1_759' title='bbox 2115 4222 2350 4289; x_wconf 90' lang='lat' dir='ltr'><strong>proferre</strong></span> <span class='ocrx_word' id='word_1_760' title='bbox 2377 4224 2693 4276; x_wconf 84' lang='lat' dir='ltr'><strong>sententiam</strong></span> <span class='ocrx_word' id='word_1_761' title='bbox 2721 4241 2732 4274; x_wconf 93' lang='lat'>:</span> <span class='ocrx_word' id='word_1_762' title='bbox 2759 4222 3017 4278; x_wconf 87' lang='lat' dir='ltr'><strong>instarent</strong></span> <span class='ocrx_word' id='word_1_763' title='bbox 3042 4227 3203 4280; x_wconf 89' lang='lat' dir='ltr'><strong>etiam</strong></span> <span class='ocrx_word' id='word_1_764' title='bbox 3225 4226 3318 4282; x_wconf 85' lang='lat' dir='ltr'><strong>Ca-</strong></span> 
     </span>
    </p>
   </div>
   <div class='ocr_carea' id='block_1_107' title="bbox 1738 4312 3321 4386">
    <p class='ocr_par' dir='ltr' id='par_1_107' title="bbox 1738 4312 3321 4386">
     <span class='ocr_line' id='line_1_107' title="bbox 1738 4312 3321 4386; baseline 0.006 -21"><span class='ocrx_word' id='word_1_765' title='bbox 1738 4312 1917 4366; x_wconf 92' lang='lat' dir='ltr'><strong>tholici</strong></span> <span class='ocrx_word' id='word_1_766' title='bbox 1939 4355 1954 4376; x_wconf 90' lang='lat'><strong>,</strong></span> <span class='ocrx_word' id='word_1_767' title='bbox 1987 4321 2044 4366; x_wconf 93' lang='lat' dir='ltr'><strong>ut</strong></span> <span class='ocrx_word' id='word_1_768' title='bbox 2079 4313 2238 4366; x_wconf 90' lang='lat' dir='ltr'><strong>rebus</strong></span> <span class='ocrx_word' id='word_1_769' title='bbox 2268 4313 2516 4366; x_wconf 90' lang='lat' dir='ltr'><strong>omnibus</strong></span> <span class='ocrx_word' id='word_1_770' title='bbox 2542 4313 2812 4384; x_wconf 87' lang='lat' dir='ltr'><strong>Cognitori</strong></span> <span class='ocrx_word' id='word_1_771' title='bbox 2845 4317 3226 4386; x_wconf 85' lang='lat' dir='ltr'><strong>manifestatis,</strong></span> <span class='ocrx_word' id='word_1_772' title='bbox 3265 4330 3321 4375; x_wconf 89' lang='lat' dir='ltr'><strong>et</strong></span> 
     </span>
    </p>
   </div>
   <div class='ocr_carea' id='block_1_108' title="bbox 1738 4403 3316 4476">
    <p class='ocr_par' dir='ltr' id='par_1_108' title="bbox 1738 4403 3316 4476">
     <span class='ocr_line' id='line_1_108' title="bbox 1738 4403 3316 4476; baseline 0.005 -18"><span class='ocrx_word' id='word_1_773' title='bbox 1738 4405 2024 4458; x_wconf 73' lang='lat' dir='ltr'><strong>Donatistis</strong></span> <span class='ocrx_word' id='word_1_774' title='bbox 2046 4403 2171 4474; x_wconf 89' lang='lat' dir='ltr'><strong>quid</strong></span> <span class='ocrx_word' id='word_1_775' title='bbox 2196 4405 2552 4474; x_wconf 87' lang='lat' dir='ltr'><strong>respondeant</strong></span> <span class='ocrx_word' id='word_1_776' title='bbox 2571 4421 2672 4460; x_wconf 90' lang='lat' dir='ltr'><strong>non</strong></span> <span class='ocrx_word' id='word_1_777' title='bbox 2698 4408 3105 4476; x_wconf 88' lang='lat' dir='ltr'><strong>invenientibus,</strong></span> <span class='ocrx_word' id='word_1_778' title='bbox 3125 4411 3316 4466; x_wconf 87' lang='lat' dir='ltr'><strong>eadem</strong></span> 
     </span>
    </p>
   </div>
   <div class='ocr_carea' id='block_1_109' title="bbox 1738 4495 3317 4566">
    <p class='ocr_par' dir='ltr' id='par_1_109' title="bbox 1738 4495 3317 4566">
     <span class='ocr_line' id='line_1_109' title="bbox 1738 4495 3317 4566; baseline 0.005 -16"><span class='ocrx_word' id='word_1_779' title='bbox 1738 4496 2100 4564; x_wconf 89' lang='lat' dir='ltr'><strong>repetentibus</strong></span> <span class='ocrx_word' id='word_1_780' title='bbox 2121 4537 2134 4561; x_wconf 91' lang='lat'><strong>,</strong></span> <span class='ocrx_word' id='word_1_781' title='bbox 2169 4495 2381 4550; x_wconf 87' lang='lat' dir='ltr'><strong>tandem</strong></span> <span class='ocrx_word' id='word_1_782' title='bbox 2428 4497 2715 4566; x_wconf 88' lang='lat' dir='ltr'><strong>aliquando</strong></span> <span class='ocrx_word' id='word_1_783' title='bbox 2743 4514 2904 4553; x_wconf 88' lang='lat' dir='ltr'><strong>causa</strong></span> <span class='ocrx_word' id='word_1_784' title='bbox 2949 4500 3189 4556; x_wconf 90' lang='lat' dir='ltr'><strong>finiretur</strong></span> <span class='ocrx_word' id='word_1_785' title='bbox 3218 4519 3231 4556; x_wconf 90' lang='lat'>:</span> <span class='ocrx_word' id='word_1_786' title='bbox 3265 4503 3317 4558; x_wconf 85' lang='lat' dir='ltr'><strong>in</strong></span> 
     </span>
    </p>
   </div>
   <div class='ocr_carea' id='block_1_110' title="bbox 1736 4586 3320 4663">
    <p class='ocr_par' dir='ltr' id='par_1_110' title="bbox 1736 4586 3320 4663">
     <span class='ocr_line' id='line_1_110' title="bbox 1736 4586 3320 4663; baseline 0.004 -23"><span class='ocrx_word' id='word_1_787' title='bbox 1736 4587 1924 4640; x_wconf 90' lang='lat' dir='ltr'><strong>ultimo</strong></span> <span class='ocrx_word' id='word_1_788' title='bbox 1954 4586 2208 4655; x_wconf 82' lang='lat' dir='ltr'><strong>Cognitor</strong></span> <span class='ocrx_word' id='word_1_789' title='bbox 2236 4586 2398 4650; x_wconf 73' lang='lat' dir='ltr'><strong>dixit,</strong></span> <span class='ocrx_word' id='word_1_790' title='bbox 2434 4586 2488 4642; x_wconf 91' lang='lat' dir='ltr'><strong>Si</strong></span> <span class='ocrx_word' id='word_1_791' title='bbox 2515 4597 2699 4642; x_wconf 90' lang='lat' dir='ltr'><strong>contra</strong></span> <span class='ocrx_word' id='word_1_792' title='bbox 2730 4589 2858 4644; x_wconf 92' lang='lat' dir='ltr'><strong>nihil</strong></span> <span class='ocrx_word' id='word_1_793' title='bbox 2884 4590 3130 4661; x_wconf 85' lang='lat' dir='ltr'><strong>estquod</strong></span> <span class='ocrx_word' id='word_1_794' title='bbox 3167 4594 3320 4663; x_wconf 77' lang='lat' dir='ltr'><strong>lcga-</strong></span> 
     </span>
    </p>
   </div>
   <div class='ocr_carea' id='block_1_111' title="bbox 1740 4677 3316 4747">
    <p class='ocr_par' dir='ltr' id='par_1_111' title="bbox 1740 4677 3316 4747">
     <span class='ocr_line' id='line_1_111' title="bbox 1740 4677 3316 4747; baseline 0.006 -17"><span class='ocrx_word' id='word_1_795' title='bbox 1740 4678 1829 4742; x_wconf 60' lang='lat' dir='ltr'><strong>tis,</strong></span> <span class='ocrx_word' id='word_1_796' title='bbox 1850 4677 1995 4732; x_wconf 81' lang='lat' dir='ltr'><strong>exire</strong></span> <span class='ocrx_word' id='word_1_797' title='bbox 2015 4677 2326 4747; x_wconf 90' lang='lat' dir='ltr'><strong>dignamini,</strong></span> <span class='ocrx_word' id='word_1_798' title='bbox 2349 4686 2401 4730; x_wconf 92' lang='lat' dir='ltr'><strong>ut</strong></span> <span class='ocrx_word' id='word_1_799' title='bbox 2428 4679 2591 4747; x_wconf 89' lang='lat' dir='ltr'><strong>possit</strong></span> <span class='ocrx_word' id='word_1_800' title='bbox 2624 4681 2776 4747; x_wconf 91' lang='lat' dir='ltr'><strong>plena</strong></span> <span class='ocrx_word' id='word_1_801' title='bbox 2799 4681 2865 4734; x_wconf 92' lang='lat' dir='ltr'><strong>de</strong></span> <span class='ocrx_word' id='word_1_802' title='bbox 2887 4682 3132 4736; x_wconf 89' lang='lat' dir='ltr'><strong>omnibus</strong></span> <span class='ocrx_word' id='word_1_803' title='bbox 3156 4685 3316 4739; x_wconf 88' lang='lat' dir='ltr'><strong>scribi</strong></span> 
     </span>
    </p>
   </div>
   <div class='ocr_carea' id='block_1_112' title="bbox 1738 4770 3313 4839">
    <p class='ocr_par' dir='ltr' id='par_1_112' title="bbox 1738 4770 3313 4839">
     <span class='ocr_line' id='line_1_112' title="bbox 1738 4770 3313 4839; baseline 0.003 -14"><span class='ocrx_word' id='word_1_804' title='bbox 1738 4771 2022 4826; x_wconf 89' lang='lat' dir='ltr'><strong>sententia.</strong></span> <span class='ocrx_word' id='word_1_805' title='bbox 2065 4770 2130 4824; x_wconf 87' lang='lat' dir='ltr'><strong>Et</strong></span> <span class='ocrx_word' id='word_1_806' title='bbox 2175 4771 2408 4839; x_wconf 88' lang='lat' dir='ltr'><strong>utrisque</strong></span> <span class='ocrx_word' id='word_1_807' title='bbox 2449 4771 2794 4837; x_wconf 74' lang='lat' dir='ltr'><strong>exeuntibus,</strong></span> <span class='ocrx_word' id='word_1_808' title='bbox 2825 4774 3141 4826; x_wconf 88' lang='lat' dir='ltr'><strong>sententiam</strong></span> <span class='ocrx_word' id='word_1_809' title='bbox 3182 4777 3313 4830; x_wconf 81' lang='lat' dir='ltr'><strong>scri-</strong></span> 
     </span>
    </p>
   </div>
   <div class='ocr_carea' id='block_1_113' title="bbox 1740 4865 3319 4940">
    <p class='ocr_par' dir='ltr' id='par_1_113' title="bbox 1740 4865 3319 4940">
     <span class='ocr_line' id='line_1_113' title="bbox 1740 4865 3319 4940; baseline 0.001 -19"><span class='ocrx_word' id='word_1_810' title='bbox 1740 4869 1844 4936; x_wconf 90' lang='lat' dir='ltr'><strong>psit</strong></span> <span class='ocrx_word' id='word_1_811' title='bbox 1871 4865 1942 4940; x_wconf 89' lang='lat' dir='ltr'><strong>(b)</strong></span> <span class='ocrx_word' id='word_1_812' title='bbox 1975 4882 2130 4936; x_wconf 89' lang='lat' dir='ltr'><strong>quam</strong></span> <span class='ocrx_word' id='word_1_813' title='bbox 2178 4880 2362 4920; x_wconf 90' lang='lat' dir='ltr'><strong>rursus</strong></span> <span class='ocrx_word' id='word_1_814' title='bbox 2401 4865 2718 4918; x_wconf 86' lang='lat' dir='ltr'><strong>intromissis</strong></span> <span class='ocrx_word' id='word_1_815' title='bbox 2768 4865 3003 4934; x_wconf 91' lang='lat' dir='ltr'><strong>partibus</strong></span> <span class='ocrx_word' id='word_1_816' title='bbox 3045 4867 3319 4936; x_wconf 72' lang='lat' dir='ltr'><strong>recitavit,</strong></span> 
     </span>
    </p>
   </div>
   <div class='ocr_carea' id='block_1_114' title="bbox 1740 4955 3318 5028">
    <p class='ocr_par' dir='ltr' id='par_1_114' title="bbox 1740 4955 3318 5028">
     <span class='ocr_line' id='line_1_114' title="bbox 1740 4955 3318 5028; baseline 0.001 -16"><span class='ocrx_word' id='word_1_817' title='bbox 1740 4975 1842 5028; x_wconf 89' lang='lat' dir='ltr'><strong>qua</strong></span> <span class='ocrx_word' id='word_1_818' title='bbox 1867 4958 2177 5028; x_wconf 77' lang='lat' dir='ltr'><strong>complexus</strong></span> <span class='ocrx_word' id='word_1_819' title='bbox 2215 4965 2296 5010; x_wconf 91' lang='lat' dir='ltr'><strong>est</strong></span> <span class='ocrx_word' id='word_1_820' title='bbox 2332 4956 2508 5008; x_wconf 82' lang='lat' dir='ltr'><strong>omnia</strong></span> <span class='ocrx_word' id='word_1_821' title='bbox 2539 4972 2657 5025; x_wconf 73' lang='lat' dir='ltr'><strong>qum</strong></span> <span class='ocrx_word' id='word_1_822' title='bbox 2686 4955 2750 5008; x_wconf 91' lang='lat' dir='ltr'><strong>de</strong></span> <span class='ocrx_word' id='word_1_823' title='bbox 2795 4955 2992 5024; x_wconf 76' lang='lat' dir='ltr'><strong>prolixa</strong></span> <span class='ocrx_word' id='word_1_824' title='bbox 3023 4958 3179 5012; x_wconf 91' lang='lat' dir='ltr'><strong>trium</strong></span> <span class='ocrx_word' id='word_1_825' title='bbox 3207 4959 3318 5014; x_wconf 90' lang='lat' dir='ltr'><strong>die-</strong></span> 
     </span>
    </p>
   </div>
   <div class='ocr_carea' id='block_1_115' title="bbox 1743 5045 3317 5118">
    <p class='ocr_par' dir='ltr' id='par_1_115' title="bbox 1743 5045 3317 5118">
     <span class='ocr_line' id='line_1_115' title="bbox 1743 5045 3317 5118; baseline 0.001 -15"><span class='ocrx_word' id='word_1_826' title='bbox 1743 5065 1860 5103; x_wconf 89' lang='lat' dir='ltr'><strong>rum</strong></span> <span class='ocrx_word' id='word_1_827' title='bbox 1889 5049 2097 5101; x_wconf 88' lang='lat' dir='ltr'><strong>actioue</strong></span> <span class='ocrx_word' id='word_1_828' title='bbox 2131 5047 2296 5116; x_wconf 89' lang='lat' dir='ltr'><strong>potuit</strong></span> <span class='ocrx_word' id='word_1_829' title='bbox 2323 5047 2609 5099; x_wconf 88' lang='lat' dir='ltr'><strong>recordari.</strong></span> <span class='ocrx_word' id='word_1_830' title='bbox 2640 5045 2694 5098; x_wconf 92' lang='lat' dir='ltr'><strong>ln</strong></span> <span class='ocrx_word' id='word_1_831' title='bbox 2725 5047 2915 5112; x_wconf 89' lang='lat' dir='ltr'><strong>quibus</strong></span> <span class='ocrx_word' id='word_1_832' title='bbox 2941 5048 3180 5118; x_wconf 66' lang='lat' dir='ltr'><strong>quaadam</strong></span> <span class='ocrx_word' id='word_1_833' title='bbox 3214 5065 3317 5104; x_wconf 90' lang='lat' dir='ltr'><strong>non</strong></span> 
     </span>
    </p>
   </div>
   <div class='ocr_carea' id='block_1_116' title="bbox 1743 5139 3322 5208">
    <p class='ocr_par' dir='ltr' id='par_1_116' title="bbox 1743 5139 3322 5208">
     <span class='ocr_line' id='line_1_116' title="bbox 1743 5139 3322 5208; baseline 0 -14"><span class='ocrx_word' id='word_1_834' title='bbox 1743 5156 1808 5194; x_wconf 91' lang='lat' dir='ltr'><strong>eo</strong></span> <span class='ocrx_word' id='word_1_835' title='bbox 1839 5140 2025 5194; x_wconf 80' lang='lat' dir='ltr'><strong>Ordine</strong></span> <span class='ocrx_word' id='word_1_836' title='bbox 2058 5156 2160 5206; x_wconf 91' lang='lat' dir='ltr'><strong>quo</strong></span> <span class='ocrx_word' id='word_1_837' title='bbox 2196 5147 2344 5208; x_wconf 89' lang='lat' dir='ltr'><strong>gesta</strong></span> <span class='ocrx_word' id='word_1_838' title='bbox 2380 5145 2501 5188; x_wconf 92' lang='lat' dir='ltr'><strong>sunt</strong></span> <span class='ocrx_word' id='word_1_839' title='bbox 2543 5139 3010 5205; x_wconf 88' lang='lat' dir='ltr'><strong>commemoravit,</strong></span> <span class='ocrx_word' id='word_1_840' title='bbox 3034 5141 3209 5194; x_wconf 87' lang='lat' dir='ltr'><strong>omnia</strong></span> <span class='ocrx_word' id='word_1_841' title='bbox 3245 5151 3322 5194; x_wconf 82' lang='lat' dir='ltr'><strong>ta-</strong></span> 
     </span>
    </p>
   </div>
   <div class='ocr_carea' id='block_1_117' title="bbox 1744 5227 3320 5297">
    <p class='ocr_par' dir='ltr' id='par_1_117' title="bbox 1744 5227 3320 5297">
     <span class='ocr_line' id='line_1_117' title="bbox 1744 5227 3320 5297; baseline -0.002 -10"><span class='ocrx_word' id='word_1_842' title='bbox 1744 5248 1864 5288; x_wconf 90' lang='lat' dir='ltr'><strong>men</strong></span> <span class='ocrx_word' id='word_1_843' title='bbox 1892 5234 2151 5285; x_wconf 86' lang='lat' dir='ltr'><strong>veraciter</strong></span> <span class='ocrx_word' id='word_1_844' title='bbox 2179 5230 2372 5297; x_wconf 85' lang='lat' dir='ltr'><strong>posuit,</strong></span> <span class='ocrx_word' id='word_1_845' title='bbox 2403 5227 2702 5282; x_wconf 88' lang='lat' dir='ltr'><strong>confutatos</strong></span> <span class='ocrx_word' id='word_1_846' title='bbox 2731 5247 2755 5279; x_wconf 91' lang='lat' dir='ltr'><strong>a</strong></span> <span class='ocrx_word' id='word_1_847' title='bbox 2787 5229 3073 5286; x_wconf 82' lang='lat' dir='ltr'><strong>Catholicis</strong></span> <span class='ocrx_word' id='word_1_848' title='bbox 3103 5232 3320 5286; x_wconf 79' lang='lat' dir='ltr'><strong>Donati-</strong></span> 
     </span>
    </p>
   </div>
   <div class='ocr_carea' id='block_1_118' title="bbox 1743 5321 3319 5392">
    <p class='ocr_par' dir='ltr' id='par_1_118' title="bbox 1743 5321 3319 5392">
     <span class='ocr_line' id='line_1_118' title="bbox 1743 5321 3319 5392; baseline -0.001 -14"><span class='ocrx_word' id='word_1_849' title='bbox 1743 5334 1854 5378; x_wconf 85' lang='lat' dir='ltr'><strong>stas</strong></span> <span class='ocrx_word' id='word_1_850' title='bbox 1878 5324 2115 5378; x_wconf 90' lang='lat' dir='ltr'><strong>omnium</strong></span> <span class='ocrx_word' id='word_1_851' title='bbox 2146 5322 2582 5376; x_wconf 88' lang='lat' dir='ltr'><strong>documentorum</strong></span> <span class='ocrx_word' id='word_1_852' title='bbox 2616 5321 3042 5377; x_wconf 80' lang='lat' dir='ltr'><strong>nmnifestatione</strong></span> <span class='ocrx_word' id='word_1_853' title='bbox 3081 5337 3319 5392; x_wconf 84' lang='lat' dir='ltr'><strong>pronun-</strong></span> 
     </span>
    </p>
   </div>
   <div class='ocr_carea' id='block_1_119' title="bbox 1747 5416 1904 5469">
    <p class='ocr_par' dir='ltr' id='par_1_119' title="bbox 1747 5416 1904 5469">
     <span class='ocr_line' id='line_1_119' title="bbox 1747 5416 1904 5469; baseline -0.006 0"><span class='ocrx_word' id='word_1_854' title='bbox 1747 5416 1904 5469; x_wconf 76' lang='grc' dir='ltr'>ιὶειιιε.</span> 
     </span>
    </p>
   </div>
   <div class='ocr_carea' id='block_1_120' title="bbox 1810 5561 2779 5628">
    <p class='ocr_par' dir='ltr' id='par_1_120' title="bbox 1810 5561 2779 5628">
     <span class='ocr_line' id='line_1_120' title="bbox 1810 5561 2779 5628; baseline -0.007 -12"><span class='ocrx_word' id='word_1_855' title='bbox 1810 5569 1881 5628; x_wconf 75' lang='grc' dir='ltr'><strong>(τι)</strong></span> <span class='ocrx_word' id='word_1_856' title='bbox 1917 5566 2029 5613; x_wconf 83' lang='lat' dir='ltr'><strong>\‘ide</strong></span> <span class='ocrx_word' id='word_1_857' title='bbox 2052 5562 2186 5618; x_wconf 73' lang='lat' dir='ltr'><strong>ia&#39;ra,</strong></span> <span class='ocrx_word' id='word_1_858' title='bbox 2207 5561 2328 5628; x_wconf 71' lang='lat' dir='ltr'><strong>lib._|</strong></span> <span class='ocrx_word' id='word_1_859' title='bbox 2348 5569 2420 5628; x_wconf 76' lang='lat' dir='ltr'><strong>ost</strong></span> <span class='ocrx_word' id='word_1_860' title='bbox 2442 5562 2605 5612; x_wconf 79' lang='lat' dir='ltr'><strong>(:nlla&#39;.</strong></span> <span class='ocrx_word' id='word_1_861' title='bbox 2629 5577 2674 5628; x_wconf 86' lang='grc' dir='ltr'>ιι.</span> <span class='ocrx_word' id='word_1_862' title='bbox 2702 5566 2779 5614; x_wconf 69' lang='grc' dir='ltr'><strong>ῖῖϐ.</strong></span> 
     </span>
    </p>
   </div>
   <div class='ocr_carea' id='block_1_121' title="bbox 1812 5569 2716 5692">
    <p class='ocr_par' dir='ltr' id='par_1_121' title="bbox 1812 5569 2716 5692">
     <span class='ocr_line' id='line_1_121' title="bbox 1812 5569 2715 5628; baseline -0.008 -12"><span class='ocrx_word' id='word_1_863' title='bbox 1812 5569 1859 5628; x_wconf 75' lang='grc' dir='ltr'><strong>(τι</strong></span> <span class='ocrx_word' id='word_1_864' title='bbox 1917 5569 2029 5613; x_wconf 83' lang='lat' dir='ltr'><strong>\‘ide</strong></span> <span class='ocrx_word' id='word_1_865' title='bbox 2052 5569 2186 5618; x_wconf 64' lang='lat' dir='ltr'><strong>i:i&quot;ra,</strong></span> <span class='ocrx_word' id='word_1_866' title='bbox 2208 5569 2287 5609; x_wconf 89' lang='lat' dir='ltr'><strong>lib.</strong></span> <span class='ocrx_word' id='word_1_867' title='bbox 2317 5569 2420 5622; x_wconf 67' lang='lat' dir='ltr'><strong>lost</strong></span> <span class='ocrx_word' id='word_1_868' title='bbox 2442 5569 2605 5612; x_wconf 78' lang='lat' dir='ltr'><strong>(:nlla&#39;.</strong></span> <span class='ocrx_word' id='word_1_869' title='bbox 2629 5577 2674 5610; x_wconf 87' lang='grc' dir='ltr'>ιι.</span> <span class='ocrx_word' id='word_1_870' title='bbox 2702 5569 2715 5609; x_wconf 76' lang='grc' dir='ltr'><em>Ξ</em></span> 
     </span>
     <span class='ocr_line' id='line_1_122' title="bbox 1812 5569 2716 5692; baseline -0.019 -14"><span class='ocrx_word' id='word_1_871' title='bbox 1812 5569 1881 5692; x_wconf 61' lang='grc' dir='ltr'><strong>(1ιέ</strong></span> <span class='ocrx_word' id='word_1_872' title='bbox 1915 5633 2068 5675; x_wconf 69' lang='lat' dir='ltr'><strong>Exstat</strong></span> <span class='ocrx_word' id='word_1_873' title='bbox 2096 5624 2402 5672; x_wconf 73' lang='lat' dir='ltr'><strong>sententiain</strong></span> <span class='ocrx_word' id='word_1_874' title='bbox 2430 5633 2477 5686; x_wconf 80' lang='grc' dir='ltr'>Αι</span> <span class='ocrx_word' id='word_1_875' title='bbox 2496 5626 2716 5686; x_wconf 39' lang='lat' dir='ltr'><strong>pomum.“</strong></span> 
     </span>
    </p>
   </div>
   <div class='ocr_carea' id='block_1_122' title="bbox 2716 5791 3166 5882">
    <p class='ocr_par' dir='ltr' id='par_1_122' title="bbox 2716 5791 3166 5882">
     <span class='ocr_line' id='line_1_123' title="bbox 2716 5791 3166 5882; baseline 0.002 -30"><span class='ocrx_word' id='word_1_876' title='bbox 2716 5811 2735 5872; x_wconf 84' lang='lat'><em>(</em></span> <span class='ocrx_word' id='word_1_877' title='bbox 2766 5791 3166 5882; x_wconf 61' lang='lat' dir='ltr'><strong>ﬁngi-pne.)</strong></span> 
     </span>
    </p>
   </div>
  </div>
