3778 6140
17 272 120 328 653

17 400 109 438 suo
133 380 439 438 dicendum
466 377 605 449 apud
640 386 754 430 acta
786 371 1056 428 mandavit
1088 387 1101 425 :
1132 368 1408 446 Indignam
1452 374 1521 419 est
1565 373 1619 417 ut

17 474 66 527 in
96 489 260 527 unum
292 469 598 525 conveniant
625 467 722 537 ﬁlii
764 473 1041 535 martyrum
1070 468 1115 513 et
1157 456 1416 529 progenies
1457 453 1619 507 tradi-

17 575 203 619 tarum.
270 562 420 616 Ecce
462 558 809 614 convenimus
862 555 914 607 in
946 566 1142 613 unum;
1190 548 1315 617 quid
1383 545 1448 599 ad
1517 541 1617 597 ista

18 653 407 724 respondent?
451 650 507 703 Si
556 649 771 710 dicunt,
821 644 935 721 Non
981 653 1062 696 est
1111 639 1426 708 indignum:
1457 647 1621 724 quare

17 723 227 801 mentiti
254 753 390 797 sunt
414 784 428 808 ,
458 738 671 811 quando
700 737 969 806 indignum
995 746 1117 787 esse
1147 727 1429 784 dixerunt?
1456 724 1514 780 Si
1540 723 1621 778 di-

24 847 165 903 cunt,
220 833 513 905 Indignum
541 838 626 885 est
657 844 672 882 :
702 827 841 898 quod
871 824 1144 894 indignum
1171 830 1252 876 est
1287 832 1451 889 quare
1478 818 1616 870 fece-

18 925 184 982 runt?
214 924 352 982 Uno
381 922 540 979 modo
582 937 640 975 se
669 925 920 990 poterunt
963 929 1237 976 asserere,
1286 909 1428 982 quod
1481 906 1620 963 indi-

32 1033 178 1081 gnum
211 1025 304 1071 est
339 1031 446 1070 non
480 1013 668 1068 fecisse
691 1052 705 1072 .
739 1019 790 1065 et
823 1009 874 1063 iu
902 1008 1007 1062 illis
1030 1004 1281 1061 Primiani
1312 1002 1488 1057 verbis
1510 1014 1614 1055 non

30 1108 181 1161 'nisse
210 1105 513 1167 mentitos,
545 1102 587 1158 si
610 1101 809 1163 dicant,
841 1097 1114 1168 Indignum
1145 1093 1460 1163 estquidem
1483 1101 1539 1145 ut
1566 1090 1620 1146 in

24 1213 183 1251 unum
209 1195 547 1250 conveniant
574 1191 665 1245 filii
690 1200 978 1260 martyrum
1006 1196 1061 1242 et
1092 1184 1371 1255 progenies
1399 1181 1623 1236 tradito-

24 1303 170 1349 rum,
202 1285 307 1340 sed
361 1298 461 1339 nos
489 1282 609 1337 ideo
649 1280 923 1333 vobiscum
964 1277 1016 1331 iu
1064 1291 1224 1329 unum
1253 1273 1618 1335 convenimus,

27 1379 139 1448 quia
168 1375 533 1447 cognovimus
559 1389 654 1426 vos
676 1386 779 1426 non
812 1384 931 1424 esse
958 1369 1262 1438 progeniem
1285 1363 1619 1419 traditorum.

24 1466 169 1533 Quod
187 1465 236 1520 si
257 1465 337 1519 ita
356 1472 458 1524 est,
482 1476 646 1533 quare
667 1460 817 1514 nobis
834 1458 945 1528 jam
961 1456 1340 1512 convenientes
1355 1454 1406 1508 in
1431 1467 1617 1517 unum,

29 1556 168 1626 ipsas
212 1555 523 1609 calumnias
553 1550 867 1619 objeccrunt
890 1590 904 1614 ,
952 1547 1054 1602 nisi
1087 1546 1225 1601 forte
1255 1554 1310 1599 ut
1336 1542 1496 1597 etiam
1525 1555 1621 1596 nos

28 1656 116 1703 eos
139 1658 604 1719 cognosceremus
629 1657 755 1720 (non
807 1655 928 1696 esse
954 1638 1092 1693 ﬁlios
1118 1646 1407 1709 martyrum
1431 1634 1455 1687 ?
1482 1631 1622 1687 Mar-

30 1745 169 1808 tyres
215 1735 373 1791 enim
424 1742 589 1789 testes
632 1731 913 1793 dicuntur;
969 1736 1132 1783 testes
1179 1734 1355 1780 autem
1403 1721 1620 1788 Christi,

30 1813 137 1884 veri
166 1837 345 1884 testes
374 1836 519 1881 sunt.
564 1825 653 1880 Isti
684 1834 859 1879 autem
890 1820 1012 1877 falsi
1042 1829 1206 1876 testes
1235 1818 1434 1873 inventi
1461 1825 1621 1884 sunt,

32 1917 114 1988 qui
159 1916 476 1971 traditionis
515 1914 736 1970 crimina
768 1921 822 1968 et
850 1912 1021 1966 aliena
1054 1909 1173 1964 aliis
1203 1907 1536 1979 obiecerunt,
1565 1916 1619 1960 et

32 2023 125 2063 nec
146 2009 266 2078 ipsa
300 2008 535 2078 probare
562 2012 865 2076 potuerunt.

96 2098 332 2156 CAPUT
362 2099 526 2154 Il.—
561 2097 616 2151 2.
668 2096 806 2165 Quid
852 2094 1027 2150 adhuc
1077 2092 1347 2149 attenditis
1392 2091 1624 2146 humana

36 2192 313 2246 mendacia
334 2234 350 2261 ,
375 2199 432 2246 et
457 2190 633 2244 divina
671 2187 972 2244 testimonia
1000 2201 1105 2241 non
1154 2182 1465 2239 attenditis?
1489 2182 1624 2251 Quid

35 2281 203 2336 adhuc
224 2282 391 2336 victis
422 2280 724 2335 hominibus
744 2276 980 2341 creditis,
1012 2286 1066 2332 et
1097 2274 1306 2329 veritati
1338 2289 1455 2344 qua:
1485 2289 1625 2327 nun~

39 2388 185 2441 quam
215 2381 302 2428 est
329 2372 467 2427 victa
496 2385 600 2424 non
630 2369 885 2424 creditis?
919 2367 1126 2422 Veritas
1152 2366 1292 2420 enim
1325 2365 1416 2419 Dei
1443 2406 1456 2429 ,
1486 2363 1631 2419 sicut

40 2461 86 2514 in
110 2462 221 2531 ipsa
253 2461 424 2517 etiam
453 2460 752 2516 Collatione
782 2457 1125 2528 probavimus
1147 2497 1162 2523 ,
1190 2455 1458 2526 perbibu't
1483 2455 1631 2508 testi-

44 2555 271 2609 monium
284 2553 548 2608 Ecclesiae
570 2567 679 2606 sua:
698 2566 793 2620 per
810 2549 972 2604 multa
993 2548 1308 2604 documenta
1325 2546 1628 2615 Scriptum-

43 2661 150 2699 rum
163 2654 602 2711 sanctarum,per
619 2641 953 2712 prepheticas
975 2648 1028 2694 et
1038 2654 1129 2693 eva
1138 2638 1368 2707 ngelicas
1381 2636 1628 2690 Litteras:

48 2748 96 2790 et
116 2737 264 2792 locus
280 2736 594 2806 designatus
609 2742 690 2788 est
711 2731 851 2786 unde
877 2729 1074 2785 ChriSti
1098 2728 1334 2783 Ecclesia
1358 2725 1531 2780 fuerat
1549 2725 1632 2778 in-

48 2834 278 2895 ceptum
308 2843 324 2890 ;
350 2834 405 2880 et
426 2824 559 2878 fines
587 2833 763 2888 terra‘,
783 2835 887 2889 quo
909 2835 1074 2888 usque
1097 2818 1265 2872 fuerat
1294 2823 1630 2886 perventura.

51 2914 144 2969 i‘cr
159 2929 352 2971 omnes
364 2922 553 2984 gentes
574 2911 798 2965 futuram
814 2908 1102 2964 Ecclesiam
1125 2904 1535 2960 suamDominus
1555 2902 1637 2957 di-

53 3005 135 3067 cit,
157 3005 502 3075 incipientem
525 3003 591 3057 ab
628 3001 921 3057 Jerusalem
946 2997 1097 3069 (Luc.
1129 3011 1272 3062 χειν,
1301 2996 1414 3065 47).
1445 2993 1631 3048 Divina

56 3094 204 3151 tertio
248 3096 527 3161 recitatur,
577 3089 1027 3162 quemadmodum
1078 3087 1300 3156 cmperit
1327 3086 1394 3140 ab
1418 3084 1635 3139 Jerusa-

57 3178 150 3242 lem
168 3230 184 3253 ,
212 3188 301 3243 tibi
332 3188 562 3259 primum
590 3183 925 3254 congregatis
954 3181 1195 3235 fidelibus
1232 3178 1425 3233 missus
1451 3185 1532 3231 cst
1569 3174 1637 3230 de

63 3282 190 3334 caelo
233 3280 469 3350 Spiritus
501 3286 715 3332 sanctus
756 3274 889 3346 (Act.
922 3271 1005 3339 ιι).
1039 3270 1240 3324 Divinze
1268 3269 1524 3322 lectiones
1549 3280 1637 3321 re-

62 3371 304 3437 citantur,
349 3365 798 3440 quemadmodum
824 3380 883 3418 se
922 3363 989 3417 ab
1013 3360 1305 3417 Jerusalem
1343 3374 1437 3427 per
1467 3358 1638 3411 vicina

64 3470 112 3514 et
132 3462 420 3533 longinqua
451 3457 743 3514 diffuderit.
779 3455 1039 3522 Expressa
1076 3460 1199 3505 sunt
1238 3448 1450 3503 nomina
1497 3446 1642 3499 Ioco-

65 3567 193 3615 rum,
226 3550 568 3607 manifestata
599 3555 723 3601 sunt
754 3545 967 3598 nomina
1011 3541 1322 3604 civitatum,
1356 3537 1407 3591 in
1447 3535 1642 3605 quibus

66 3642 288 3698 Ecclesia
326 3638 533 3697 Christi
571 3636 865 3707 apostolico
914 3633 1094 3686 labore
1136 3628 1350 3684 fundata
1377 3634 1480 3681 est.
1513 3625 1642 3692 Quae

67 3730 172 3787 loca
198 3742 255 3789 et
281 3732 530 3788 civitates
551 3728 709 3783 etiam
732 3723 1000 3793 Epistolas
1020 3721 1086 3775 ab
1108 3716 1376 3789 Apostolis
1402 3715 1644 3784 accipere

70 3830 374 3878 meruerunt
404 3838 418 3874 :
445 3832 579 3891 quas
612 3815 875 3887 Epistolas
904 3823 958 3867 et
991 3812 1090 3882 ipsi
1123 3811 1175 3864 in
1207 3808 1399 3863 vestris
1425 3819 1646 3874 congre-

75 3914 370 3981 gationibus
391 3913 600 3981 legunt,
630 3916 685 3963 et
710 3915 884 3960 tamen
913 3918 1017 3958 non
1037 3900 1431 3957 communicant
1460 3911 1644 3952 eorum

77 4002 301 4060 locorum
352 4012 408 4059 et
445 4001 719 4056 civitatum
766 3994 1042 4056 Ecclesiis,
1067 4006 1188 4062 qua:
1216 3991 1358 4059 ipsas
1382 3986 1648 4057 Epistolas

77 4095 304 4163 accipere
325 4097 637 4149 meruerunt
661 4127 677 4151 ,
722 4086 1033 4156 objicientes
1075 4081 1154 4136 eis
1193 4077 1374 4134 nescio
1401 4092 1521 4147 qua:
1544 4076 1649 4131 cri-

76 4182 206 4238 mina
233 4184 523 4245 Afrorum,
569 4176 710 4248 quod
757 4188 946 4231 eorum
992 4168 1308 4239 contagione
1358 4165 1646 4236 perierint;

78 4286 184 4328 cum
212 4275 316 4345 ipsi
345 4270 586 4328 dixerint
611 4270 665 4323 in
687 4266 788 4320 bac
817 4265 931 4334 ipsa
953 4259 1269 4323 Collatione,
1303 4271 1462 4327 quam
1488 4253 1650 4308 modo

78 4356 371 4437 Carthagini
409 4361 692 4418 habuimus
713 4399 728 4423 ,
757 4355 893 4428 quod
918 4370 1008 4408 nec
1027 4364 1387 4410 causacausa,
1416 4361 1506 4401 nec
1533 4361 1651 4415 per-

79 4468 203 4509 tome
233 4470 452 4526 persona
476 4450 770 4525 prejudice!
800 4445 1006 4518 (Collat.
1037 4445 1091 4509 5,
1117 4458 1232 4513 cap.
1268 4438 1418 4509 572).

141 4543 364 4605 CAPUT
384 4545 551 4601 Ill—
572 4543 624 4596 5.
651 4540 801 4595 Tunc
825 4546 1004 4593 autem
1023 4534 1125 4589 hoc
1149 4533 1417 4596 dixerunt,
1442 4528 1653 4600 quando

81 4634 149 4689 eis
174 4635 406 4693 diximus
426 4652 440 4687 :
458 4631 761 4689 Concilium
783 4627 922 4699 quod
949 4633 1135 4681 contra
1164 4622 1500 4678 Cmcilianum
1531 4635 1654 4689 pro-

85 4722 216 4781 fertis
237 4770 249 4792 ,
274 4727 356 4783 sic
380 4739 490 4780 non
520 4722 675 4778 obest
699 4718 904 4774 absenti
943 4716 1228 4771 Cmciliano
1249 4756 1262 4776 ,
1309 4711 1655 4783 quemadmo-

88 4812 195 4869 dum
219 4815 506 4873 concilium
530 4811 672 4882 quod
705 4811 756 4863 in
783 4823 940 4863 causa
968 4805 1268 4860 Maximiani
1315 4802 1509 4858 factum
1536 4810 1617 4854 est
1637 4842 1651 4861 .

92 4903 163 4957 ubi
187 4906 472 4961 damnatus
498 4910 583 4957 est
608 4898 928 4960 Primianus,
960 4910 1064 4948 non
1104 4893 1259 4947 obest
1300 4892 1504 4945 absenti
1542 4889 1657 4943 Pri-

95 4996 271 5055 miano.
318 4995 669 5053 Proluit-runt
708 4990 849 5047 enim
899 4988 969 5042 ibi
1027 4986 1362 5055 septuaginta
1414 4991 1465 5036 ct
1515 4981 1655 5050 quod

93 5088 308 5142 excurrit
334 5085 618 5156 episcopos
643 5124 658 5146 ,
688 5079 779 5150 qui
823 5078 1095 5132 absentem
1125 5073 1509 5128 damnaverunt
1541 5069 1658 5124 Cm-

94 5172 321 5232 cilianum
357 5177 399 5243 ¹,
428 5189 550 5230 cum
582 5170 713 5242 prof.
733 5176 917 5224 rantur
939 5168 1052 5236 plus
1081 5165 1255 5218 minus
1276 5163 1517 5216 centum'
1549 5160 1661 5229 epi-

149 5372 164 5437 ξ
195 5380 296 5426 Mss.
336 5373 612 5437 Belgici_et
634 5366 1085 5437 Gallimninomnes
1121 5357 1665 5437 ιιιιὶιᾳιιιημζζοιιιζξιίιιιιε

97 5432 206 5495 olim
224 5425 304 5488 ubi
325 5425 645 5495 septimanae.
666 5435 711 5479 et
732 5426 1001 5495 (νιος-(νει,
1026 5425 1159 5495 quot)
1175 5486 1185 5495 _
1195 5425 1431 5495 excurrit,
1448 5425 1665 5495 episcopi

97 5480 310 5548 item};
325 5480 685 5547 Basiliam
721 5480 1050 5539 (‘trcilianuinl
1072 5493 1127 5548 tgt
1142 5480 1212 5548 sit
1233 5494 1424 5548 sensus,
1448 5480 1665 5548 ι’ὲρωιέὶ·

100 5544 558 5614 ruatconciliumain
578 5565 677 5616 quo
698 5549 1004 5616 septuaginta
1027 5545 1104 5596 vel
1138 5546 1301 5608 plures
1333 5544 1542 5606 episcOpi
1578 5544 1664 5592 ab-

101 5626 269 5672 sentem
305 5610 659 5670 dztmiiaveru'tit
677 5610 992 5659 (itccilianum.
1400 5618 1401 5621 ‘

154 5680 171 5708 ¹
201 5667 444 5741 ἠοίἰιὶξιιὸιι
469 5676 628 5729 plinas
643 5677 850 5723 centum.
867 5680 1045 5718 omnes
1063 5677 1225 5718 tamen
1247 5667 1488 5734 \tss.,pl1:s
1514 5672 1668 5725 minus

502 264 595 319 AD
636 258 1055 318 DONATISTAS
1091 254 1257 313 POST
1295 251 1792 314 COLLATiONEZM,
1839 252 1894 308 S.
1938 251 2306 309 Αυςυετιςι
2354 250 2558 308 LIBER
2598 253 2797 310 UNUS.

3185 257 3292 314 651

1726 364 1872 433 scopi
1902 364 2065 433 partis
2090 364 2345 435 ipsorum,
2368 365 2454 434 qui
2476 363 2857 419 damnaverant
2883 370 3157 421 absentem
3182 366 3296 421 Pri.

1729 454 1980 507 mianum.
2003 454 2133 521 Quia
2156 470 2282 524 ergo
2302 455 2530 509 diximus
2554 456 2652 521 eis,
2685 455 2762 510 sic
2782 455 2907 510 illud
2961 471 3066 510 non
3110 456 3300 511 obesse

1727 542 2031 607 Caeciliano,
2073 544 2516 614 quemadmodum
2549 546 2647 600 hoc
2678 562 2780 600 non
2821 548 2975 601 obest
3002 547 3303 613 Primiano,

1727 634 1976 705 quoniam
2003 642 2187 688 contra
2214 634 2463 690 absentes
2506 634 2639 690 facta
2678 646 2800 690 sunt
2838 636 2999 692 ambo
3042 638 3299 704 concilia;

1725 724 1980 778 continuo
2008 739 2111 778 non
2142 724 2473 779 invenientes
2501 740 2618 796 qua:
2656 725 3060 795 responderent,
3087 737 3141 781 et
3165 727 3294 782 hor-

1726 814 1908 869 ribiles
1932 815 2200 886 angustias
2224 814 2394 884 passi,
2426 815 2716 882 dixerunt,
2748 816 2857 870 Nec
2885 833 3089 871 causam
3112 833 3299 881 causa,

1728 919 1817 957 nec
1864 921 2129 975 personam
2178 904 2514 975 prwjudicare
2561 922 2788 976 persona:
2817 924 2836 961 :
2882 906 3021 976 quod
3050 906 3304 964 adversus

1727 1009 1915 1050 omnes
1943 993 2201 1049 lmmanas
2221 995 2516 1050 ealumnias
2553 996 2603 1049 in
2629 1012 2720 1052 ore
2743 977 2898 1052 habet
2920 996 3177 1052 catholica
3206 999 3307 1052 Ec-

1726 1083 1889 1139 clesia
1910 1128 1924 1152 ,
1955 1101 2094 1141 nunc
2133 1094 2310 1141 autem
2346 1086 2516 1141 multo
2544 1086 2727 1143 fortius
2754 1090 3024 1159 multoque
3067 1090 3306 1154 liberius,

1727 1177 1940 1248 quando
1968 1177 2017 1232 id
2049 1177 2189 1249 quod
2236 1193 2448 1248 semper
2476 1179 2670 1234 veritas
2716 1180 2901 1245 tenuit,
2933 1180 3092 1234 etiam
3125 1178 3306 1234 inimi-

1726 1283 1909 1343 corum
1945 1268 2211 1324 confessio
2237 1269 2595 1324 confirmavit.
2618 1270 2746 1338 Quis
2775 1285 2900 1340 ergo
2933 1271 3046 1324 sine
3093 1270 3306 1325 tristitia

1727 1358 1961 1429 perferat
1984 1360 2174 1430 gravi?
2202 1359 2334 1428 Quis
2361 1361 2614 1430 gemitum
2657 1359 2942 1415 cohibeat?
2962 1359 3092 1426 Quis
3123 1376 3228 1415 non
3254 1361 3308 1414 in

1729 1442 1988 1520 lacrymas
2017 1458 2069 1504 et
2096 1450 2147 1504 in
2177 1465 2363 1504 vocem
2385 1450 2588 1505 doloris
2612 1459 2875 1519 erumpat,
2905 1450 2991 1520 qui
3022 1450 3124 1504 hoc
3152 1449 3309 1519 digne

1727 1537 2182 1594 consideraverit?
2210 1538 2347 1593 Ecce
2393 1546 2452 1592 ut
2492 1538 2559 1592 ab
2597 1538 2864 1609 episcopis
2910 1539 3073 1608 partis
3119 1539 3309 1593 Donati

1726 1627 2008 1683 damnatus
2048 1628 2345 1683 Primianus
2397 1643 2503 1682 non
2556 1629 2760 1682 amittat
2808 1629 3193 1698 episcopatum,
3225 1637 3316 1682 aut

1727 1726 1786 1773 ut
1828 1719 2125 1774 Primianus
2169 1718 2449 1774 damnatus
2493 1733 2597 1772 non
2647 1719 2902 1789 inquietet
2950 1726 3153 1788 partem
3201 1719 3307 1772 D0-

1729 1811 1866 1874 nati,
1899 1825 1998 1867 nec
2025 1797 2198 1865 eausa:
2227 1825 2406 1876 causa,
2455 1825 2554 1865 11cc
2599 1825 2838 1881 personzr
2867 1823 3089 1879 persona
3118 1809 3317 1879 prmiu-

1727 1900 1870 1956 dicat
1894 1918 1907 1954 :
1933 1910 1990 1954 ut
2031 1909 2206 1954 autem
2235 1898 2549 1954 Cmcilianus
2569 1941 2583 1966 ,
2611 1914 2768 1969 quem
2811 1899 3083 1954 absentem
3111 1898 3310 1954 inimici

1728 1990 1971 2045 similiter
1995 1989 2401 2053 damnaverunt,
2435 2003 2541 2045 non
2585 1989 2868 2059 deputetur
2905 1989 3211 2058 episcopus,
3260 1998 3315 2044 et

1728 2082 2054 2137 contaminet
2067 2095 2255 2135 omnes
2269 2080 2585 2135 cbristianas
2599 2088 2781 2150 gentes
2793 2094 2959 2150 usque
2970 2079 3034 2132 ad
3053 2080 3312 2133 terminos

1731 2182 1907 2237 terrm,
1926 2181 1978 2227 et
1996 2185 2171 2226 causa:
2185 2164 2365 2237 causa,
2381 2177 2435 2225 et
2458 2184 2697 2240 personis
2720 2184 2942 2240 persona
2961 2169 3291 2239 prmjudicat.

1799 2263 2026 2319 CAPUT
2047 2262 2135 2317 IV.
2154 2293 2223 2302 -—
2242 2263 2294 2317 4.
2317 2261 2422 2318 Sed
2440 2276 2569 2317 voce
2598 2261 2614 2294 ί
2644 2262 2809 2332 ipsius
2837 2262 3054 2316 unitatis
3082 2261 3318 2316 clament

1733 2354 1987 2409 Ecclesia:
2015 2351 2197 2419 I‘onti,
2232 2351 2518 2423 Bithynize,
2548 2352 2689 2407 Asia:
2708 2392 2723 2418 ,
2767 2351 3133 2421 Cappadociae,
3158 2359 3319 2406 caete-

1732 2460 2016 2515 rarumque
2047 2442 2384 2498 orientalium
2419 2442 2717 2512 regionum,
2748 2441 2814 2496 ad
2855 2455 2988 2511 quas
3014 2439 3199 2495 beatus
3219 2439 3320 2496 Pe~

1736 2545 1847 2589 trus
1889 2533 2165 2604 apostolus
2189 2532 2375 2587 scribit
2415 2532 2457 2602 (I
2485 2530 2632 2586 Petr.
2662 2546 2698 2598 1,
2734 2532 2790 2601 ί)
2825 2549 2839 2585 :
2870 2530 2914 2586 Ο
2945 2546 3066 2601 pars
3099 2531 3318 2596 Donati,

1734 2641 1840 2681 non
1870 2625 2121 2680 novimus
2156 2623 2281 2693 quid
2308 2623 2531 2690 dicatis;
2565 2639 2729 2694 quare
2758 2624 2911 2678 nobis
2943 2638 3048 2679 non
3079 2638 3322 2679 commu-

1736 2718 1962 2772 nicatis?
1989 2717 2044 2771 Si
2073 2715 2389 2772 Caecilianus
2428 2716 2549 2771 mali
2572 2715 2767 2786 aliquid
2817 2715 2961 2783 fecit,
2991 2716 3131 2786 quod
3164 2717 3318 2772 nobis

1737 2825 1841 2864 non
1873 2808 2150 2879 probatum
2180 2816 2263 2864 est
2288 2822 2386 2861 nec
2417 2807 2862 2873 demonstratum,
2916 2817 3090 2863 tamen
3117 2809 3161 2863 si
3189 2809 3315 2863 mali

1735 2902 1932 2972 aliquid
1952 2901 2094 2967 fecit,
2113 2914 2277 2971 quare
2297 2898 2449 2955 nobis
2471 2899 2805 2970 prmjndicat?
2822 2899 2875 2955 Si
2895 2915 2991 2955 nos
3008 2900 3191 2957 audire
3212 2916 3319 2955 non

1737 2992 1915 3058 vultis,
1939 3006 2033 3046 vos
2062 2991 2205 3061 ipsos
2228 2989 2407 3045 audite
2427 2989 2687 3057 dicentes,
2716 2988 2824 3044 Nec
2850 3006 3018 3044 causa:
3040 3007 3213 3057 causa,
3233 3009 3326 3046 1m:

1739 3097 1966 3155 personae
2004 3096 2218 3151 persona
2266 3080 2588 3152 prwjudical.
2632 3081 2715 3134 A11
2752 3095 2919 3150 usque
2966 3080 3102 3136 adeo
3146 3080 3321 3152 potest

1741 3185 1914 3228 veStra
1968 3172 2327 3242 perversitas,
2384 3181 2441 3226 ut
2480 3171 2597 3226 hare
2627 3171 2786 3227 verba
2820 3172 3032 3226 valeant
3068 3189 3135 3227 ne
3176 3173 3327 3228 vobis

1743 3263 2049 3333 praejudicet
2079 3262 2377 3317 Primianus
2398 3304 2412 3328 ,
2441 3270 2495 3317 et
2522 3262 2640 3317 haec
2684 3263 2843 3318 verba
2876 3277 2981 3316 non
3027 3262 3239 3318 valeant
3268 3274 3327 3317 ut

1743 3353 1895 3408 nobis
1944 3349 3092 3422 pnejudicetCmcilianus?Clamentctiam
3142 3351 3330 3406 simili-

1744 3452 1827 3497 ter
1871 3441 2122 3497 Ecclesia:
2161 3440 2446 3496 orientales
2470 3447 2674 3509 septem
2708 3440 2774 3495 ad
2803 3455 2933 3509 quas
2962 3440 3146 3495 scribit
3195 3456 3328 3510 apo-

1706 3599 1709 3601 ,
1743 3533 1913 3587 stolus
1940 3533 2201 3598 Joannes,
2233 3531 2465 3602 Ephesi,
2494 3531 2758 3603 Smyrnm,
2778 3531 3045 3603 Thyatira:
3066 3574 3079 3597 ,
3121 3531 3326 3600 Sardis,

1745 3622 2146 3692 Pbiladelpliize,
2171 3621 2455 3687 Laodiciaa,
2481 3621 2720 3691 Pergami
2747 3621 2929 3692 (Apoc.
2961 3637 2999 3687 1,
3035 3623 3144 3694 II),
3175 3633 3228 3678 ct
3250 3614 3333 3678 di-

1747 3722 1869 3767 cant
1901 3731 1923 3767 ε.
1945 3712 2079 3779 Quid
2107 3712 2260 3768 vobis
2291 3711 2533 3776 fecimus,
2567 3712 2781 3774 fratres,
2814 3713 2903 3782 qui
2934 3714 3106 3782 potius
3140 3714 3329 3770 Donati

1748 3818 1904 3873 quam
1938 3812 2131 3857 nostra:
2157 3802 2551 3858 communionis
2568 3817 2687 3858 esse
2704 3803 2983 3858 voluistis?
3006 3805 3060 3860 Si
3086 3802 3294 3860 Caecilia
3307 3835 3335 3847 «-

1751 3890 1851 3946 itus
1878 3892 2151 3962 peccavit,
2177 3892 2418 3963 quamvis
2442 3900 2496 3947 et
2525 3892 2691 3962 ipsius
2715 3893 2917 3948 crimen
2952 3909 3058 3947 non
3087 3895 3334 3964 potuistis

1751 3982 2069 4050 ostendere,
2113 3983 2235 4052 quia
2278 3982 2416 4037 sicut
2458 3982 2759 4038 Primianus
2789 3992 2985 4049 vester,
3017 3985 3094 4040 sic
3141 3987 3337 4042 absens

1752 4073 1910 4128 etiam
1939 4074 2039 4128 iste
2064 4072 2346 4128 damnatus
2374 4081 2459 4127 est
2493 4089 2506 4124 :
2539 4080 2903 4127 verumtamen
2936 4075 3336 4145 qualiscumque
3428 4100 3439 4151 ς

1756 4163 1843 4217 ille
1878 4163 2035 4217 fuerit
2054 4205 2069 4227 ,
2100 4177 2198 4216 nos
2222 4162 2373 4216 vobis
2413 4161 2539 4230 quid
2572 4162 2833 4216 fecimus?
2857 4163 3031 4231 Quare
3060 4163 3336 4220 christiani

1754 4269 1876 4307 cum
1924 4253 2227 4307 christiauis
2266 4266 2449 4321 pacem
2481 4251 2677 4308 habere
2709 4269 2811 4306 non
2842 4254 3041 4308 vultis?
3065 4255 3240 4322 Quare
3280 4257 3333 4312 in

1757 4344 1911 4398 nobis
1938 4343 2238 4396 communia
2279 4342 2620 4397 Sacramenta
2662 4344 3001 4400 rescinditis?
3020 4346 3154 4414 Quid
3184 4349 3337 4403 vobis

1759 4433 2019 4490 fecimus?
2047 4435 2222 4500 Quare
2250 4433 2503 4488 Primiani
2532 4449 2689 4488 causa
2724 4451 2827 4490 non
2860 4436 3172 4506 prcejudieat
3202 4440 3336 4508 parti

1763 4525 1969 4593 Donati,
1991 4526 2089 4579 nisi
2119 4524 2241 4595 quia
2271 4540 2454 4579 verum
2484 4534 2566 4579 est
2593 4527 2732 4596 quod
2763 4526 2993 4592 dixistis,
3028 4527 3137 4582 Nec
3172 4545 3341 4583 causa!

1757 4634 1930 4681 causa,
1962 4632 2051 4670 nec
2096 4631 2325 4685 persona:
2349 4632 2565 4686 persona
2606 4617 2955 4687 prtejudicat?
2994 4617 3168 4684 Quare
3213 4634 3341 4690 ergo

1759 4723 1919 4764 causa
1943 4706 2214 4763 Cicciliani
2241 4703 2552 4775 prmjudicat
2577 4705 2874 4762 Imreditati
2900 4707 3120 4774 Christi,
3156 4708 3205 4761 in
3236 4725 3337 4779 qua

1761 4814 1948 4855 sumus
1994 4798 2367 4867 Apostolorum
2399 4796 2583 4853 labore
2626 4798 2887 4868 plantati?
2917 4798 2996 4852 Ad
3029 4814 3186 4855 unam
3214 4816 3337 4857 nos-

1764 4900 1902 4945 trum
1950 4888 2134 4943 scribit
2161 4888 2437 4957 apostolus
2470 4887 2727 4954 Joannes,
2770 4888 2911 4958 quod
2946 4889 3140 4944 haheat
3179 4899 3346 4962 pauca

1765 4980 1976 5035 nomina
2005 4977 2056 5032 in
2081 4977 2287 5040 Sardis,
2314 4993 2499 5032 eorum
2532 4978 2622 5048 qui
2645 4994 2749 5032 non
2777 4979 3194 5049 inquinaverunt
3221 4998 3345 5039 ves-

1767 5072 1981 5125 timenta
2028 5085 2122 5124 sua
2168 5068 2303 5140 (Id.
2330 5085 2408 5135 111,
2430 5066 2538 5141 ‘4);
2592 5085 2691 5124 nec
2719 5078 2895 5125 tamen
2924 5072 2991 5128 ab
3034 5074 3113 5128 eis
3156 5076 3243 5146 qui
3293 5077 3345 5132 in

1758 5160 1876 5229 ipsa
1927 5159 2159 5213 Ecclesia
2202 5159 2458 5213 immundi
2504 5160 2752 5226 fuerunt,
2804 5160 3013 5216 illorum
3061 5179 3347 5234 paucorum

1768 5251 2084 5304 vestimenta
2136 5249 2331 5318 polluta
2374 5257 2497 5304 sunt
2527 5267 2540 5303 :
2570 5251 2821 5321 quoniam
2854 5267 3037 5308 verum
3086 5257 3348 5326 estquod

1767 5340 1995 5402 dixistis,
2029 5354 2129 5394 nec
2174 5353 2386 5393 causam
2417 5354 2610 5405 causze,
2644 5355 2742 5396 nec
2772 5355 3057 5411 personam
3103 5345 3349 5415 prmjudi-

1769 5445 1892 5487 care
1920 5445 2179 5497 personre.
2204 5429 2482 5495 Quomodo
2507 5445 2634 5503 ergo
2664 5441 2836 5503 potest
2861 5448 3021 5489 causa
3043 5443 3098 5490 et
3119 5448 3347 5505 persona

1749 5546 1974 5612 rentum.
1992 5542 2087 5612 Δ(ξιιὶ
2113 5537 2307 5591 lectioni
2337 5541 2537 5593 similior
2560 5551 2637 5597 est
2664 5543 2835 5610 altera,
2859 5560 2908 5598 ιι.
2928 5546 3008 5610 52,
3044 5546 3124 5596 ubi
3148 5544 3349 5612 legitur,

1774 5609 1958 5653 rentum
1981 5604 2146 5662 ferme.

1847 5670 1857 5696 ι
1896 5674 1941 5713 tu
1969 5674 2092 5727 .\:ss.,
2116 5662 2159 5714 si
2182 5675 2306 5714 tore.
