3778 6132
450 291 552 345 656

449 401 716 460 Czeciliaui
763 397 1104 469 prtejudirare
1133 395 1284 449 nobis
1305 399 1328 446 't
1355 395 1457 446 Aut
1484 393 1527 447 si
1559 408 1662 446 non
1694 393 2021 461 prmjudicat,

450 510 614 562 quare
644 489 961 560 separainini
988 505 1016 541 a
1051 487 1239 541 nobis?
1269 486 1450 539 Dicant
1476 484 1634 539 etiam
1668 483 1916 536 Ecclesize
1957 480 2024 535 ad

449 600 580 653 quas
625 583 816 636 Paulus
845 579 1113 648 apostolus
1157 575 1372 640 scribit,
1408 574 1801 637 Romanorum,
1831 570 2024 626 Corin-

450 678 677 730 thiorum
703 716 718 735 .
750 670 1163 740 Philippensium
1187 709 1200 728 .
1233 665 1656 729 Colossensium,
1688 661 2026 717 Thessaloni-

445 766 720 828 censinni;
753 777 872 816 nam
905 761 972 816 de
1002 759 1204 815 Galatia
1235 769 1289 816 ct
1336 756 1546 824 Epheso
1572 770 1728 824 supra
1757 755 1864 821 jam
1911 752 2024 808 dic-

450 868 559 909 tum
588 864 668 909 est
697 871 710 908 :
737 853 916 906 dicant
943 866 1069 920 ergo
1096 859 1148 903 et
1175 850 1306 909 istm,
1345 847 1573 900 Litteras
1602 844 1665 897 ad
1710 861 1806 898 nos
1829 843 1981 898 datas
2007 884 2020 906 .

445 947 659 1010 fratres,
694 943 926 1015 quotidie
975 942 1149 1010 legitis
1175 982 1188 1002 ,
1236 941 1323 1007 qui
1368 936 1527 990 vultis
1562 934 1747 990 adhuc
1790 949 1909 988 esse
1957 932 2024 987 de

446 1048 590 1108 parte
625 1036 826 1092 Donati.
861 1034 914 1087 In
947 1033 1073 1103 ipsis
1117 1029 1362 1099 Ep'stolis
1392 1043 1486 1097 per
1513 1043 1702 1080 nomen
1748 1025 1896 1096 pacis
1927 1039 2024 1078 nos

451 1129 733 1200 Apostolus
762 1124 1000 1180 salutavit
1024 1165 1038 1184 ,
1073 1121 1277 1182 dicens,
1311 1117 1487 1170 Gratia
1508 1117 1642 1169 vobis
1670 1125 1715 1168 et
1738 1131 1845 1185 poi:
1866 1131 1896 1166 α
1918 1112 2024 1166 Deo

448 1223 604 1276 Patre
631 1231 677 1274 et
710 1219 923 1271 Domino
949 1215 1070 1269 Jesu
1094 1212 1312 1268 Christo.
1345 1210 1519 1278 Quare
1551 1223 1730 1277 pacem
1759 1208 1808 1260 in
1830 1206 2024 1260 nostris

448 1313 706 1384 Epistolis
743 1309 968 1380 legendo
999 1306 1275 1366 didiCistis,
1303 1311 1357 1356 ct
1383 1318 1500 1356 eam
1529 1301 1803 1354 nobiscum
1838 1307 2021 1352 tenere

447 1402 736 1460 noluistis?
764 1401 817 1454 In
845 1410 946 1453 tam
979 1395 1277 1466 longinquis
1306 1392 1460 1447 terris
1492 1401 1636 1445 trans
1662 1403 1805 1442 mare
1837 1387 2020 1458 posiiis

448 1494 633 1548 Afrum
667 1491 819 1544 nobis
849 1487 1078 1556 objicitis
1123 1484 1464 1539 Ca-cilianum
1497 1498 1511 1535 :
1539 1489 1681 1535 certe
1710 1495 1890 1532 rerum
1941 1487 2024 1531 est

446 1585 586 1653 quod
615 1581 841 1642 dixistis,
888 1577 997 1631 Nec
1027 1591 1190 1630 causa
1224 1590 1378 1628 causa
1418 1573 1715 1643 pra’judicat
1737 1613 1750 1634 ,
1793 1587 1882 1624 nec
1908 1586 2020 1641 pcr-

379 1686 395 1696 ’
444 1688 583 1727 some
609 1687 839 1738 persona.
871 1668 999 1735 Qua:
1027 1676 1107 1720 est
1136 1667 1235 1718 ista
1271 1665 1470 1734 privata
1499 1673 1552 1716 et
1579 1661 1859 1731 peculiaris
1896 1677 2021 1714 sau-

443 1761 713 1823 ctilicatio,
742 1775 841 1826 qua
872 1757 1169 1811 vobis‘licet
1211 1763 1267 1807 ut
1297 1755 1434 1808 Afrae
1460 1755 1595 1824 parti
1632 1753 1818 1806 Donati
1862 1766 2020 1805 causa

445 1871 548 1908 non
581 1851 888 1923 przrjudicet
916 1848 1024 1903 Afri
1053 1846 1326 1912 Primiani,
1351 1860 1466 1899 .nec
1496 1860 1736 1912 persona:
1769 1843 2018 1913 Primiani

440 1944 873 2015 Carthaginiensis
890 1941 1193 2012 pra'judicct
1213 1953 1438 2008 persona
1458 1937 1720 1991 Mttslitani
1746 1935 2015 1995 Felieiani,

442 2047 496 2090 ct
521 2036 583 2091 ad
614 2050 708 2090 nos
740 2033 984 2088 Africana
1009 2031 1310 2101 pra-judicia
1346 2041 1448 2082 tam
1483 2028 1636 2098 longe
1664 2029 1937 2081 mittantur
1965 2036 2020 2080 ιιι

443 2129 595 2182 nobis
621 2124 926 2196 pra-iudicet
957 2137 1115 2177 causa
1145 2119 1458 2176 Ca'ciliani?

517 2216 950 2272 5..Dicat:etiain
990 2213 1250 2268 catholica
1295 2209 1534 2264 Ecclesia
1579 2210 1630 2263 in
1678 2210 1789 2279 ipsa
1839 2208 2018 2261 Africa

439 2310 729 2367 constituta
763 2317 823 2361 et
856 2318 1157 2375 perpacem
1195 2311 1352 2371 atque
1379 2301 1633 2354 unitatem
1673 2299 1869 2353 Christi
1917 2298 2020 2351 illis

443 2399 688 2454 «minibus
730 2389 1103 2451 communione
1147 2394 1390 2462 c0pulata
1422 2407 1436 2444 :
1471 2391 1610 2445 diCat
1656 2391 1816 2444 etiam
1867 2390 1977 2459 ipsa
2002 2430 2017 2455 ,

443 2491 551 2545 Nec
580 2491 705 2543 mihi
735 2487 1000 2542 Caeciliani
1023 2499 1200 2538 causa
1231 2482 1550 2553 .prajndicat
1578 2525 1593 2548 ,
1636 2493 1818 2536 contra
1861 2497 2018 2551 quem

441 2585 716 2638 absentem
762 2577 1089 2647 septuaginta
1129 2576 1499 2645 episcoporum
1531 2582 1612 2626 est
1650 2573 1851 2642 prolata
1895 2587 2017 2626 sen-

443 2674 604 2727 tentia
631 2688 646 2733 ;
676 2659 797 2740 quia
846 2684 947 2722 nou
991 2666 1296 2737 pra-judicat
1328 2664 1578 2718 Ecclesize
1605 2679 1722 2733 qua:
1753 2671 1863 2716 toto
1889 2661 2020 2716 orbe

440 2763 752 2818 dill‘unditur
803 2761 853 2814 iu
911 2759 1063 2828 cujus
1099 2756 1474 2811 communione
1525 2770 1814 2824 permaneo
1869 2773 1881 2808 :
1932 2762 2022 2806 aut

441 2866 588 2909 certe
616 2852 922 2923 pra-judicet
963 2850 1094 2918 parti
1132 2848 1321 2904 Donati
1352 2863 1510 2901 causa
1544 2847 1831 2912 Primiani,
1862 2861 2021 2915 quc;n

439 2947 521 3000 sui
553 2945 771 3013 collega:
813 2943 1057 2996 similiter
1084 2941 1357 2994 absentem
1402 2939 1767 2992 numerosiora
1795 2937 2021 2990 concilio

443 3037 849 3090 damnaverunt.
870 3031 936 3087 .Si
979 3041 1153 3085 autem
1197 3030 1315 3084 ideo
1360 3045 1463 3083 non
1511 3030 1854 3098 prmjudit‘al,
1897 3027 2019 3097 quia

443 3127 542 3181 nec
568 3140 723 3179 causa
749 3137 951 3186 causa),
987 3135 1082 3176 nec
1107 3134 1328 3189 persona
1362 3134 1622 3189 persona,
1652 3118 1819 3171 multo
1855 3117 2022 3187 magis

442 3216 700 3274 servanda
746 3223 824 3270 est
871 3214 966 3267 ista
1003 3212 1208 3282 justitia
1249 3225 1372 3281 erga
1415 3209 1669 3264 unitatem
1688 3209 2018 3263 catholicam

440 3308 659 3370 Christi,
691 3309 732 3360 si
761 3322 876 3360 eam
904 3304 1103 3359 servari
1127 3317 1260 3373 erga
1288 3317 1345 3356 se
1375 3301 1613 3371 postulat
1654 3316 1774 3370 pars
1810 3298 2016 3352 Donati.

443 3401 555 3456 lloc
586 3397 826 3453 Ecclesia
869 3395 1131 3450 catholica
1165 3395 1215 3447 in
1255 3391 1430 3446 Africa
1478 3390 1762 3444 constituta
1811 3389 2019 3460 proeli-

444 3499 553 3545 mat
588 3507 599 3543 :
632 3489 676 3543 0
718 3502 840 3556 pars
890 3485 1078 3540 DOnaIi
1106 3525 1119 3548 ,
1171 3493 1222 3537 tu
1255 3485 1351 3536 ista
1381 3482 1539 3536 verba
1567 3481 1740 3535 dixisti
1767 3521 1780 3544 ,
1830 3491 1881 3533 ιιι
1923 3481 2020 3532 ista

443 3584 601 3639 verba
636 3590 722 3636 tua
751 3578 1100 3649 recognoviin
1120 3618 1136 3644 ,
1169 3585 1222 3629 tu
1251 3575 1365 3629 istis
1397 3573 1573 3628 verbis
1599 3574 1757 3626 etiam
1785 3572 2020 3626 subseri-

443 3675 591 3745 psisti
618 3716 632 3739 ,
666 3671 772 3726 Nec
799 3688 952 3724 causa
982 3684 1150 3723 causa:
1168 3710 1182 3734 ,
1212 3683 1302 3721 nec
1327 3681 1541 3736 persona
1581 3680 1809 3736 persona:
1829 3666 2024 3733 .prwju-

443 3766 598 3818 dicat.
640 3762 753 3831 Ego
784 3761 923 3814 inter
950 3759 1169 3829 spiritus
1205 3757 1329 3809 olim
1371 3755 1814 3823 requiescentluin
1855 3754 2022 3806 recito

443 3855 786 3910 Caecilianum
815 3895 828 3918 ,
860 3863 914 3904 tu
945 3850 1120 3904 adhuc
1151 3848 1295 3901 vides
1335 3856 1388 3901 et
1420 3856 1591 3899 tecum
1626 3845 1788 3898 habes
1819 3844 1871 3898 in
1899 3860 2020 3898 cor-

444 3961 574 4018 pore
605 3943 950 4006 Felicianum,
995 3956 1023 3994 a
1055 3955 1161 4010 quo
1190 3938 1470 3992 damnatus
1497 3944 1580 3990 est
1609 3935 1924 3990 Primianus.
1966 3935 2019 3990 In

443 4039 555 4107 ipsa
587 4032 838 4090 Primiani
865 4047 1020 4088 causa
1044 4029 1365 4085 Felicianum
1392 4027 1676 4088 damnasti.
1705 4037 1895 4081 etcum
1926 4043 2021 4097 po-

443 4137 557 4184 stea
584 4128 720 4183 sicut
739 4135 881 4188 erat,
909 4125 1217 4196 episcopum
1249 4121 1516 4176 Primiano
1563 4122 1761 4191 tibique
1784 4121 2018 4175 sociasti.

441 4219 498 4276 Si
535 4227 738 4274 tantum
771 4217 909 4272 valet
944 4213 1086 4286 quod
1130 4227 1228 4267 nec
1265 4225 1422 4265 causa
1465 4224 1637 4264 causa:
1673 4209 1980 4280 prwjudicat
2004 4252 2018 4278 ,

441 4325 541 4366 nec
568 4324 796 4381 persona
828 4321 1102 4377 personae,
1148 4313 1202 4358 ut
1240 4303 1328 4356 tibi
1373 4317 1477 4356 non
1521 4301 1828 4371 prmjudieet
1864 4300 2024 4356 hodie

441 4413 618 4458 tecum
646 4398 870 4455 viventis
898 4395 1202 4452 communio
1247 4392 1499 4447 Feliciani
1527 4409 1540 4456 ;
1589 4392 1716 4445 mihi
1755 4391 2022 4462 quomodo

441 4492 750 4563 pnrjudicat
777 4491 900 4543 olim
932 4488 1164 4543 defuncti
1197 4486 1448 4540 memoria
1480 4484 1774 4538 Caeciliani?

515 4585 568 4640 6.
602 4581 738 4652 Quid
769 4580 834 4634 ad
864 4581 962 4634 ista
1004 4578 1360 4647 respondent,
1408 4575 1497 4645 qui
1541 4576 1691 4630 vobis
1730 4575 1903 4631 adhuc
1930 4577 2020 4647 ja-

439 4684 587 4730 ctant
617 4672 792 4727 inania
815 4712 828 4735 ,
869 4679 922 4723 et
956 4684 1066 4723 suae
1097 4668 1288 4732 saluti,
1335 4668 1376 4719 si
1423 4682 1530 4721 non
1563 4681 1620 4722 se
1651 4668 2018 4735 correxerint,

442 4766 679 4820 nocitura
721 4760 1043 4817 mendacia?
1069 4759 1203 4826 Quid
1233 4758 1406 4812 adhuc
1445 4758 1626 4812 dicunt
1658 4773 1753 4812 nos
1788 4759 2022 4828 judicem

439 4856 761 4925 corrupisse,
793 4863 848 4907 ut
878 4868 973 4923 pro
1000 4852 1150 4906 nobis
1172 4849 1431 4904 sententia
1454 4849 1780 4920 proferretur
1799 4850 1823 4903 ?
1856 4850 2024 4904 Num-

445 4946 570 5017 quid
601 4954 653 5000 et
687 4947 814 5000 tanti
845 4944 982 5015 apud
1011 4958 1105 4997 vos
1133 4943 1306 4996 meriti
1336 4941 1648 5012 episc0pum
1677 4943 2026 5011 praeclarissi-

441 5051 588 5092 mum
615 5034 947 5090 defensorem
980 5031 1314 5100 corrupimus
1338 5073 1352 5096 ,
1384 5041 1439 5085 ut
1466 5047 1562 5102 pro
1602 5030 1757 5086 nobis
1796 5031 1918 5086 talia
1948 5033 2028 5087 lo-

441 5133 695 5197 queretur
723 5123 842 5198 (a)?
870 5125 980 5180 lloc
1008 5125 1150 5179 enim
1185 5123 1470 5194 agebamus
1509 5122 1756 5177 omnibus
1787 5123 1986 5179 viribus
2010 5165 2025 5189 ,

439 5219 546 5276 hoc
589 5216 915 5271 instabamus
943 5258 957 5280 ,
1000 5224 1059 5270 ut
1083 5214 1350 5271 Caeciliani
1381 5228 1541 5269 causa
1570 5222 1729 5283 atque
1759 5228 1986 5284 persona
2010 5257 2025 5280 ,

443 5308 849 5382 qualiscumque
877 5306 967 5361 ille
994 5304 1173 5372 fuerit,
1200 5303 1266 5360 ad
1297 5320 1510 5360 causam
1539 5313 1592 5359 et
1618 5318 1898 5374 personam
1933 5306 2031 5360 Ec-

442 5400 656 5465 clesiae,
701 5411 857 5468 quam
893 5396 1034 5452 Deus
1075 5396 1186 5450 suis
1226 5397 1423 5451 sanctis
1455 5396 1772 5450 testimoniis
1813 5396 2031 5450 robora-

446 5493 542 5558 vit,
565 5506 672 5546 non
703 5488 973 5560 pertinere
1001 5485 1392 5544 ostenderetur.
1422 5487 1532 5542 Hoc
1559 5483 1844 5558 agebamus
1869 5487 2027 5540 etiam

453 5580 889 5638 similitudinibus
914 5578 1255 5648 cvangelicis,
1290 5589 1343 5634 ut
1375 5595 1530 5634 causa
1559 5592 1606 5635 et
1639 5594 1860 5652 persona
1893 5580 2030 5635 ziza-

506 5694 582 5754 (ιι)
613 5693 824 5746 indicare
846 5693 1036 5746 videtur
1057 5695 1328 5740 Emeritam.

1189 283 1278 337 AD
1321 279 1738 335 DON.\TIST.\S
1777 277 1943 334 PUST
1982 277 2019 332 C

2136 277 2480 348 '..\TIONEM,
2532 283 2587 337 S.
2631 285 2994 342 AUGUSTINI

2134 390 2342 446 niorum
2371 408 2475 447 non
2502 395 2870 464 prmjudicaret
2911 415 3085 454 causm
3123 407 3178 455 et
3225 415 3485 471 persona
3539 404 3756 466 tritici,

2132 485 2373 553 quamvis
2413 485 2462 539 in
2505 487 2692 541 eodem
2722 505 2849 559 agro
2885 490 3072 546 eadem
3115 492 3287 561 pluvia
3317 494 3490 548 simul
3532 510 3763 549 cresce-

2132 587 2250 630 rent
2289 592 2457 647 usque
2486 579 2551 634 ad
2583 596 2812 636 messem
2833 624 2846 645 ,
2873 583 3082 653 quando
3110 586 3345 655 separari
3381 596 3734 656 Oportet-et:

2133 676 2367 723 utcausa
2399 679 2452 724 et
2479 687 2701 740 persona
2739 673 3042 743 palearnon
3073 676 3453 745 praijudicaret
3487 693 3753 746 personat-

2133 757 2404 823 frumenti.
2427 763 2672 830 quamvis
2695 763 2745 816 in
2773 763 2962 819 eadem
2986 778 3109 819 area
3127 767 3287 821 simul
3316 769 3745 830 triturarentur,

2131 846 2304 902 donec
2327 850 2624 904 novissima
2654 853 2997 908 ventilaiione
3025 866 3404 923 separarentur
3437 875 3452 910 :
3491 868 3563 911 ut
3590 873 3745 912 Causa

2129 948 2181 992 et
2211 955 2439 1010 persona
2468 941 2742 997 hmdorum
2775 961 2878 999 non
2908 947 3278 1015 przejudicaret
3301 963 3494 1005 causa:
3527 961 3594 1005 et
3629 969 3744 1018 pcr-

2130 1043 2276 1083 sonze
2303 1031 2512 1097 ovium,
2555 1034 2794 1102 quamvis
2827 1037 3199 1092 communibus
3242 1040 3463 1107 pascuis
3508 1051 3744 1109 utraque

2130 1133 2320 1187 pecora
2352 1122 2613 1189 permixta
2636 1136 2937 1191 serventur,
2969 1125 3141 1182 donec
3167 1145 3194 1180 a
3226 1140 3447 1198 pastore
3482 1147 3742 1194 summu,

2131 1211 2404 1280 in‘judicio
2434 1213 2741 1273 novissimo.
2769 1216 2857 1269 alii
2887 1216 2952 1270 ad
2981 1218 3274 1286 sinistram,
3307 1222 3393 1275 alii
3429 1222 3510 1276 ad
3545 1223 3735 1278 dexte-

2130 1317 2243 1355 ram
2273 1314 2620 1374 segrcgentur
2653 1325 2664 1360 :
2700 1317 2755 1360 ut
2781 1323 2938 1361 causa
2971 1319 3023 1362 et
3053 1326 3282 1380 persona
3330 1313 3580 1382 piscium
3632 1333 3742 1368 ma-

2129 1392 2297 1446 lorum
2329 1409 2434 1448 non
2482 1397 2851 1464 prmjuilicaret
2878 1413 3067 1454 causa:
3108 1410 3163 1455 et
3188 1417 3455 1470 persona:
3490 1405 3736 1474 piscium

2127 1484 2420 1550 bonorum,
2465 1489 2708 1556 quamvis
2753 1489 2886 1542 intra
2932 1492 3280 1546 eadenrretia
3316 1504 3661 1549 tenerentur
3692 1497 3736 1546 in

2128 1584 2368 1629 extremo
2415 1577 2591 1631 litore
2639 1580 2942 1648 separandi,
2991 1581 3093 1635 hoc
3131 1591 3233 1646 est,
3281 1583 3332 1635 in
3363 1583 3478 1638 line
3527 1587 3733 1646 maris.

2126 1665 2267 1734 quod
2297 1667 2562 1736 significat
2595 1668 2749 1722 tinem
2787 1671 2966 1724 smculi
2995 1672 3210 1741 (Matth.
3232 1690 3298 1727 .ut
3321 1715 3335 1738 ,
3368 1690 3463 1728 λιιι
3493 1686 3549 1728 et
3584 1676 3733 1743 xxv}.

2125 1753 2329 1822 Quibus
2369 1759 2632 1826 parabolis
2659 1768 2711 1812 et
2751 1760 2932 1828 ﬁguris
2967 1763 3202 1816 Ecelesia
3249 1765 3629 1830 praenuntiata
3659 1775 3734 1817 est

2127 1860 2294 1915 usque
2333 1846 2396 1900 ad
2433 1848 2588 1902 linem
2631 1849 2810 1903 surculi
2855 1851 3022 1905 bonos
3065 1861 3117 1905 ct
3157 1853 3328 1906 malos
3369 1855 3732 1908 simnl‘liabi-

2115 1944 2265 1999 “tura,
2309 1936 2377 1989 ita
2423 1939 2627 1992 ut'mali
2656 1939 2808 1994 bouis
2833 1941 3020 1995 obesse
3051 1945 3391 2013 nonpossint
3417 1986 3430 2005 .
3465 1961 3603 1999 cum
3651 1946 3728 1998 vel

2126 2025 2442 2094 ignorantur
2467 2070 2480 2092 ,
2537 2031 2619 2083 vel
2644 2045 2754 2098 pro
2795 2046 2924 2099 pace
2951 2043 3002 2084 et
3025 2035 3417 2103 tranquillitate
3446 2036 3729 2090 'Ecclesix

2127 2117 2449 2184 tolerantur,
2474 2119 2515 2172 s'i
2547 2135 2640 2173 eos
2671 2120 2818 2188 prodi
2851 2130 2940 2174 :mt
2969 2123 3208 2177 accusari
3236 2140 3344 2179 non
3378 2128 3725 2192 Oportuerit,

2125 2215 2215 2260 aut
2241 2207 2359 2262 aliis
2396 2209 2547 2262 bonis
2589 2226 2693 2264 non
2731 2211 2996 2280 potuerint
3025 2211 3382 2267 demonstrari
3417 2233 3429 2267 :
3475 2216 3554 2268 ita
3600 2231 3726 2268 sane

2127 2307 2180 2351 ut
2209 2314 2306 2353 nec
2345 2301 2733 2355 emendationis
2765 2303 3029 2372 vigilantia
3057 2305 3317 2375 quiescat,
3343 2308 3720 2376 corripiendo,

2125 2388 2486 2458 degradando,
2520 2394 3051 2456 eacommuuicaudo,
3087 2396 3402 2466 ueterisque
3427 2401 3722 2452 enercitiu-

2126 2479 2284 2534 nibus
2312 2480 2468 2535 licitis
2499 2492 2656 2551 atque
2684 2483 2982 2547 cancessis,
3016 2502 3133 2554 qua:
3159 2487 3303 2540 Salva
3337 2490 3562 2542 unitatis
3597 2507 3722 2558 pace

2126 2573 2178 2626 in
2211 2573 2447 2628 Ecclesia
2477 2575 2713 2644 quotidie
2745 2575 2875 2630 liunt
2903 2578 3194 2630 secundum
3215 2589 3559 2648 praeceptum
3589 2597 3717 2650 apo-

2125 2664 2370 2717 stolicum
2402 2665 2660 2719 charitate
2689 2677 2897 2721 servata
2919 2708 2932 2729 ,
2964 2669 3052 2738 qui
3079 2668 3247 2734 dixit,
3285 2669 3346 2725 Si
3385 2673 3500 2740 quis
3548 2686 3716 2725 autem

2125 2768 2225 2806 non
2265 2752 2468 2808 obaudit
2501 2756 2647 2809 verbo
2687 2767 2858 2809 nostro
2896 2775 2984 2828 per
3007 2759 3310 2827 epistolam,
3345 2761 3478 2814 hunc
3510 2774 3714 2824 notate;

2125 2855 2170 2898 et
2201 2846 2354 2898 nolite
2381 2847 2691 2900 commisceri
2730 2864 2845 2900 cum
2877 2864 2964 2909 eo,
2998 2858 3053 2901 ut
3086 2851 3386 2914 erubescat;
3426 2861 3472 2904 et
3516 2870 3621 2905 non
3664 2863 3714 2904 ut

2125 2937 2386 2990 inimicum
2411 2939 2722 3001 existimetis,
2748 2938 2837 2992 sed
2861 2940 3098 3010 corripite
3119 2951 3173 2992 ut
3189 2942 3507 3011 ,[ratrem.(ll
3537 2943 3708 2996 Thess.

2125 3045 2202 3094 ιιι,
2239 3030 2322 3094 14,
2362 3031 2449 3100 15)
2506 3031 2595 3086 Sic
2621 3031 2842 3086 enimet
2867 3032 3143 3100 disciplina
3172 3043 3350 3086 servat
3379 3035 3710 3102 patientiam,

2125 3128 2180 3174 et
2199 3121 2457 3190 patientia
2483 3131 2741 3189 temperat
2764 3121 3094 3190 disciplinam
3117 3139 3132 3188 ;
3155 3134 3207 3176 ct
3230 3132 3509 3193 utrumque
3542 3123 3710 3178 refer-

2127 3220 2212 3265 tur
2241 3211 2307 3266 ad
2336 3211 2674 3275 charitateni,
2707 3229 2772 3267 ne
2805 3215 2938 3267 forte
2963 3224 3054 3267 aut
3083 3214 3465 3283 indisciplinata
3495 3219 3705 3284 patien-

2111 3302 2194 3355 ‘tia
2228 3303 2399 3356 foveat
2427 3302 2778 3373 iniquitatem,
2811 3313 2897 3357 aut
2931 3305 3209 3374 impatiens
3237 3307 3508 3378 disciplina
3547 3309 3706 3361 dissi-

2115 3402 2211 3463 pet
2244 3393 2522 3448 unitatem.

2196 3485 2423 3540 CAPUT
2467 3487 2526 3540 V.
2559 3516 2628 3526 —
2670 3489 2722 3541 7.
2743 3487 2854 3541 ista
2885 3504 3004 3543 cum
3037 3489 3162 3545 lium
3194 3507 3223 3544 a
3255 3491 3441 3558 bonis,
3489 3510 3594 3548 non
3621 3497 3702 3548 io-

2126 3578 2413 3648 quinanuir
2449 3593 2478 3631 a
2520 3580 2705 3644 malis;
2739 3580 2856 3649 quia
2889 3595 2986 3634 nec
3011 3596 3195 3635 eorum
3225 3584 3449 3652 peccatis
3471 3599 3700 3639 censen-

2117 3669 2308 3724 tiendo
2335 3673 2749 3738 communicant,
2775 3681 2825 3726 et
2849 3671 2916 3725 ab
2935 3673 3035 3740 eis,
3063 3682 3118 3727 et
3143 3673 3186 3728 si
3211 3691 3315 3728 non
3338 3678 3591 3744 corporali
3613 3695 3701 3732 se-

2126 3760 2466 3830 gregatione,
2509 3770 2681 3816 tamen
2731 3763 2992 3830 spirituali
3040 3765 3161 3818 vita:
3198 3765 3618 3822 dissimilitudine
3643 3780 3700 3823 et

2127 3865 2334 3904 morum
2371 3851 2676 3906 diversitate
2718 3851 3000 3908 discedunt
3027 3895 3041 3918 ,
3089 3869 3157 3909 eo
3195 3856 3354 3910 modo
3393 3857 3689 3913 obedientes

2128 3948 2398 4011 prmcepto
2424 3941 2692 3995 dominico
2721 3958 2826 4011 quo
2853 3944 2948 4010 ait,
2981 3943 3233 3999 Discedite
3253 3946 3390 4012 inde,
3411 3957 3454 4001 et
3477 3949 3693 4002 immun-

2127 4031 2249 4084 dum
2275 4048 2339 4085 ne
2365 4033 2624 4102 tetigeritis
2668 4031 2818 4103 (Isai.
2852 4049 2958 4100 LII,
3004 4033 3114 4105 Η).
3147 4035 3278 4090 Nam
3322 4038 3410 4107 qui
3453 4039 3545 4092 hoc
3587 4056 3688 4094 non

2129 4121 2478 4190 spiritualiter
2505 4121 2894 4177 observandum
2924 4133 3142 4192 putant,
3170 4127 3463 4196 arrogantia
3492 4129 3687 4181 vanita-

2127 4213 2195 4266 tis
2237 4213 2288 4266 in
2330 4211 2456 4266 illud
2489 4212 2727 4267 incidunt
2770 4215 2910 4283 quod
2959 4231 3052 4284 per
3096 4216 3344 4271 eumdem
3395 4219 3684 4288 prophetam

2129 4303 2384 4358 Dominus
2424 4303 2716 4358 detestatur
2741 4305 2922 4360 dicens
2943 4348 2957 4370 ,
2993 4305 3091 4373 Qui
3124 4305 3329 4374 dicunt,
3357 4309 3457 4362 noli
3481 4327 3554 4363 me
3580 4321 3687 4364 ton-

2125 4412 2240 4467 gere
2262 4438 2275 4460 ,
2312 4395 2549 4467 quoniam
2589 4397 2806 4452 mundus
2833 4414 2964 4462 smn,
2991 4399 3068 4451 hic
3099 4400 3113 4431 ¹
3148 4402 3320 4471 {unius
3346 4401 3681 4471 indignationis

2128 4501 2250 4540 mete
2277 4485 2388 4558 (Id.
2416 4501 2543 4554 va,
2574 4488 2652 4559 5).
2685 4487 2797 4542 lloc
2825 4489 3057 4559 episcopi
3092 4491 3247 4562 vestri
3281 4489 3558 4547 faciendum
3587 4510 3677 4563 pn-

2128 4587 2410 4645 taverunt,
2457 4579 2666 4649 quando
2692 4580 2926 4649 utrisque
2963 4589 3201 4636 nostrum
3243 4597 3273 4637 a
3319 4584 3482 4654 judice
3515 4586 3680 4640 oblato

2128 4683 2405 4732 consessu.
2449 4671 2721 4725 nobiscum
2748 4672 2938 4727 sedere
2965 4673 3250 4728 noluerunt
3268 4718 3281 4739 ,
3309 4675 3530 4732 dicentes
3553 4681 3676 4734 scri-

2129 4772 2276 4833 ptum
2305 4762 2404 4818 sibi
2434 4778 2554 4818 esse
2573 4805 2588 4828 ,
2617 4779 2683 4820 ne
2713 4780 2830 4819 cum
2852 4767 3050 4821 talibus
3088 4767 3331 4835 sedeant,
3378 4770 3491 4826 illud
3515 4773 3676 4843 utique

2131 4870 2235 4910 non
2266 4855 2618 4927 spiritualiter
2639 4898 2655 4921 ,
2706 4857 2798 4912 sed
2843 4860 3128 4914 carnaliter
3155 4862 3511 4934 intelligentes
3546 4866 3673 4935 quod

2131 4947 2185 5001 in
2214 4946 2422 5002 Psahuo
2439 4948 2678 5018 positum
2708 4959 2809 5014 est,
2843 4948 2910 5002 Et
2939 4967 3053 5003 cum
3083 4952 3252 5023 impiis
3281 4971 3379 5008 non
3405 4955 3562 5010 sedebo
3591 4968 3675 5011 :et

2135 5049 2310 5093 tamen
2341 5039 2582 5095 fecerunt
2612 5040 2751 5110 quod
2791 5042 2844 5094 in
2876 5041 3065 5096 eodem
3095 5043 3212 5112 ipso
3242 5046 3359 5100 loco
3386 5047 3558 5100 Psalmi
3589 5063 3673 5118 pa-

2132 5130 2263 5184 riter
2293 5130 2620 5198 prohibetur.
2651 5131 2780 5185 Nam
2815 5133 2882 5186 ibi
2910 5133 3037 5187 dicit
3067 5133 3355 5205 Propheta,
3388 5137 3444 5190 Et
3465 5155 3564 5190 cum
3585 5140 3670 5192 ini-

2132 5235 2230 5288 qua
2255 5219 2535 5290 gerentibus
2567 5238 2664 5274 non
2693 5222 2907 5275 introibo
2933 5223 3104 5294 (Psal.
3147 5241 3251 5280 xxv
3271 5267 3285 5293 ,
3318 5229 3372 5292 5,
3398 5227 3463 5298 ι).
3493 5229 3540 5283 Si
3563 5245 3675 5300 ergo

2134 5311 2256 5380 quia
2289 5325 2385 5364 nos
2412 5311 2621 5381 iniquos
2646 5314 2728 5368 vel
2757 5324 3017 5369 noverant
3047 5317 3126 5370 vel
3156 5318 3426 5386 putabant,
3457 5320 3562 5374 ideo
3589 5337 3673 5374 no-

2136 5403 2339 5457 biscum
2371 5403 2558 5457 sedere
2587 5405 2869 5460 noluerunt
2893 5422 2906 5468 ;
2935 5422 3122 5474 quare,
3151 5408 3296 5477 quod
3328 5409 3548 5464 similiter
3567 5427 3673 5479 pro-

2139 5493 2367 5555 hibetur,
2413 5495 2688 5549 nobiscmn
2734 5496 3071 5563 introierunt,
3118 5514 3178 5552 ex
3222 5508 3373 5569 parte
3401 5501 3583 5568 sancti,
3621 5519 3673 5557 et

2202 5630 2215 5659 ¹
2254 5632 2300 5675 ιιι
2326 5629 2537 5700 esensis,
2563 5627 2631 5700 hi,
2657 5628 2823 5691 plurali
2851 5642 3071 5679 numero.
3124 5639 3176 5680 At
3214 5634 3258 5680 ia
3287 5640 3406 5693 Mss,
3429 5632 3530 5693 hic;
3563 5637 3679 5699 juxta

2141 5702 2348 5752 grzerutn
2373 5696 2499 5741 LXX.
2525 5696 2669 5740 ultos.
