3778 6148
29 323 144 380 ῦὸτ

36 446 207 509 parte
241 433 465 504 polluti
499 450 513 487 :
541 428 643 487 nisi
673 427 796 500 quia
818 423 1122 495 scripturas
1149 429 1362 478 sanctas
1387 433 1494 475 non
1525 416 1681 509 intel-

38 507 289 598 ligendo
320 534 393 580 et
425 520 710 579 carnaliter
745 513 1001 588 sapiendo
1035 515 1205 586 ipsam
1235 511 1492 567 unitatem
1517 507 1678 564 dissi-

39 626 349 691 paverunt
376 617 410 671 ?

116 712 178 767 8.
216 711 364 766 Non
402 711 579 780 itaque
604 706 849 779 polluant
876 701 1001 759 mali
1025 701 1197 757 bonos
1226 700 1279 754 in
1316 697 1504 754 eodem
1531 710 1679 766 agro,

42 806 99 858 in
129 802 361 858 eadem
399 815 543 864 area,
586 799 637 854 in
669 795 872 853 eisdem
907 792 1144 865 pascuis,
1175 790 1229 845 in
1252 788 1452 846 eisdem
1480 786 1685 842 retibus

41 892 368 949 constituti
396 908 414 952 :
444 891 567 962 quia
607 904 712 944 non
741 886 819 943 eis
858 882 1253 941 communicant
1281 879 1436 945 boni,
1476 877 1572 935 sed
1609 876 1687 931 al.

51 986 162 1039 tari
193 995 261 1040 et
295 980 680 1040 Sacramentis
705 977 822 1034 Dei.
850 975 1258 1032 Communicant
1288 980 1465 1027 autem
1492 970 1645 1026 malis
1668 1012 1683 1037 ,

46 1075 145 1145 qui
174 1073 561 1130 consentiunt
600 1069 756 1125 factis
782 1067 1070 1124 malorum.
1093 1064 1362 1136 Scriptum
1392 1071 1474 1119 est
1498 1062 1684 1118 enim:

52 1164 191 1220 Non
224 1164 423 1220 solum
451 1162 536 1233 qui
563 1161 756 1234 faciunt
786 1157 1241 1227 ea,.vcruntetiam
1261 1155 1347 1224 qui
1360 1154 1689 1210 consentiunt

53 1256 407 1330 facientibus
436 1255 612 1325 (Rom.
639 1269 693 1319 I-,
719 1252 835 1323 52).

127 1346 405 1405 CAPUT
444 1344 532 1400 Vl.
562 1374 633 1385 -
668 1342 799 1399 Cum
825 1356 955 1397 vero
980 1339 1104 1396 mali
1133 1338 1281 1413 pacis
1307 1336 1688 1394 conservanda:

59 1440 429 1497 necessitate
448 1438 763 1502 tolerantur,
786 1449 894 1490 non
915 1431 1207 1503 iniquitatis
1231 1428 1691 1488 communicandas

62 1531 361 1588 societate
391 1535 715 1600 appetuntur
738 1569 754 1595 ,
802 1538 857 1581 ut
884 1541 1006 1581 cum
1050 1521 1268 1589 zizaniis
1296 1521 1528 1578 triticum
1557 1535 1687 1576 sua-

61 1639 192 1679 vem
226 1622 493 1695 pluviam
523 1620 725 1691 pariter
767 1619 947 1683 bibat,
983 1624 1159 1672 servet
1187 1625 1365 1669 tamen
1394 1612 1693 1669 ubertatem

64 1728 260 1778 suam,
287 1728 409 1769 nec
427 1719 770 1768 convertatur
794 1708 847 1764 in
870 1706 1195 1762 zizaniorum
1216 1705 1570 1771 sterilitatem,
1598 1702 1691 1758 sed

70 1815 402 1873 utntmque
431 1802 591 1858 simul
618 1815 786 1871 usque
812 1798 879 1854 ad
918 1812 1147 1855 messem
1175 1805 1417 1863 crescat,
1448 1811 1517 1852 ne
1553 1795 1694 1852 forte

67 1912 200 1952 cum
229 1895 583 1965 colliguntur.
601 1892 823 1957 zizania,
850 1889 1152 1947 eradicetur
1175 1887 1333 1944 simul
1354 1895 1409 1943 et
1438 1887 1690 1953 triticum,

72 1986 297 2040 nullam
332 1998 461 2040 cum
491 1984 645 2039 bonis
673 1982 870 2037 habent
894 1980 1021 2035 mali
1049 1978 1511 2050 participationem
1546 1975 1692 2030 salu-

74 2077 149 2130 tis
170 2075 270 2131 vel
305 2072 651 2145 perditionis.
681 2073 807 2140 Qua:
834 2072 967 2126 enim
1003 2070 1324 2142 participatio
1341 2069 1559 2140 justitite
1580 2085 1696 2122 cum

78 2168 418 2237 iniquitate?
443 2165 649 2221 Nullam
678 2180 800 2221 cum
829 2163 983 2219 bonis
1008 2162 1207 2218 habent
1233 2161 1354 2216 mali
1386 2161 1695 2217 societatem

78 2261 269 2330 regni,
306 2269 409 2314 aut
436 2257 573 2329 ignis
597 2256 804 2313 :eterni.
839 2254 966 2323 Quae
993 2254 1135 2309 enim
1164 2253 1374 2308 societas
1405 2253 1505 2306 luci
1529 2251 1598 2305 ad
1621 2262 1696 2305 te-

84 2351 328 2405 nebras?
356 2349 474 2405 Non
514 2347 711 2403 habent
756 2346 882 2401 mali
929 2361 1048 2400 cum
1102 2344 1256 2400 bonis
1297 2343 1697 2399 consonantiam

86 2441 217 2496 sine
248 2456 325 2497 ac
372 2439 676 2495 voluntatis.
726 2436 853 2505 Qua:
878 2436 1019 2491 enim
1062 2435 1391 2490 consonantia
1422 2433 1605 2488 Christi
1632 2432 1701 2485 ad

94 2532 266 2587 Belial
297 2534 328 2588 1’
353 2532 471 2588 Non
504 2530 705 2586 habent
739 2529 865 2584 bani
895 2545 1015 2583 cum
1047 2528 1201 2582 malis
1230 2536 1431 2597 partem
1456 2567 1469 2587 ,
1501 2541 1599 2579 nec
1642 2521 1699 2578 in

94 2639 259 2692 paena
289 2622 540 2678 criminis
568 2636 665 2676 nec
687 2619 737 2675 in
763 2619 980 2689 prmtnio
1008 2617 1250 2688 pietatis..
1277 2615 1402 2682 Quae
1421 2616 1561 2669 enim
1583 2630 1700 2684 pars

97 2715 241 2780 ﬁdeli
272 2730 397 2768 cum
422 2711 616 2781 inﬁdeli
649 2709 715 2781 (ll
755 2709 872 2765 Cor.
914 2710 1084 2775 vi,”
1104 2750 1119 2775 ,
1165 2706 1294 2778 l5)?
1322 2708 1382 2761 Et
1412 2722 1531 2762 cum
1564 2707 1700 2760 intra

101 2804 304 2860 eadem
335 2805 470 2860 retia
500 2802 671 2858 donec
699 2801 932 2857 adlittus
955 2800 1281 2869 perveniant,
1311 2798 1510 2868 pariter
1527 2796 1702 2851 divina

100 2891 792 2962 Sacramentapereipiunt
813 2932 829 2957 ,
862 2889 950 2945 isti
987 2888 1275 2952 sociantur,
1308 2888 1383 2943 illi
1407 2887 1704 2943 dissocian-

107 2997 193 3038 tur
218 3003 236 3050 ;
269 2986 363 3040 isti
387 2992 701 3047 consonant,
731 2983 806 3038 illi
828 2982 1135 3043 dissonant,
1166 2981 1250 3036 isti
1274 2980 1471 3035 habent
1499 2989 1629 3051 pact.
1652 2995 1704 3034 ιιι

109 3092 236 3131 csm
269 3073 666 3139 misericordia,
696 3072 769 3126 illi
798 3087 919 3127 cum
943 3070 1143 3142 judicio
1175 3089 1188 3125 :
1221 3071 1471 3141 quoniam
1501 3070 1707 3125 miscri-

110 3168 363 3222 cordiam
391 3175 443 3221 et
482 3164 742 3235 judicium
783 3172 960 3218 cantat
1001 3163 1232 3217 Ecclesia
1282 3163 1506 3217 Domino
1536 3162 1703 3232 (Dsal.

111 3272 141 3311 c
164 3299 179 3321 ,
212 3256 268 3328 Ι)
307 3275 320 3310 :
358 3266 411 3311 et
440 3256 530 3327 qui
557 3254 841 3309 manducat
862 3252 1376 3324 indigne,.judicium
1405 3270 1507 3307 non
1532 3253 1707 3319 alteri,

116 3345 211 3405 sed
242 3346 353 3403 sibi
389 3344 672 3401 manducet
710 3343 750 3415 (l
792 3342 909 3398 Cor.
953 3359 1044 3408 XL,
1081 3342 1197 3415 29).
1246 3344 1322 3398 De
1362 3344 1476 3413 ipso
1517 3344 1711 3414 quippe

119 3453 281 3506 pane,
318 3446 377 3492 et
401 3437 468 3492 de
496 3436 610 3507 ipsa
636 3434 902 3490 dominica
929 3449 1088 3490 manu
1119 3444 1173 3489 et
1200 3433 1363 3489 ludas
1389 3443 1590 3504 partem
1611 3441 1713 3501 ,.et

122 3524 318 3583 l’etrus
344 3527 551 3596 accepit
579 3542 594 3581 :
625 3534 679 3581 et
708 3534 883 3580 tamen
909 3540 1029 3595 qua:
1076 3524 1304 3580 societas
1322 3564 1337 3587 ,
1372 3540 1489 3594 qua:
1515 3539 1711 3580 conso-

123 3617 331 3684 nantia,
378 3631 495 3686 qua:
541 3631 663 3685 pars
711 3615 869 3670 Petro
915 3629 1037 3669 cum
1081 3614 1260 3670 Juda?
1303 3614 1565 3682 Quoniam
1613 3629 1712 3670 nec

126 3720 286 3761 causa
315 3720 496 3760 causae
523 3704 854 3775 pratiudicat,
887 3720 986 3761 nec
1015 3719 1241 3775 persona
1272 3719 1533 3775 persona}.

196 3798 253 3854 9.
285 3797 417 3855 Sive
445 3811 572 3869 ergo
598 3805 823 3864 exeant,
867 3796 934 3853 de
973 3798 1165 3868 quibus
1204 3798 1453 3866 scriptum
1481 3808 1595 3863 est,
1633 3798 1716 3854 Ea:

131 3890 273 3944 nobis
299 3890 549 3955 exierunt,
579 3889 668 3943 sed
691 3906 790 3943 non
817 3898 960 3943 erant
984 3905 1047 3944 ea:
1081 3889 1220 3944 nobis
1249 3889 1291 3962 (Ι
1315 3888 1469 3943 Joan.
1498 3906 1554 3954 ll,
1583 3889 1670 3962 19)
1698 3908 1711 3944 :

131 3978 243 4036 sive
282 3980 432 4035 intus
458 3994 576 4036 esse
605 3978 886 4035 videantur
908 4023 923 4048 ,
956 3978 1022 4036 de
1049 3980 1237 4050 quibus
1280 3981 1466 4037 beatus
1494 3981 1715 4053 Cypria-

134 4083 233 4124 nus
258 4070 598 4141 apertissime
637 4069 870 4141 loquitur
893 4112 908 4138 ,
941 4070 1158 4138 dicens,
1193 4070 1329 4124 Nam
1369 4073 1462 4126 etsi
1491 4072 1719 4126 videntur

134 4159 183 4214 in
215 4161 449 4219 Ecclesia
477 4178 583 4217 esse
608 4163 807 4216 zizania
827 4204 841 4229 ,
874 4178 973 4217 non
1004 4172 1168 4216 tamen
1191 4163 1426 4233 impediri
1455 4164 1596 4218 debet
1630 4173 1718 4217 aut

138 4250 263 4316 ﬁdes
293 4260 388 4307 aut
428 4251 649 4307 charilas
691 4262 893 4319 nostra;
934 4262 989 4306 ut
1027 4253 1266 4322 quoniam
1310 4254 1505 4307 zizania
1534 4256 1720 4309 essein

139 4338 373 4399 Ecclesia
399 4343 647 4397 cernimus
667 4384 680 4407 ,
720 4343 821 4413 ipsi
862 4344 924 4397 de
954 4342 1183 4397 Ecclesia
1211 4341 1499 4397 recedamus
1526 4343 1715 4414 (Epist.
1765 4372 1772 4381 -

141 4432 206 4485 ad
250 4432 582 4505 Maximum).
633 4431 835 4500 Quibus
877 4433 1051 4488 verbis
1094 4432 1328 4502 episcopi
1375 4433 1536 4487 vestri
1590 4433 1719 4489 nihil

143 4526 363 4581 omnino
393 4525 509 4580 ausi
553 4534 677 4580 sunt
721 4524 1080 4598 respondere,
1123 4525 1365 4594 quamvis
1402 4524 1493 4579 diu
1530 4524 1720 4580 ﬁ-ustra

143 4617 517 4673 contenderim
537 4659 552 4685 ,
584 4617 727 4688 quod
753 4634 854 4672 non
892 4621 944 4671 in
979 4615 1201 4672 Ecclesia
1228 4617 1472 4688 prtcdicta
1503 4619 1601 4673 sint
1636 4621 1722 4689 [ju-

148 4716 256 4762 tura
283 4709 504 4774 zizania,
531 4707 651 4779 quia
677 4708 804 4762 dixit
834 4707 1100 4770 Dominus,
1138 4725 1155 4758 ι
1194 4708 1325 4778 Ager
1361 4718 1433 4762 est
1461 4709 1543 4762 hic
1569 4725 1724 4764 mun-

148 4798 237 4852 dus
274 4819 295 4852 ι
327 4797 546 4870 (Matth.
585 4814 677 4854 xm
703 4840 717 4864 ,
746 4798 875 4871 58);
905 4815 995 4852 nec
1020 4800 1146 4853 dixit
1167 4841 1181 4864 ,
1218 4804 1349 4870 Ager
1373 4812 1445 4854 est
1473 4798 1720 4855 Ecclesia.

150 4886 252 4946 Nos
278 4900 459 4946 autem
487 4890 742 4945 mundum
774 4906 870 4960 pro
896 4889 1149 4946 Ecclesia:
1175 4891 1556 4961 signiﬁcatione
1583 4893 1725 4962 posi-

155 4987 260 5037 tum
308 4980 654 5046 dicebamus,
706 4981 842 5036 sicut
889 4983 1047 5036 etiam
1088 4979 1385 5053 Cyprianus
1428 4982 1724 5051 intellexit,

159 5074 271 5141 quia
303 5088 398 5144 per
437 5080 604 5128 totum
644 5072 898 5127 mundum
940 5073 1109 5126 hilara
1159 5072 1592 5141 prwﬁgttrahalnr
1623 5074 1727 5129 Ec-

161 5162 337 5220 clesia.
370 5163 525 5220 Unde
559 5163 633 5219 illi
661 5163 928 5229 dicebant,
961 5161 1204 5216 nmndum
1231 5179 1424 5231 semper
1462 5163 1513 5216 in
1543 5162 1730 5218 mulam

163 5254 577 5325 signiﬁcationem
606 5256 855 5325 positum;
895 5263 950 5310 et
992 5253 1292 5309 testimonia
1337 5254 1401 5307 de
1444 5254 1733 5324 Scripturis

165 5342 374 5413 dabant,
407 5345 530 5417 quia
560 5345 816 5415 scriptum
843 5353 948 5407 est,
981 5344 1042 5399 Si
1060 5345 1172 5416 quis
1197 5345 1426 5399 dilexerit
1453 5347 1692 5399 mundum
1714 5387 1730 5413 ,

168 5449 258 5491 non
282 5446 354 5491 est
379 5436 602 5491 charitas
626 5434 798 5488 Patris
819 5435 871 5488 in
898 5434 990 5490 illo
1017 5434 1238 5506 (Noun.
1280 5451 1314 5489 ll
1337 5476 1350 5497 ,
1386 5435 1475 5506 l5)
1506 5455 1517 5488 :
1549 5443 1603 5489 et
1627 5452 1734 5491 cac-

169 5532 272 5581 tera
301 5528 448 5583 talia.
476 5525 585 5582 Nos
607 5540 737 5581 vero
766 5541 869 5581 non
896 5527 1069 5582 solum
1112 5527 1165 5581 in
1195 5528 1383 5581 malum
1406 5570 1420 5592 ,
1459 5529 1548 5582 sed
1576 5529 1735 5583 etiam

172 5613 218 5670 in
242 5618 436 5674 bonam
462 5616 901 5688 signiﬁcationem
927 5618 1179 5672 mundum
1204 5617 1254 5672 in
1283 5618 1568 5689 Scripturis
1599 5621 1738 5690 pasi-

174 5712 274 5764 tum
307 5707 781 5780 respondebamus,
815 5717 868 5764 et
895 5710 1443 5767 commemorabamus
1474 5714 1608 5769 inter
1634 5715 1734 5771 alia

1513 303 1715 360 LIBER
1756 302 1949 359 UNUS.

3257 307 3369 366 658

1792 416 1951 471 ctiam
1990 417 2118 474 illud
2142 419 2282 490 quod
2311 421 2563 492 scriptum
2590 431 2671 476 est
2693 465 2709 488 ,
2751 421 2887 476 Deus
2923 433 3029 477 erat
3066 425 3117 477 in
3163 421 3366 478 Christo

1791 514 2037 568 mundum
2061 517 2392 573 reconcilians
2420 518 2512 573 sibi
2540 517 2604 590 (ll
2639 515 2757 575 Cor.
2795 535 2858 586 v,
2900 518 2987 591 l9)
3020 535 3034 572 :
3065 520 3153 591 qui
3185 520 3367 590 utique

1791 620 1896 661 non
1926 606 2022 661 sibi
2054 609 2358 663 reconciliat
2384 609 2483 665 nisi
2506 608 2819 666 Ecclesiam.

1866 694 2091 752 CAPUT
2129 697 2239 751 \‘ll.
2270 698 2487 779 —_Sive
2515 716 2642 770 ergo
2669 711 2864 766 exeant
2893 702 3052 769 mali,
3084 702 3197 757 sive
3226 703 3369 758 intus

1792 785 1876 840 vel
1906 787 2218 856 ignorentur
2238 831 2252 853 ,
2285 789 2673 845 vel-videantur
2692 832 2708 859 ,
2737 790 2839 846 hoc
2863 791 2970 862 agit
3000 792 3365 849 misericordia

1792 884 1846 931 et
1866 875 2066 945 justitia
2097 879 2191 933 Dei
2216 922 2231 946 ,
2266 889 2322 935 ut
2360 880 2458 934 sibi
2492 879 2559 936 ad
2605 883 2739 936 mala
2770 896 2874 935 non
2913 872 3368 939 consentientibus

1792 966 1948 1021 bonis
1973 968 2097 1022 mali
2127 985 2241 1024 non
2258 970 2436 1025 obsint
2455 1013 2470 1035 ,
2514 971 2607 1027 sed
2653 972 2860 1043 utrique
2889 973 3156 1043 propriam
3196 975 3366 1030 sarci-

1794 1071 1917 1110 nam
1945 1067 2157 1127 portent
2186 1076 2199 1112 :
2232 1068 2288 1114 ut
2318 1075 2416 1115 nec
2452 1060 2589 1115 ﬁlius
2628 1062 2853 1135 accipiat
2897 1072 3115 1134 peccata
3159 1064 3322 1133 patris
3349 1106 3364 1128 ,

1794 1146 1895 1202 nisi
1917 1162 2037 1202 cum
2066 1146 2220 1203 fuerit
2244 1149 2295 1203 in
2323 1150 2477 1205 malis
2499 1150 2765 1218 imitatus;
2791 1150 2882 1205 sed
2909 1153 3083 1207 anima
3107 1168 3226 1224 qua:
3247 1162 3380 1224 pec-'

1793 1242 2191 1313 caverit,_ipsa~
2216 1243 2476 1298 moriatur.
2516 1242 2727 1315 (Ezech.
2770 1260 2930 1312 xvnt,
2962 1243 3041 1317 4).
3080 1244 3212 1301 Cum
3242 1261 3372 1316 ergo

1794 1333 2025 1402 quisque
2049 1332 2201 1387 malis
2230 1333 2494 1388 consentit
2515 1333 2579 1388 ad
2608 1335 2825 1408 malum,
2844 1334 2952 1404 jam
2975 1350 3132 1406 lltlapl
3157 1351 3370 1391 causam

1794 1420 1957 1478 habet
1979 1424 2239 1487 cumzeis,
2280 1434 2336 1478 et
2375 1425 2533 1479 totius
2574 1425 2845 1480 societatis
2879 1425 3138 1481 malorum
3180 1425 3235 1480 ﬁt
3272 1443 3373 1481 una

1798 1529 2020 1584 persona
2053 1531 2068 1570 :
2098 1530 2161 1569 ac
2204 1530 2301 1586 per
2343 1516 2449 1571 hoc
2480 1531 2601 1571 cum
2643 1517 2799 1571 simul
2851 1527 3072 1587 pereunt
3107 1518 3374 1588 simulque

1795 1602 2116 1658 damnantur
2138 1645 2153 1669 ,
2183 1619 2340 1667 causa
2372 1620 2464 1659 sua
2492 1615 2547 1661 et
2587 1622 2825 1675 persona
2838 1621 2932 1662 sua
2962 1609 3153 1680 cuique
3180 1610 3374 1681 praeiu-

1797 1694 1978 1761 dicat,
2019 1710 2125 1749 non
2155 1695 2348 1750 aliena.
2377 1696 2511 1751 Cum
2542 1712 2668 1752 vero
2703 1698 2827 1752 boni
2858 1706 2912 1752 et
2939 1699 3058 1754 mali
3090 1699 3229 1755 idem
3246 1716 3377 1757 ver-

1798 1787 1921 1842 bum
1948 1787 2038 1841 Dei
2065 1787 2221 1842 simul
2251 1787 2491 1854 audiunt,
2515 1797 2569 1842 et
2593 1789 2751 1844 simul
2782 1790 2870 1846 Dei
2896 1789 3236 1847 Sacramenta
3260 1808 3379 1861 per-

1798 1876 2034 1948 cipiunt,
2064 1884 2120 1932 et
2153 1886 2330 1933 tamen
2361 1877 2647 1934 dissimiles
2673 1879 2870 1935 habent
2905 1889 3119 1935 actuum
3156 1896 3376 1937 suorum

1799 1983 2024 2035 causas,
2071 1979 2126 2024 et
2168 1969 2455 2026 dissimiles
2498 1982 2692 2042 gerunt
2733 1973 3022 2029 voluntatis
3065 1974 3380 2031 dircrsitato

1802 2073 2092 2129 personas,
2122 2060 2368 2115 eumdem
2398 2060 2572 2116 cibum
2599 2073 2839 2118 sanctum
2864 2064 2982 2119 aliis
3009 2065 3384 2121 manducanti-

1802 2150 1903 2205 bus
1931 2151 2112 2222 digne,
2139 2152 2258 2206 aliis
2284 2152 2517 2224 indigne,
2543 2170 2640 2210 nec
2663 2169 2823 2211 causa
2848 2170 3021 2233 causae
3046 2158 3376 2228 pra‘judicat,

1802 2257 1900 2296 nec
1933 2256 2159 2311 persona
2190 2257 2454 2312 personae.

1875 2330 1962 2386 1,0.
2004 2332 2081 2387 Ac
2109 2347 2204 2402 per
2229 2330 2332 2389 hoc
2359 2349 2705 2406 quzrcumque
2746 2338 3046 2393 testimonia
3082 2339 3380 2396 divinarum

1803 2422 2198 2493 Seripturarum
2241 2426 2477 2496 episcOpi
2520 2428 2683 2482 vestri
2729 2443 3149 2486 commemorare
3196 2440 3386 2502 potue-

1805 2520 1947 2577 runt,
1977 2514 2168 2584 quibus
2193 2515 2260 2569 ab
2287 2517 2430 2570 omni
2458 2517 2716 2572 malorum
2743 2518 3016 2576 hominum
3037 2523 3388 2591 permixtione

1805 2620 1936 2674 pura
1969 2605 2420 2674 prmnuntiabatur
2450 2608 2684 2664 Ecclesia
2710 2651 2726 2675 ,
2773 2626 2879 2664 non
2924 2612 3096 2682 qualis
3128 2630 3268 2671 nunc
3306 2624 3389 2670 est

1808 2695 1912 2750 illis
1941 2696 2765 2767 testimoniisprwnunliaba.‘ur,
2789 2701 2880 2756 sed
2904 2703 3074 2773 qualis
3096 2713 3214 2773 post
3235 2705 3388 2760 istam

1809 2785 2186 2841 mortalitatem
2209 2787 2260 2840 in
2285 2789 2389 2842 vita
2410 2799 2610 2844 aeterna
2633 2790 2805 2845 futura
2828 2802 2929 2849 est.
2955 2794 3022 2849 Et
3044 2811 3391 2868 (inmotumque

1813 2877 2116 2932 testimonia
2163 2878 2558 2950 Scripturarum
2614 2893 2907 2952 posuerunt
2947 2884 3015 2941 de
3053 2885 3212 2955 ﬁliis,
3255 2904 3392 2959 quos

1813 2969 2008 3025 merito
2032 2981 2311 3040 parentum
2356 2971 2614 3027 imitando
2643 2974 2895 3030 malitiam
2921 3016 2937 3043 ,
2976 2992 3132 3032 unam
3161 2994 3281 3033 cutn
3312 2979 3392 3035 eis

1810 3075 2025 3116 causam
2057 3062 2258 3118 habere
2283 3062 2567 3119 voluerunt
2597 3065 2775 3136 :quod
2806 3082 2912 3122 non
2938 3068 3289 3141 intelligentes
3308 3070 3391 3125 di-

1811 3153 1933 3207 vina
1965 3154 2265 3207 testimonia
2293 3168 2473 3209 secum
2500 3170 2735 3226 pugnare
2763 3159 3057 3228 cogebant,
3090 3175 3189 3216 nec
3213 3169 3387 3216 utras-

1813 3260 1915 3314 que
1946 3259 2104 3298 voces
2137 3243 2231 3300 Dei
2259 3260 2353 3313 pro
2380 3244 2690 3302 diversitate
2718 3256 3013 3318 temporum
3033 3291 3048 3317 ,
3079 3264 3390 3317 causarum,

1817 3349 2270 3414 personarumque
2313 3334 2697 3407 distinguentes
2738 3339 2790 3393 in
2821 3339 3157 3395 concordiam
3186 3341 3394 3413 redige-

1817 3425 1943 3480 bant
1967 3468 1981 3491 ,
2019 3425 2112 3481 sed
2144 3426 2284 3481 sicut
2311 3435 2494 3481 contra
2536 3443 2635 3482 nos
2676 3429 2816 3499 ipsi,
2851 3430 2919 3485 ita
2947 3431 3105 3486 etiam
3144 3431 3397 3488 volebant

1817 3520 1958 3574 inter
1981 3535 2039 3575 se
2068 3519 2181 3590 ipsa
2207 3519 2383 3575 divina
2414 3520 2728 3577 documenta
2773 3538 3026 3594 pugnare.
3068 3524 3175 3579 Nec
3201 3524 3393 3580 mirum

1817 3613 1861 3667 si
1890 3627 2073 3683 pacem
2101 3612 2392 3683 Scriptura:
2422 3613 2513 3669 Dei
2542 3628 2646 3669 non
2680 3612 3074 3686 itttelligebant,
3097 3616 3186 3687 qui
3212 3632 3395 3688 pacem

1819 3719 1938 3760 cum
1963 3704 2078 3773 ejus
2105 3705 2342 3762 Ecclesia
2370 3721 2475 3761 non
2503 3706 2791 3764 habebant.

1889 3797 2114 3854 CAPUT
2147 3796 2279 3853 Vlll.
2308 3829 2380 3839 —
2406 3800 2492 3854 ll.
2533 3799 2642 3855 Nos
2671 3811 2847 3857 autem
2885 3812 3109 3874 utraque
3134 3804 3401 3875 accipien-

1824 3898 1904 3944 tes
1933 3888 2257 3952 testimonia,
2283 3888 2782 3947 demonstrabamus
2812 3902 3158 3966 utrorumque
3180 3909 3403 3951 concor-

1820 3979 1983 4034 diam.
2014 3979 2223 4035 Namet
2248 3979 2372 4034 illud
2401 3980 2811 4050 accusicbamus,
2843 3984 2980 4054 quod
3004 3985 3056 4039 in
3077 3985 3186 4040 suis
3214 3986 3404 4042 litteris

1824 4080 2378 4126 commemoraverunt
2403 4072 2656 4127 Ecclesia:
2676 4072 2874 4127 dictum
2896 4090 3038 4140 esse,
3069 4074 3176 4129 Nec
3198 4077 3404 4146 adjicict

1821 4162 1957 4214 ultra
1984 4177 2073 4231 per
2100 4170 2149 4213 te
2176 4162 2393 4214 transire
2416 4161 2801 4214 incircumcisus
2844 4171 2891 4215 et
2929 4163 3217 4217 immundus
3248 4162 3400 4228 (lsai.

1823 4264 1927 4313 ιιι,
1960 4249 2063 4317 l);
2113 4260 2167 4304 et
2215 4248 2341 4301 illud
2381 4250 2523 4318 quod
2571 4250 2826 4319 scriptum
2854 4262 2972 4318 est,
3004 4252 3169 4307 Sinite
3192 4262 3407 4325 utraque

1823 4356 2044 4395 crescere
2070 4357 2224 4409 usque
2248 4340 2316 4392 ad
2340 4356 2549 4396 messem
2580 4342 2803 4413 (Matth.
2837 4359 2929 4398 xm
2951 4386 2966 4411 ,
2997 4345 3066 4401 50
3090 4346 3108 4416 )
3135 4363 3147 4399 :
3178 4347 3272 4402 sed
3302 4347 3406 4404 hoc

1825 4448 1945 4487 esse
1975 4433 2026 4485 in
2057 4445 2207 4502 agro,
2242 4431 2370 4486 illud
2395 4430 2626 4486 futurum
2651 4434 2713 4487 in
2732 4433 2943 4489 horreo.
2972 4434 3209 4506 Denique
3229 4445 3283 4491 et
3303 4437 3404 4507 ipsi

1826 4524 1917 4594 qui
1943 4524 2032 4578 diu
2064 4522 2453 4578 contenderunt
2471 4565 2486 4589 ,
2515 4523 2752 4579 dicentes
2773 4565 2788 4587 ,
2816 4526 3012 4579 zizania
3039 4542 3153 4597 qua:
3176 4543 3291 4582 cum
3313 4529 3405 4583 tri-

1827 4617 1924 4670 tico
1948 4614 2100 4669 simul
2122 4630 2343 4668 crescere
2366 4631 2521 4682 usque
2545 4615 2613 4668 ad
2640 4631 2847 4670 messem
2874 4618 3115 4687 permissa
3136 4628 3274 4686 sunt,
3303 4635 3407 4675 non

1830 4706 1882 4758 in
1904 4702 2265 4769 Ecclesia,.sed
2282 4704 2334 4758 in
2356 4705 2542 4759 mundo
2564 4722 2689 4771 esse,
2713 4715 2894 4760 contra
2920 4707 3244 4763 intellectum
3267 4724 3410 4764 mar-

1834 4795 1967 4865 tyris
1986 4793 2257 4866 Cypriani,
2280 4794 2369 4863 qui
2395 4794 2547 4862 dixit,
2574 4794 2642 4849 Et
2661 4798 2705 4850 si
2728 4798 2957 4851 videntur
2982 4798 3034 4851 in
3056 4797 3284 4854 Ecclesia
3303 4817 3411 4856 esse

1831 4886 2047 4946 zizania,
2079 4901 2180 4938 non
2205 4894 2369 4938 tamen
2396 4886 2626 4956 impediri
2653 4887 2792 4941 debet
2821 4898 2907 4940 aut
2933 4889 3058 4957 ﬁdes
3080 4932 3094 4955 ,
3124 4900 3210 4945 aut
3234 4894 3410 4946 chari-

1835 4990 1911 5032 tas
1936 4986 2144 5042 nostra;
2182 4987 2235 5031 ut
2273 4978 2509 5046 quoniam
2539 4979 2736 5032 sizania
2767 4995 2872 5034 esse
2898 4980 2952 5034 in
2981 4979 3210 5039 Ecclesia
3243 4988 3409 5040 cerni-

1836 5087 1948 5125 mus
1973 5110 1987 5134 ,
2010 5070 2108 5141 ipsi
2138 5070 2202 5123 de
2227 5068 2453 5123 Ecclesia
2482 5069 2789 5125 recedamus.
2824 5072 2889 5126 Ει
2916 5073 3158 5131 nolentes
3185 5090 3411 5133 consen-

1838 5165 1936 5218 tire
1964 5160 2145 5215 mundi
2166 5160 2378 5215 nomine
2401 5161 2692 5215 Ecclesiam
2718 5176 2875 5231 posse
2896 5165 3204 5235 signiﬁcari,
3226 5178 3413 5225 contra

1835 5253 1999 5308 verba
2028 5252 2266 5321 Apostoli
2305 5253 2394 5322 qui
2433 5252 2605 5318 dixit,
2646 5252 2786 5309 Deus
2813 5266 2920 5310 erat
2954 5259 3006 5313 in
3040 5257 3239 5316 Christo
3267 5277 3416 5316 mun-

1838 5345 1960 5400 dum
1986 5342 2315 5397 reconcilians
2343 5343 2473 5409 sibi;
2503 5353 2558 5398 et
2585 5355 2769 5400 contra
2799 5347 2965 5417 ipsius
3001 5351 3161 5406 verba
3205 5351 3416 5407 Domini

1838 5439 1927 5508 qui
1948 5438 2102 5501 dixit,
2129 5437 2247 5492 Non
2272 5440 2402 5493 venit
2431 5437 2597 5492 Filius
2624 5440 2840 5497 hominis
2860 5452 2912 5496 ut
2930 5443 3121 5514 iudicet
3149 5444 3413 5512 mundum,

1840 5528 1928 5586 sed
1956 5539 2009 5584 ut
2039 5530 2257 5584 salvetur
2282 5529 2498 5584 mundus
2525 5547 2613 5600 per
2635 5532 2801 5601 ipsum
2829 5533 3003 5605 (Joan.
3028 5548 3085 5589 ut
3106 5575 3122 5601 ,
3156 5534 3245 5607 l7)
3276 5553 3289 5591 :
3318 5552 3419 5594 ne-

1843 5635 1945 5692 que
1971 5621 2110 5676 enim
2139 5620 2470 5675 reconciliari
2498 5621 2607 5676 Deo
2635 5632 2690 5677 et
2716 5623 2908 5679 salvari
2937 5638 3031 5692 per
3056 5624 3228 5695 ipsum
3259 5641 3417 5682 mun-

1846 5713 1945 5767 dus
1975 5720 2145 5783 potest
2174 5753 2186 5779 ,
2217 5710 2316 5768 nisi
2344 5711 2523 5770 mundi
2547 5714 2760 5770 nomine
2789 5713 3105 5787 intelligatur
3136 5715 3374 5775 Eodem
3395 5756 3417 5786 ,
