3784 6188
397 371 502 427 059

398 498 519 553 qua:
549 479 657 534 sola
705 491 796 547 per
836 488 956 528 cum
986 472 1093 526 Deo
1131 467 1470 525 reconciliata
1498 464 1765 520 salvatur:
1798 469 1974 513 tamen

400 578 457 630 in
489 573 574 628 illa
606 565 951 624 similitudine
980 578 1136 633 quam
1167 577 1231 616 ex
1266 557 1556 628 Evangelio
1584 567 1978 608 commemora~

400 667 593 728 vimus,
624 659 764 731 quod
794 667 847 712 et
873 656 997 711 boni
1024 663 1076 708 ct
1102 652 1225 706 mali
1257 652 1429 721 pisces
1449 690 1463 714 ,
1500 659 1775 718 quousque
1807 644 1858 697 in
1889 643 1977 697 lit-

403 766 521 811 tore
541 794 555 818 ,
588 752 689 807 hoc
717 757 818 814 est,
849 748 901 802 in
934 747 1039 800 fine
1057 743 1235 799 smculi
1265 747 1596 811 separentur,
1628 738 1762 791 intra
1789 732 1976 790 eadem

399 843 648 918 permixti
679 841 810 897 retia
838 838 1176 894 continentur
1208 834 1415 906 (Matth.
1441 848 1570 899 xm,
1602 828 1789 898 47-50)
1810 869 1823 891 ,
1853 825 1976 879 victi

399 936 664 993 evidentia
691 931 926 988 veritatis
955 929 1124 983 malos
1159 928 1211 981 in
1255 925 1490 981 Ecclesia
1532 937 1699 992 usque
1735 921 1786 974 in
1817 921 1975 973 linem

399 1027 580 1082 saeculi
609 1024 898 1096 permixtos
924 1035 1042 1075 esse
1071 1017 1301 1072 confessi
1325 1025 1445 1070 sunt
1469 1032 1484 1079 ;
1514 1013 1605 1068 sed
1627 1026 1721 1068 eos
1742 1011 1980 1066 occultos

401 1133 522 1176 esse
545 1119 811 1182 dixerunt,
838 1113 1086 1185 quoniam
1113 1113 1188 1166 sic
1210 1127 1237 1164 a
1261 1107 1625 1164 sacerdotibus
1646 1107 1977 1175 ignorantur,

398 1207 849 1279 quemadmodum
883 1205 1054 1275 pisces
1081 1203 1214 1256 intra
1243 1200 1372 1255 retia
1403 1213 1522 1253 cum
1557 1197 1729 1251 adhuc
1759 1195 1811 1249 in
1841 1193 1978 1248 mari

399 1309 559 1365 sunt,
588 1314 617 1352 a
657 1295 1008 1368 piscatoribus
1052 1293 1186 1346 intra
1231 1289 1359 1345 retia
1401 1304 1504 1342 non
1547 1286 1808 1341 videntur.
1833 1285 1978 1352 Quo-

402 1390 564 1444 modo
602 1402 729 1458 ergo
770 1383 1128 1441 testimonium
1173 1379 1537 1452 propheticum
1564 1419 1577 1440 ,
1623 1376 1763 1446 quod
1805 1375 1855 1428 in
1885 1387 1978 1427 sua

401 1481 758 1552 responsione
787 1484 1109 1548 posuerunt,
1154 1471 1293 1543 quod
1331 1470 1581 1526 Ecclesia:
1625 1468 1823 1521 dictum
1856 1476 1931 1520 est
1962 1507 1976 1530 ,

405 1571 530 1628 Non
556 1570 760 1641 adjiciet
787 1569 920 1622 ultra
950 1583 1038 1636 per
1065 1577 1112 1619 te
1141 1563 1352 1618 transire
1386 1559 1765 1613 incircumcisus
1805 1566 1850 1610 et
1879 1557 1978 1609 im-

406 1662 646 1726 nmndus,
676 1658 740 1712 ad
772 1657 872 1712 hoc
894 1665 1099 1727 tempus
1127 1654 1390 1724 pertinere
1411 1651 1738 1720 intelligitur,
1770 1647 1983 1718 quando

406 1752 643 1808 Ecclesia
671 1749 869 1804 retibus
888 1753 1191 1815 comparata
1219 1752 1319 1807 est,
1344 1743 1534 1812 quibus
1561 1741 1611 1793 in
1637 1741 1764 1793 mari
1808 1737 1981 1792 adhuc

402 1845 592 1915 positis
623 1844 794 1912 pisces
821 1839 989 1894 malos
1014 1836 1168 1892 bonis
1191 1835 1478 1905 permixtos
1499 1833 1580 1886 vel
1603 1830 1837 1886 occultos
1863 1844 1983 1884 esse

403 1933 635 1990 confessi
661 1942 780 1987 sunt
803 1930 828 1983 ?
848 1928 1001 1984 Unde
1025 1925 1361 1982 manifestum
1385 1933 1466 1980 est
1492 1922 1701 1979 nonnisi
1731 1922 1782 1975 in
1807 1919 1984 1976 futuro

403 2026 600 2080 s;rculo
628 2031 750 2094 post
785 2019 1040 2092 judicium
1082 2017 1283 2073 nullum
1327 2015 1750 2070 incircumcisum
1791 2021 1844 2067 et
1883 2011 1984 2065 im-

407 2115 659 2172 mundum
691 2129 783 2184 per
810 2112 1100 2166 Ecclesium
1140 2109 1481 2164 transiturum
1534 2105 1578 2160 Ο
1608 2103 1861 2159 violentia
1890 2119 1984 2156 ve-

407 2209 599 2273 ritatis,
625 2221 744 2277 quin
775 2218 921 2269 suos,
952 2219 1057 2256 non
1085 2202 1134 2254 in
1165 2215 1354 2266 carne,
1383 2198 1477 2252 scd
1504 2199 1553 2251 in
1583 2197 1743 2251 corde
1773 2205 1986 2265 torquet

408 2299 651 2353 inimicos
672 2339 686 2362 ,
716 2305 775 2350 ut
803 2310 918 2348 eam
951 2293 1306 2347 confiteantur
1335 2289 1527 2342 inviti?

478 2388 704 2443 CAPUT
729 2386 818 2440 lX.
851 2394 922 2424 —'—-
959 2384 1044 2438 12.
1100 2381 1240 2437 Ecce
1287 2378 1678 2434 manifestatum
1723 2387 1802 2430 est
1848 2376 1987 2446 quod

408 2482 683 2536 dicebatur
713 2494 741 2531 a
772 2477 924 2531 nobis
945 2518 957 2541 ,
989 2474 1358 2545 distinguenda
1387 2488 1505 2528 esse
1533 2480 1766 2541 tempora
1799 2471 1986 2526 Eccle-

413 2571 508 2624 sia:
533 2589 546 2624 :
581 2585 684 2623 non
711 2583 827 2622 eam
856 2581 997 2620 nunc
1022 2578 1139 2619 esse
1162 2563 1352 2628 talem,
1381 2563 1550 2632 qualis
1577 2577 1611 2631 p
1633 2573 1695 2615 ist
1753 2578 1816 2614 rw
1839 2577 1945 2616 urri
1965 2590 1989 2600 -

405 2661 638 2716 etionem
681 2657 854 2712 futura
901 2664 982 2711 est
1012 2673 1026 2709 :
1059 2670 1199 2710 nunc
1239 2654 1406 2709 malos
1430 2652 1627 2709 habere
1658 2654 1946 2723 permixtos
1973 2694 1987 2718 ,

413 2764 540 2807 tunc
577 2751 794 2806 omnino
838 2765 943 2803 non
988 2748 1283 2802 habituram
1317 2765 1328 2801 :
1361 2745 1427 2800 ad
1459 2746 1602 2800 illam
1635 2745 1750 2814 ejus
1787 2745 1990 2814 purita-

414 2854 544 2906 tem,
577 2857 682 2895 non
709 2839 774 2894 ad
802 2838 959 2908 hujus
986 2837 1240 2908 temporis
1266 2836 1672 2907 permixtionem
1705 2835 1790 2889 illa
1813 2835 1990 2889 divina

409 2934 712 2989 testimonia
745 2933 1011 3002 pertinere
1038 2973 1051 2995 ,
1085 2931 1275 3000 quibus
1316 2945 1433 2986 eam
1478 2928 1619 2984 Deus
1656 2928 1896 2997 pra-dixit
1925 2929 1992 2984 ab

411 3024 557 3077 omni
603 3024 862 3077 malorum
908 3021 1258 3090 permixtione
1304 3019 1517 3089 penitus
1560 3018 1810 3073 alienam.
1852 3017 1992 3072 Ecce

412 3115 572 3168 etiam
598 3113 696 3182 ipsi
728 3114 947 3165 veritate
984 3112 1285 3181 evangeliea
1324 3125 1427 3164 non
1470 3109 1613 3165 aliud
1657 3110 1826 3164 coacti
1869 3118 1994 3165 sunt

413 3201 654 3257 confiteri
680 3242 694 3266 ,
727 3201 816 3271 qui
844 3201 1010 3255 malos
1037 3201 1272 3259 occultos
1302 3189 1447 3260 nunc
1470 3200 1518 3258 ei
1560 3200 1850 3274 permixtos
1875 3213 1994 3257 esse

413 3293 681 3355 dixerunt.
733 3293 874 3353 Ecce
918 3309 1057 3351 nunc
1097 3295 1286 3351 transit
1315 3311 1408 3367 per
1437 3295 1580 3351 illam
1607 3337 1620 3360 ,
1662 3295 1784 3349 licet
1814 3296 1992 3349 occu’-

413 3403 501 3448 tus
526 3435 540 3459 ,
573 3391 878 3447 immundus
912 3406 924 3444 :
956 3406 1062 3444 non
1091 3397 1173 3446 est
1198 3403 1325 3460 ergo
1375 3396 1587 3458 tempus
1615 3387 1757 3458 quod
1798 3387 1990 3460 praedi-

412 3492 555 3538 ctum
588 3494 669 3538 est
692 3524 707 3549 ,
737 3482 944 3536 dicente
973 3481 1260 3550 Propheta,
1293 3478 1413 3534 Non
1439 3480 1641 3551 adjiciat
1665 3481 1795 3534 ultra
1833 3496 1921 3549 per
1950 3489 1997 3534 te

415 3573 632 3627 transire
655 3573 1032 3626 incircumcisus
1060 3581 1105 3624 et
1130 3571 1423 3625 immundus
1448 3587 1467 3625 :
1500 3587 1640 3626 nunc
1669 3586 1793 3641 ergo
1825 3580 1996 3625 trans-

412 3675 544 3720 eunt
571 3664 650 3719 vel
679 3664 893 3719 ocmilti.
926 3663 1055 3717 Nam
1098 3671 1152 3717 et
1189 3661 1290 3717 hoc
1328 3663 1499 3732 ipsum
1546 3661 1685 3732 quod
1723 3661 1833 3727 ait,
1875 3661 1994 3716 Non

415 3757 619 3826 adjiciet
649 3757 780 3810 ultra
806 3798 820 3822 ,
853 3755 1086 3809 ostendit
1111 3771 1201 3809 eos
1231 3755 1378 3824 prius
1405 3755 1577 3810 solere
1604 3755 1831 3810 transire
1858 3795 1870 3818 ,
1902 3753 1995 3809 sed

419 3849 556 3901 ultra
585 3864 688 3900 non
721 3847 1054 3900 transituros.
1100 3847 1164 3900 Et
1205 3864 1231 3899 a
1274 3847 1426 3901 nobis
1463 3847 1718 3903 invidiose
1755 3847 1995 3916 require-

422 3941 548 3994 bant
570 3981 582 4001 ,
612 3939 877 4009 quomodo
909 3940 1137 4008 potuerit
1165 3939 1214 3992 in
1244 3939 1480 3993 Ecclesia
1524 3939 1716 3993 Christi
1756 3938 1998 3994 diabolus

419 4031 685 4084 seminare
713 4029 932 4092 zizania,
965 4045 1085 4082 cum
1108 4027 1205 4098 ipsi
1233 4029 1521 4082 faterentur
1547 4029 1598 4081 in
1626 4028 1858 4082 Ecclesia
1887 4043 2000 4080 ma-

425 4122 508 4176 los
534 4119 722 4174 saltem
745 4119 981 4173 occultos
1007 4132 1124 4172 csse
1147 4117 1457 4187 permixtos,
1478 4132 1574 4171 nec
1604 4133 1666 4171 ve
1708 4137 1788 4169 ι-ι..
1824 4142 1831 4166 ~.
1859 4131 1869 4168 l
1933 4133 1996 4172 n-

421 4211 550 4266 dcre
577 4224 606 4263 a
637 4207 850 4264 diabolo
881 4209 1058 4278 utique
1080 4209 1387 4262 seminalos.

491 4295 718 4356 CAPUT
758 4299 824 4355 X.
867 4331 938 4340 —
983 4300 1068 4354 15.
1123 4299 1234 4354 Hoc
1287 4300 1456 4368 ipsum
1500 4301 1658 4354 etiam
1713 4301 1850 4369 quod
1900 4301 1999 4354 sibi

421 4402 633 4447 acutum
662 4393 928 4447 invenisse
956 4392 1296 4460 videbantur,
1325 4401 1507 4446 contra
1535 4405 1591 4446 se
1618 4392 1792 4462 potius
1821 4393 2000 4463 profe-

423 4484 630 4538 rebant.
666 4483 722 4538 Si
752 4483 893 4538 enim
921 4483 1177 4536 Dominus
1208 4491 1482 4552 propterea
1516 4482 1714 4537 retibus
1754 4483 1923 4537 bonos
1949 4495 2006 4538 et

426 4573 596 4628 malos
622 4573 794 4643 pisces
820 4571 1016 4641 pariter
1047 4571 1490 4641 congregantibus
1530 4572 1818 4627 Ecelesiam
1859 4589 2004 4627 com-

429 4665 672 4735 paravit;
703 4663 823 4734 quia
850 4663 1019 4718 malos
1050 4665 1100 4717 in
1135 4663 1367 4717 Ecclesia
1402 4679 1505 4718 non
1536 4662 1844 4718 manife~tos
1866 4705 1881 4730 ,
1911 4663 2004 4719 sed

426 4760 650 4812 latentes
677 4755 899 4826 intelligi
927 4755 1122 4820 voluit,
1150 4769 1280 4824 quos
1311 4755 1380 4808 ita
1409 4755 1649 4809 nesciunt
1676 4754 2002 4822 sacerdotes,

425 4848 873 4918 quemadmodum
905 4848 1003 4902 sub
1029 4846 1269 4902 fluetibus
1295 4846 1417 4916 quid
1458 4847 1697 4916 ceperint
1736 4847 1865 4902 retia
1909 4863 2004 4902 ne-

429 4943 604 4996 sciunt
633 4942 924 5011 piseatorcs
955 4958 966 4991 :
999 4949 1276 5010 propterea
1307 4953 1434 5010 ergo
1462 4947 1515 4993 ct
1540 4953 1678 4993 area:
1704 4949 2005 5008 comparata

427 5033 550 5097 est,
598 5043 656 5087 ut
699 5035 857 5089 etiam
907 5033 1168 5087 manifesti
1213 5032 1333 5086 mali
1378 5031 1530 5087 bonis
1573 5032 1624 5085 in
1669 5047 1728 5086 ea
1761 5033 2007 5101 permixti

429 5128 914 5198 prtenuntiarenlnr
959 5127 1138 5180 futuri.
1180 5125 1360 5197 Neque
1407 5126 1548 5181 enim
1594 5127 1742 5197 palea
1791 5143 1908 5196 quae
1957 5127 2008 5182 in

431 5233 556 5274 area
585 5228 667 5273 est
696 5219 951 5287 permixta
981 5217 1281 5281 frumentis,
1314 5219 1472 5271 etiam
1501 5217 1610 5287 ipsa
1637 5217 1737 5272 sub
1767 5217 2013 5274 ﬂuctibus

433 5315 579 5376 latet,
611 5327 730 5382 qua:
759 5312 834 5364 sic
857 5311 1094 5366 omnium
1127 5312 1294 5366 oculis
1319 5321 1400 5367 est
1428 5311 1734 5381 conspicua,
1758 5321 1814 5367 ut
1841 5313 2014 5382 potius

433 5404 645 5460 occulta
674 5403 782 5457 sint
812 5403 862 5455 in
893 5417 953 5456 ea
987 5402 1248 5458 frumenta
1275 5447 1286 5463 .
1318 5419 1440 5458 cum
1470 5405 1539 5459 sit
1568 5406 1677 5474 ipsa
1709 5405 2010 5461 manifesta.

438 5497 513 5551 De
540 5495 639 5549 hac
666 5503 842 5547 autem
866 5508 1004 5549 arcae
1025 5494 1369 5550 similitudine
1389 5537 1403 5558 ,
1431 5493 1550 5564 quia
1591 5504 1646 5550 et
1679 5496 1846 5566 ipsam
1878 5496 2016 5552 inter

436 5595 660 5641 carteras
681 5601 744 5641 ex
770 5585 1051 5655 Evangelio
1075 5601 1439 5656 posueramus,
1463 5587 1596 5641 nihil
1619 5588 1669 5642 in
1699 5589 1886 5643 litteris
1907 5589 2017 5644 suis

443 5687 629 5732 contra
658 5691 755 5733 nos
779 5676 1009 5731 scribere
1033 5685 1338 5745 potuerunt,
1363 5677 1460 5731 nisi
1482 5677 1766 5732 Jcremiam
1797 5681 2019 5749 prophe-

444 5783 544 5822 tam
569 5768 786 5832 dixisse,
815 5768 946 5833 Quid
971 5769 1130 5838 paleis
1152 5768 1219 5821 ad
1241 5768 1459 5821 triticum
1484 5767 1694 5845 (Jercm.
1720 5786 1868 5837 xxtn,
1892 5772 2020 5842 9.8)?

1102 358 1194 413 AD
1236 348 1654 411 DONATISTAS
1691 345 1858 404 POS'I‘
1897 342 1993 398 ΕΟ]

2122 340 2395 404 ΤΙΟΝΕΜ,
2440 343 2495 397 S.
2540 343 2722 398 AUGU
2750 343 2903 398 nTlNl

3575 343 3692 400 660

2086 454 2236 522 Quod
2266 455 2384 512 ideo
2412 457 2562 523 divit,
2591 457 2714 528 quia
2743 459 2930 513 similia
2963 475 3065 514 non
3089 469 3232 527 sunt,
3261 476 3370 515 non
3394 462 3517 533 quia
3552 478 3693 533 per-

2086 549 2247 603 mixta
2277 563 2395 604 esse
2427 566 2531 604 non
2573 561 2830 619 possunt;
2872 552 2990 622 quia
3032 553 3082 606 in
3123 551 3322 608 horreo
3361 570 3470 609 non
3510 555 3690 610 simul

2086 651 2260 706 erunt,
2291 657 2394 696 n0n
2418 643 2536 711 quia
2559 643 2611 697 in
2635 659 2754 698 arca
2779 649 2975 714 pariter
2995 661 3098 698 non
3124 647 3462 702 triturantur.
3486 648 3687 717 Quan-

2085 747 2242 802 quam
2267 732 2525 789 Jeremias
2553 749 2675 789 cum
2707 735 2809 790 hoc
2833 735 3070 804 diceret,
3103 752 3209 791 non
3254 739 3450 809 agebat
3477 741 3552 797 de
3593 757 3691 811 po-

2085 825 2211 894 pulo
2258 824 2388 892 Dei,
2436 825 2529 880 scd
2575 825 2642 881 de
2683 827 2906 881 somniis
2952 825 3227 884 hominum
3274 841 3331 885 et
3377 831 3689 888 visionibus

2085 915 2470 985 Prophetarum
2506 936 2517 972 :
2550 918 2669 987 quia
2700 920 2811 974 hrcc
2840 919 2945 974 duo
2975 920 3117 975 nulla
3145 921 3498 979 similitudine
3521 939 3681 979 como

2086 1005 2316 1076 paranda
2356 1018 2516 1073 sunt,
2547 1008 2685 1063 sicut
2711 1009 3021 1079 plenitudini
3052 1011 3212 1068 tritici
3241 1012 3478 1070 inanitas
3503 1015 3688 1086 palea:

2085 1114 2190 1152 non
2223 1107 2396 1169 potest
2419 1101 2742 1169 comparari.
3561 1160 3564 1162 γ

2158 1189 2243 1244 14.
2287 1190 2647 1246 Tcntaverunt
2681 1207 2810 1247 sane
2848 1194 3080 1266 episcopi
3109 1197 3277 1252 vestri
3304 1214 3508 1270 negare
3536 1201 3688 1256 scri-

2086 1288 2231 1350 ptum
2255 1281 2306 1334 in
2326 1281 2630 1354 Evangelio,
2651 1284 2792 1354 quod
2813 1301 2953 1342 area;
2973 1287 3041 1343 sit
3063 1289 3301 1346 Ecclesia
3322 1304 3649 1363 comparata
3670 1313 3686 1349 :

2085 1370 2178 1425 sed
2209 1387 2330 1426 mox
2369 1374 2793 1444 cvangelicorutn
2833 1378 3115 1435 verborum
3154 1385 3685 1442 commemoratione

2085 1461 2314 1517 convicti
2345 1462 2410 1518 ad
2441 1463 2494 1518 id
2521 1480 2580 1521 se
2605 1476 2980 1525 converterunt
3005 1513 3020 1538 ,
3051 1479 3109 1526 ut
3136 1471 3298 1527 etiam
3330 1475 3401 1531 ibi
3431 1464 3688 1533 dicerent

2087 1555 2325 1609 occultos
2347 1557 2511 1611 malos
2535 1559 2876 1628 significatos,
2905 1577 3007 1617 non
3030 1565 3361 1633 manifestos,
3389 1566 3462 1622 de
3485 1569 3688 1638 quibus

2088 1649 2341 1717 scriptum
2370 1659 2445 1703 cst
2470 1692 2484 1716 ,
2528 1649 2699 1704 Veniet
2727 1655 2894 1722 ferens
2923 1655 3250 1710 ventilabrunt
3277 1657 3328 1712 in
3361 1675 3519 1713 manu
3546 1677 3652 1714 sua
3672 1701 3686 1724 ,

2089 1748 2134 1791 et
2163 1740 2423 1793 mundubit
2453 1757 2623 1793 arcam
2655 1759 2840 1808 suout;
2867 1749 3120 1815 frumenta
3140 1750 3377 1803 recondat
3397 1751 3453 1803 in
3473 1753 3687 1818 horreo,

2093 1829 2267 1897 paleas
2295 1839 2459 1882 autem
2490 1831 2742 1885 comburat
2769 1834 2875 1904 igni
2901 1836 3297 1906 inexstinguibili
3317 1839 3337 1910 (
3361 1837 3553 1894 Matth.
3583 1856 3647 1895 In
3671 1884 3686 1907 ,

2091 1914 2213 1989 12).
2242 1916 2348 1973 Vos
2378 1917 2553 1990 itaque
2578 1920 2831 1991 judicate,
2861 1924 3064 1994 aperite
3085 1927 3290 1994 oculos,
3318 1941 3483 1984 aures
3507 1925 3694 1986 inten-

2089 2008 2200 2064 dite
2225 2010 2434 2064 veritati
2468 2029 2479 2064 ε
2515 2012 2558 2066 si
2589 2023 2888 2083 prepterca,
2915 2017 3051 2071 sicut
3079 2017 3176 2088 ipsi
3202 2018 3478 2086 dixerunt,
3511 2020 3690 2076 Domia

2091 2114 2191 2154 nus
2225 2100 2514 2156 Ecclesium
2545 2103 2744 2160 retibus
2769 2095 3119 2177 comparavit,
3151 2110 3272 2178 quia
3302 2125 3408 2165 non
3434 2112 3690 2168 manifes-

2093 2199 2197 2260 tos,
2231 2192 2323 2248 sed
2355 2193 2581 2249 latentes
2609 2194 2659 2248 iu
2689 2211 2748 2250 ea
2777 2197 2948 2252 malos
2974 2197 3190 2269 intelligi
3218 2201 3422 2270 voluit,
3452 2218 3592 2274 quos
3615 2204 3686 2258 ita

2093 2297 2196 2336 non
2242 2284 2422 2338 vident
2462 2286 2800 2354 sacerdotes,
2843 2290 3286 2359 quemadmodum
3326 2294 3508 2364 pisces
3546 2296 3689 2351 intra

2093 2374 2225 2427 retia
2253 2375 2352 2429 sub
2377 2374 2624 2430 fluctibus
2652 2392 2756 2431 non
2788 2378 2963 2433 vident
2989 2381 3278 2450 piscatores
3302 2401 3316 2448 ;
3343 2385 3606 2455 numquid
3628 2394 3684 2441 et

2093 2479 2215 2518 area
2239 2465 2336 2517 sub
2362 2482 2494 2535 aqua
2525 2467 2607 2521 vel
2638 2468 2736 2522 sub
2764 2477 2902 2524 terra
2937 2473 3252 2527 trituratur?
3285 2484 3379 2529 aut
3404 2485 3555 2532 certe
3585 2491 3688 2532 no-

2095 2560 2297 2614 cturnis
2326 2560 2470 2615 horis
2491 2601 2506 2627 ,
2534 2562 2714 2617 nonin
2743 2563 2856 2618 sole
2884 2566 3196 2634 conteritur,
3227 2568 3398 2623 autin
3429 2585 3494 2624 ea
3523 2571 3686 2625 msti-

2096 2667 2190 2706 cus
2237 2668 2410 2707 crocus
2455 2655 2749 2724 operatur?
2795 2655 3005 2724 Quanto
3045 2674 3172 2729 ergo
3216 2661 3410 2716 melius
3449 2678 3513 2718 se
3543 2664 3688 2734 ipsos

2097 2744 2404 2813 corrigunt,
2429 2760 2586 2814 quam
2628 2747 2908 2817 Evangelia
2939 2759 3119 2805 sancta
3151 2762 3467 2820 pervertunt
3491 2796 3506 2819 ,
3539 2767 3594 2810 et
3620 2755 3682 2810 ad

2097 2846 2290 2886 vanum
2319 2848 2427 2888 suae
2454 2835 2647 2890 mentis
2673 2851 2914 2893 errorem
2954 2838 3160 2909 eloquia
3200 2840 3468 2898 dominica
3501 2843 3683 2900 detor-

2097 2937 2260 2992 quere
2289 2927 2570 2979 conantur!
2604 2927 2706 2980 Aut
2737 2928 2876 2982 enim
2915 2938 2968 2984 et
3008 2931 3094 2984 illa
3137 2932 3361 3001 piscium
3391 2935 3683 2990 similitudo

2098 3031 2204 3068 non
2235 3024 2452 3086 propter
2477 3017 2714 3074 occultos
2737 3061 2753 3084 ,
2783 3019 2876 3075 sed
2906 3029 3108 3076 tantum
3138 3032 3352 3095 propter
3393 3025 3594 3084 mixtos
3632 3027 3686 3085 in

2099 3104 2334 3160 Ecclesia
2365 3107 2532 3161 malos
2556 3121 2587 3162 a
2613 3108 2838 3165 Domino
2859 3112 3032 3183 posita
3059 3120 3143 3170 est
3175 3134 3188 3169 :
3221 3126 3310 3172 aut
3328 3128 3477 3175 certe
3503 3121 3682 3190 singu-

2099 3194 2164 3253 lis
2189 3195 2348 3253 rebus
2377 3197 2604 3269 propt'ia.‘
2632 3198 3004 3260 similitudines
3030 3204 3167 3261 data:
3193 3217 3335 3274 sunt,
3363 3209 3432 3265 de
3453 3211 3684 3280 piscibus

2100 3299 2316 3358 pmpter
2343 3291 2580 3347 occultos
2600 3335 2615 3357 ,
2648 3291 2715 3348 de
2740 3309 2862 3349 area
2895 3307 3110 3368 propter
3137 3299 3449 3356 manifestos
3476 3303 3678 3367 malos;

2099 3378 2242 3450 quod
2283 3381 2420 3436 sicut
2460 3380 2534 3436 illi
2572 3389 2696 3439 ante
2737 3384 2883 3441 littus
2905 3427 2921 3453 ,
2955 3386 3031 3444 sic
3060 3389 3147 3445 isti
3176 3398 3300 3446 ante
3327 3394 3681 3449 ventilahrum

2099 3471 2254 3528 bonis
2275 3472 2327 3526 in
2347 3471 2587 3528 Ecclesia
2609 3474 2949 3533 misceantur.
2974 3478 3077 3551 ipsi
3098 3481 3239 3537 enim
3256 3498 3355 3539 nos
3370 3483 3679 3555 admonent,

2100 3571 2161 3617 ut
2183 3563 2236 3618 in
2262 3578 2385 3619 area
2411 3563 2620 3635 paleam
2650 3557 2963 3625 manifestos
2989 3569 3040 3626 in
3063 3571 3299 3629 Ecclesia
3329 3575 3499 3633 malos
3530 3577 3681 3633 intelo

2101 3656 2347 3727 ligamus,
2376 3660 2463 3728 qui
2495 3659 2667 3728 pisces
2693 3661 2950 3728 reprobos
2979 3663 3112 3716 intra
3143 3668 3374 3720 natantia
3405 3670 3542 3724 retia
3570 3684 3681 3739 pro-

2101 3757 2218 3818 pter
2248 3750 2490 3804 occultos
2532 3752 2705 3808 malos
2745 3753 2963 3824 intelligi
2999 3755 3214 3821 volunt,
3245 3758 3366 3827 quia
3399 3758 3541 3814 sicut
3571 3760 3679 3814 illos

2102 3839 2346 3896 nesciunt
2371 3841 2684 3911 piscatores,
2707 3844 2784 3900 sic
2809 3844 2942 3902 istos
2966 3847 3209 3902 nesciunt
3232 3848 3562 3907 sacerdotes.
3583 3851 3682 3907 Cur

2104 3933 2245 3986 enim
2278 3947 2383 3987 non
2412 3933 2648 3989 dicamus
2673 3977 2687 4001 ,
2716 3936 2805 3992 Sic
2839 3953 2966 4008 ergo
3005 3947 3061 3993 et
3095 3940 3245 4009 palea
3277 3942 3545 3998 manifesti
3571 3949 3683 3998 sunt

2106 4023 2252 4087 mali,
2277 4024 2397 4094 quia
2423 4024 2474 4078 in
2497 4035 2680 4096 aperto
2701 4043 2816 4082 eam
2836 4028 3016 4084 vident
3037 4031 3405 4088 trituratorcs?
3424 4033 3534 4090 Sed
3556 4036 3682 4090 sicut

2106 4114 2177 4167 illi
2208 4129 2312 4167 non
2345 4125 2567 4183 possunt
2596 4128 2719 4172 ante
2746 4117 2939 4172 littoris
2960 4120 3158 4174 exitum
3186 4125 3423 4192 separari
3447 4143 3462 4191 ;
3494 4126 3575 4180 sic
3594 4139 3680 4180 nec

2105 4205 2191 4258 illa
2220 4213 2397 4274 potest
2422 4217 2546 4263 ante
2573 4206 2732 4264 finem
2760 4208 2994 4265 debitum
3021 4210 3290 4268 ventilari.
3320 4213 3566 4272 Custodit
3592 4233 3678 4272 au-

2109 4309 2214 4352 tem
2239 4299 2379 4355 Deus
2403 4300 2757 4356 innocentiam
2780 4315 3084 4360 sanctorum
3111 4316 3165 4362 et
3191 4307 3425 4364 fidelium
3447 4325 3679 4379 suorum,

2108 4389 2244 4444 sicut
2274 4391 2496 4460 piscium
2526 4391 2806 4458 honorum,
2830 4395 2964 4450 sicut
2985 4397 3256 4467 pinguium
3281 4398 3677 4463 frumentorum.

2112 4493 2166 4536 ut
2193 4484 2327 4537 intra
2360 4484 2458 4538 ista
2489 4485 2620 4539 retia
2665 4501 2768 4542 non
2807 4487 2885 4542 eis
2924 4497 3153 4544 noceant
3193 4493 3454 4561 permixta
3497 4507 3677 4564 genera

2111 4575 2441 4644 reprobando
2469 4618 2482 4641 ,
2515 4585 2569 4631 et
2611 4576 2664 4631 in
2702 4579 2796 4633 ista
2827 4594 2948 4634 area
2978 4597 3082 4636 non
3115 4584 3192 4636 eis
3217 4595 3407 4639 noceat
3434 4587 3678 4656 permixta

2113 4670 2260 4739 palea
2283 4669 2582 4725 ventilanda
2601 4672 2772 4742 :quia,
2797 4673 2934 4728 sicut
2954 4673 3052 4744 ipsi
3074 4674 3341 4742 dixerunt,
3366 4678 3676 4749 relcgerunt,

2113 4761 2543 4832 Subscripserunt
2561 4805 2576 4830 ,
2604 4763 2712 4819 Nec
2737 4781 2903 4820 causa:
2927 4783 3082 4821 causa
3101 4810 3115 4834 ,
3141 4785 3233 4822 nec
3257 4785 3488 4838 persona
3513 4772 3679 4843 poterit

2113 4856 2449 4927 prwjudimrc
2472 4873 2704 4927 persona.

2183 4945 2410 5001 CAPUT
2439 4945 2530 5001 XI.
2563 4977 2633 4986 —-
2666 4947 2750 5003 15.
2793 4947 2918 5003 Ηωο
2953 4949 3110 5003 verba
3156 4963 3214 5004 se
3259 4963 3510 5022 negircnt
3561 4954 3678 5006 fore

2113 5037 2332 5102 dixisse,
2359 5037 2459 5093 nisi
2487 5051 2579 5092 sua
2603 5045 2822 5108 possent
2848 5039 3236 5109 subscriptione
3263 5042 3527 5099 convinci.
3562 5043 3674 5099 Ecce

2114 5144 2270 5199 quam
2301 5128 2584 5200 diligenter
2607 5137 2784 5184 actum
2809 5139 2892 5185 est
2912 5145 3006 5202 pro
3025 5131 3195 5189 salute
3217 5143 3392 5190 vestra
3407 5176 3423 5201 ,
3444 5145 3504 5191 ut
3521 5135 3674 5192 verbis

2116 5220 2314 5276 nostris
2342 5219 2801 5278 subscriberemus
2826 5241 2839 5278 :
2868 5223 3010 5295 quod
3037 5222 3152 5281 ﬁeri
3176 5227 3400 5284 omnino
3423 5228 3660 5285 nolebant

2117 5322 2171 5366 et
2216 5322 2274 5367 ut
2321 5313 2558 5369 facerent
2603 5315 2815 5369 tandem
2859 5317 3142 5388 aliquando
3194 5319 3399 5389 pudore
3441 5321 3662 5393 compuls

2119 5413 2259 5458 sunt.
2292 5405 2420 5458 Nam
2452 5414 2661 5460 exstant
2683 5406 2842 5462 verba
2872 5424 3078 5476 eorum,
3101 5408 3188 5463 ubi
3219 5409 3324 5466 hoc
3349 5410 3522 5467 facere
3546 5425 3656 5468 rccu

2121 5507 2307 5553 sarunt
2339 5517 2351 5551 :
2385 5509 2438 5554 et
2463 5515 2646 5555 rursus
2672 5501 2775 5556 alia
2807 5501 2996 5569 verba,
3029 5501 3117 5558 ubi
3146 5502 3249 5559 hoc
3280 5503 3456 5561 facere
3481 5519 3680 5560 consen-

2123 5601 2305 5646 Scrttnt
2327 5634 2341 5658 ,
2371 5592 2510 5662 quod
2540 5593 2710 5663 primo
2739 5603 3080 5665 negaverant.
3107 5596 3297 5652 Omnia
3323 5598 3519 5670 scripta
3544 5607 3678 5658 sunt,

2124 5683 2371 5738 omnibus
2397 5683 2751 5755 subscriptum
2779 5693 2881 5739 est.
2909 5684 3032 5742 ideo
3057 5688 3196 5743 enim
3221 5688 3538 5746 videbantur
3567 5689 3681 5745 nolle

2129 5774 2465 5834 subscribere
2488 5819 2503 5847 ,
2531 5787 2586 5832 ut
2611 5792 2800 5848 negare
2831 5792 2890 5836 se
2920 5781 3122 5850 possint
3151 5780 3348 5837 dixisse
3387 5781 3526 5837 anod
3559 5783 3680 5838 dixe-
