3778 6140
21 448 174 503 rant,
209 447 272 492 et
299 436 377 490 de
405 434 567 504 gestis
609 428 871 498 corruptis
901 423 1066 494 jndici
1104 417 1437 476 calumniari.
1470 409 1622 482 Quod

22 531 185 585 modo
210 529 350 598 quia
377 543 478 580 non
503 530 741 594 possunt,
761 520 940 575 dicunt
956 516 1127 586 ipsntn
1145 528 1264 568 esse
1280 518 1588 577 corruptum
1612 524 1626 560 :

23 630 110 698 qui
142 633 434 680 utcontra
462 621 580 674 illos
601 617 859 688 judicaret
884 654 897 675 ,
929 628 1032 665 non
1073 609 1174 663 nisi
1210 605 1308 676 ipsi
1349 603 1586 658 fecerunt
1612 641 1627 664 ,

25 719 113 786 qui
145 725 358 768 eontra
383 728 441 767 se
473 713 614 780 ipsos
644 722 741 779 pro
772 706 922 759 nobis
944 711 1085 756 tanta
1114 699 1361 753 dixerunt
1385 711 1400 758 ;
1427 708 1546 762 qua:
1574 699 1632 744 ut

30 823 232 878 negare
261 821 378 859 non
407 810 656 873 possent,
686 797 892 854 etiamsi
920 793 1086 850 coacti
1122 802 1176 847 et
1205 789 1394 854 inviti,
1415 787 1524 842 suis
1550 793 1628 839 ta-

31 913 152 951 men
189 892 671 965 prosecutionibus
698 887 1145 955 subscripserunt.
1181 882 1301 936 Ideo
1328 895 1454 950 ergo
1485 879 1634 932 nole-

34 992 165 1043 bant
190 987 549 1041 subscribere
572 1025 588 1049 ,
618 992 674 1036 ut
704 982 888 1034 liceret
925 979 1002 1033 eis
1043 992 1135 1045 per
1172 973 1487 1029 mlumniam
1519 984 1640 1023 cor-

35 1088 330 1146 ruptorum
373 1084 646 1146 gestorum
684 1086 878 1140 negare
911 1066 1057 1138 quod
1093 1066 1337 1121 dixerant
1370 1080 1384 1117 :
1419 1069 1474 1116 et
1519 1059 1640 1114 ideo

40 1178 230 1238 postea
263 1168 506 1221 instante
537 1162 716 1233 judice
741 1165 1164 1221 consenserunt,
1188 1155 1310 1224 quia
1341 1149 1644 1206 sentiebant

46 1258 310 1311 eninibus
355 1268 614 1325 apparere
639 1293 652 1316 ,
681 1250 808 1304 nihil
836 1265 893 1304 se
922 1246 1064 1302 aliud
1108 1244 1340 1300 indicare
1364 1243 1379 1273 ί
1415 1238 1644 1294 nolendo

43 1349 401 1404 subscribere
421 1388 437 1412 ,
469 1344 571 1400 nisi
604 1359 664 1398 se
704 1341 870 1396 verba
905 1354 998 1393 sua
1031 1353 1096 1391 ne
1122 1335 1224 1390 sibi
1250 1334 1556 1403 tegerentur
1579 1329 1647 1384 ti-

49 1458 218 1497 mere.
276 1440 584 1494 Mal‘uerunt
629 1436 771 1491 enim
820 1429 1224 1500 prosecutiones.
1263 1441 1387 1480 suas
1431 1421 1648 1492 quibus-

47 1547 282 1601 cumque
312 1529 534 1585 nebulis
551 1535 739 1597 postea
758 1521 1043 1578 defendere
1067 1561 1080 1585 ,
1111 1532 1269 1588 quam
1291 1529 1391 1571 eas-
1411 1523 1522 1568 tam.
1542 1511 1651 1566 cito

51 1624 342 1678 damnare.

116 1692 362 1749 CAPUT
392 1689 582 1745 XII.-
599 1688 683 1744 16.
700 1685 802 1742 Sed
835 1684 1032 1748 videte,
1052 1695 1296 1751 rogamus
1325 1691 1442 1744 vos,
1462 1691 1651 1746 quem-

55 1782 354 1837 admodum
396 1781 509 1851 ipsa
547 1794 641 1833 sua
668 1775 975 1831 defensione
1003 1787 1061 1826 se
1089 1770 1241 1841 pejus
1269 1767 1574 1838 implicent,
1601 1773 1656 1821 et

54 1880 212 1942 agant
259 1885 484 1925 causam
524 1877 758 1923 no~tram
785 1907 800 1932 ,
842 1875 895 1920 et
933 1865 1150 1917 omnino
1187 1858 1449 1930 perimant
1480 1871 1652 1912 suam.

59 1965 186 2019 Nam
243 1971 375 2033 post
416 1961 762 2015 Collationem
787 1997 802 2024 ,
847 1964 1189 2025 posteaquam
1232 1949 1356 2005 victi
1389 1947 1658 2018 appellare

64 2058 361 2110 voluerunt
380 2097 393 2120 ,
420 2053 626 2122 objecta
657 2059 775 2105 sunt
805 2050 882 2104 eis
910 2047 1024 2102 lucc
1052 2044 1211 2100 verba
1243 2061 1258 2097 :
1290 2051 1342 2098 et
1367 2057 1428 2097 ea
1455 2055 1657 2096 conan-

67 2159 146 2200 tnr
173 2147 373 2217 pejore
396 2159 490 2199 sua
519 2141 875 2211 implicatione
900 2135 1188 2192 defendere
1211 2175 1227 2200 ,
1258 2131 1469 2204 quando
1498 2130 1565 2184 ab
1583 2129 1661 2185 eis

65 2239 185 2306 quid
238 2236 452 2308 egerint
499 2233 754 2304 qna-ritis.
805 2230 875 2284 Ita
923 2229 1066 2284 enim
1107 2240 1200 2281 vos
1227 2231 1413 2294 putant
1438 2236 1531 2279 cor
1554 2236 1671 2276 non.

71 2331 268 2385 habere
295 2372 321 2396 ,
344 2338 402 2384 ut
433 2343 537 2382 non
567 2323 872 2393 intelligatis
891 2336 983 2376 eos
1009 2319 1152 2374 omni
1181 2316 1341 2371 modo
1364 2329 1484 2371 esse
1508 2327 1665 2383 supe-

72 2431 210 2474 ratos
235 2437 250 2484 ;
295 2418 512 2489 quando
542 2417 691 2471 vobis
721 2431 781 2468 ea
810 2413 1026 2477 dicunt,
1057 2425 1172 2480 qua:
1200 2409 1416 2462 omnino
1447 2421 1550 2460 non
1579 2405 1661 2460 di-

73 2519 292 2572 ccrcnt,
342 2510 386 2564 si
435 2507 631 2577 aliquid
671 2507 800 2560 utile
841 2502 991 2574 quod"
1023 2501 1296 2564 dicerent,
1346 2495 1664 2552 invenirent.

75 2601 200 2665 Quis
226 2601 374 2654 enim
405 2599 540 2654 ferat
567 2599 731 2651 victos
762 2594 1002 2648 homines
1026 2589 1276 2662 conqueri
1301 2631 1316 2656 ,
1347 2587 1485 2658 quod
1513 2593 1668 2641 nocte

78 2701 258 2743 contra
305 2705 401 2743 eos
432 2699 506 2742 est
543 2688 740 2758 prolata
767 2683 1025 2740 sententia
1057 2699 1071 2734 :
1105 2680 1253 2751 quasi
1283 2693 1387 2734 non
1415 2693 1556 2748 saepe
1578 2676 1667 2746 ju-

81 2780 218 2833 dices
244 2779 500 2834 audiendi
527 2777 816 2834 necessitas
847 2782 1020 2829 teneat
1039 2814 1055 2838 ,
1082 2781 1138 2826 ut
1162 2785 1328 2840 usque
1358 2768 1424 2823 ad
1447 2767 1666 2822 ﬂllllL‘tlII

86 2881 285 2939 partem
321 2871 497 2925 noctis
524 2870 711 2924 sedere
735 2864 1032 2937 cogantur?
1059 2865 1164 2917 Aut
1188 2861 1307 2914 ideo
1337 2874 1443 2913 non
1472 2868 1552 2912 est
1578 2871 1671 2910 ve-

87 2977 195 3013 l'llttl
237 2961 384 3031 quod
414 2959 607 3013 dicitur
630 3001 644 3021 ,
676 2959 796 3027 quia
828 2971 922 3026 per
950 2963 1158 3008 noctem
1185 2949 1412 3004 dicitur?
1443 2948 1550 3002 Nec
1577 2962 1670 3000 att.-

89 3049 231 3104 diunt
260 3051 594 3119 Scripturam
623 3048 938 3102 clamantem
961 3085 975 3109 ,
1010 3043 1110 3096 Per
1132 3041 1268 3095 diem
1287 3038 1541 3093 mandavit
1567 3037 1677 3091 Do-

93 3141 247 3193 minus
293 3139 691 3195 misericor-diam
734 3152 912 3200 suam,
961 3143 1007 3188 et
1049 3141 1189 3187 nocte
1212 3130 1480 3185 declaravit
1506 3127 1677 3200 (Paul.

93 3245 170 3284 xu
199 3275 210 3295 ,
239 3234 294 3303 9)
329 3248 346 3292 ;
375 3240 429 3284 et
458 3230 646 3284 iterum
671 3271 685 3293 ,
715 3227 792 3281 Ad
815 3223 1213 3280 annuntiandam
1236 3237 1381 3274 mane
1400 3218 1682 3274 misericor-

97 3321 224 3372 diam
267 3332 409 3373 (eam
431 3362 446 3386 ,
493 3330 539 3373 et
580 3318 833 3373 veritatem
859 3327 998 3370 tuam
1023 3331 1112 3386 per
1139 3322 1333 3366 noctem
1358 3309 1528 3384 (Psal.
1558 3323 1639 3364 χει
1665 3350 1681 3375 ,

99 3410 170 3478 5).
216 3412 326 3467 Ant
368 3411 511 3480 quod
553 3409 834 3474 dixerunt,
875 3415 1030 3460 nocte
1059 3405 1269 3459 venisse
1306 3402 1372 3456 ad
1403 3400 1683 3456 Dominum

103 3504 384 3556 tenendum
435 3510 801 3572 persecutores
833 3540 847 3562 ,
899 3512 1005 3552 non
1053 3494 1388 3550 attendentes
1435 3491 1685 3562 quoniam

105 3593 223 3660 ipsis
269 3593 545 3648 nocturnis
593 3591 740 3645 horis
777 3589 935 3644 etiam
984 3587 1239 3641 Dominus
1269 3583 1543 3639 veritatem
1578 3581 1697 3636 suis

105 3684 375 3757 discipulis
404 3684 746 3755 praedicavit;
779 3697 875 3736 nec
901 3681 1178 3736 advertere
1205 3678 1487 3733 voluerunt
1508 3673 1694 3744 ,quod

108 3777 358 3848 scriptum
405 3784 520 3841 est,
563 3773 863 3844 apostolum
907 3770 1128 3824 Paulum
1171 3783 1338 3838 usque
1365 3766 1432 3820 ad
1459 3765 1693 3820 medium

111 3868 273 3921 noctis
321 3865 636 3936 produxisse
675 3877 976 3918 sermonem
1023 3859 1155 3932 (Act.
1200 3875 1310 3924 xx,
1343 3858 1415 3928 7).
1445 3856 1500 3913 Si
1527 3854 1692 3910 habe—

116 3969 227 4014 rent
268 3975 456 4015 verum
501 3956 638 4027 quod
686 3956 962 4018 dicerent,
1011 3968 1114 4007 nox
1161 3966 1254 4006 eos
1294 3949 1550 4020 impedire
1591 3962 1696 4004 non

117 4062 307 4118 posset.
364 4051 470 4106 Sed
519 4065 647 4104 sane
703 4045 1187 4102 tenebrosissimam
1235 4053 1444 4097 noctem
1492 4041 1544 4095 in
1588 4039 1699 4094 suis

121 4146 378 4198 mentibus
420 4142 788 4212 patiebantur,
830 4136 1043 4208 quando
1077 4145 1259 4190 contra
1297 4134 1525 4202 se-ipsos
1556 4137 1699 4186 tanta

123 4237 493 4302 proferebant,
537 4250 634 4289 nec
671 4233 736 4287 ad
776 4231 1012 4286 veritatis
1049 4230 1219 4283 lucem
1252 4240 1556 4296 perversum
1583 4223 1699 4277 ani-

125 4343 258 4383 mum
283 4327 642 4398 eorrigcbant.
673 4326 737 4379 Et
760 4323 931 4378 adhuc
960 4321 1140 4391 utique
1168 4319 1283 4375 dies
1311 4327 1425 4372 erat
1449 4359 1462 4382 ,
1491 4315 1703 4386 quando

127 4421 269 4476 nobis
317 4421 512 4474 forensi
555 4431 704 4470 more
744 4415 811 4469 de
854 4421 1092 4482 tempore
1135 4406 1583 4480 perscribebant,
1618 4405 1703 4460 di-

133 4523 300 4568 centes
344 4525 560 4567 eausam
601 4509 804 4576 lapsam
846 4520 998 4571 esse,
1029 4512 1084 4560 et
1112 4503 1194 4573 agi
1218 4502 1329 4571 jam
1356 4499 1573 4554 omnino
1600 4512 1705 4552 non

133 4611 278 4664 posse
308 4618 322 4654 :
353 4597 823 4666 necintelligentes
836 4594 965 4648 nihil
987 4608 1044 4648 se
1065 4591 1364 4646 hominibus
1386 4587 1704 4652 ostendisse,

135 4687 223 4742 ni-i
261 4699 517 4761 quantum
557 4686 832 4741 timuerint
859 4699 923 4738 ne
947 4693 1193 4753 ageretur
1212 4724 1227 4746 ,
1256 4681 1342 4736 ubi
1373 4695 1557 4737 eorum
1587 4693 1708 4748 per-

137 4782 350 4833 versitas
374 4787 430 4833 et
455 4777 713 4833 catholica
739 4775 932 4831 veritas
953 4782 1355 4828 monstraretur.

203 4869 426 4927 CAPUT
465 4867 602 4924 XIII.
633 4897 704 4908 —
733 4867 819 4921 I7.
852 4865 1040 4920 Adhuc
1063 4863 1176 4919 dies
1203 4871 1350 4929 erat,
1381 4860 1593 4932 quando
1616 4876 1713 4915 vo-

142 4959 300 5018 lentes
339 4963 618 5018 destruere
651 4959 908 5030 judicium
955 4957 1174 5010 Romani
1201 4954 1433 5025 episcopi
1465 4952 1714 5008 Melehia-

145 5051 219 5106 dis
238 5097 252 5118 ,
284 5068 394 5124 quo
425 5060 675 5122 purgatus
703 5059 755 5104 et
779 5048 1050 5103 absolutus
1075 5054 1156 5100 est
1178 5044 1526 5110 Cmcilianus,
1556 5042 1714 5097 etiam

150 5140 309 5210 ipsum
355 5141 695 5199 Melcbiadem
742 5139 1048 5194 traditorem
1077 5137 1237 5190 fuisse
1265 5134 1529 5189 dixerunt.
1557 5131 1718 5202 Cujus

150 5233 523 5290 criminationis
548 5248 668 5287 cum
693 5230 758 5286 ab
783 5230 862 5285 eis
891 5237 1030 5285 esset
1055 5235 1243 5282 exacta
1272 5224 1540 5294 probatio,
1572 5231 1718 5294 gesta

155 5327 490 5382 'trolixissima
528 5325 851 5389 recitarunt,
880 5321 966 5396 ubi
993 5317 1297 5375 Melchiadis
1323 5331 1516 5371 nomen
1535 5357 1550 5379 ,
1578 5314 1721 5384 quod

158 5417 333 5488 aliquid
366 5417 668 5483 tradiderit,
697 5431 800 5468 non
829 5415 936 5468 fuit.
971 5414 1032 5468 Et
1063 5412 1419 5467 recitaverunt
1439 5409 1596 5464 etiam
1621 5406 1722 5461 alia

156 5518 308 5576 gesta,
339 5509 426 5564 ubi
455 5509 730 5577 legebatur
746 5504 1084 5560 Melchiadcm
1103 5503 1312 5559 misisse
1332 5502 1580 5557 diaconos
1600 5515 1722 5555 cum

189 5684 226 5757 ,⁸
247 5695 357 5757 λιιιι.
386 5691 554 5757 ettir‘...
594 5681 713 5757 nihil
744 5682 832 5732 tibi
852 5681 1168 5757 .fidjltdicari.‘
1188 5689 1319 5742 l.0\'.,
1345 5681 1463 5756 nihil
1499 5696 1549 5752 se
1589 5681 1724 5733 aliud

159 5744 403 5798 vindicare.
429 5748 729 5808 castigantur
752 5744 928 5794 auxilio
948 5747 1197 5794 ttecccnsis
1219 5746 1537 5809 man'tscripti.

1465 296 1667 356 LIBER
1709 293 1904 351 L‘NUS.

3213 279 3318 334 6(ιῖ

1733 408 1924 464 litteris
1968 405 2214 462 Maxentii
2264 403 2600 474 imperatoris
2626 408 2680 457 et
2707 398 2940 471 praefecti
2971 399 3223 470 praetorio
3251 397 3318 450 ad

1734 501 2037 573 praefectum
2079 497 2259 559 urbis,
2309 506 2367 552 ut
2409 495 2707 564 reciperent
2750 493 2865 546 loca
2907 506 3025 562 qua:
3052 488 3319 543 fueranta

1734 592 2050 648 Christianis
2095 599 2334 658 tempore
2381 582 2768 658 persecutionis
2807 581 3002 636 ablata.
3050 577 3149 634 Ubi
3198 591 3320 632 cum

1737 681 2045 739 Melchiadis
2088 681 2288 735 crimen
2334 677 2534 731 nullum
2579 673 2791 745 penitus
2827 679 3140 742 appareret,
3169 668 3323 722 dixe-

1738 783 1860 831 runt
1888 772 2248 842 superioribus
2278 768 2572 825 traditionis
2594 767 2759 838 gestis
2781 764 3086 820 traditorem
3113 761 3322 818 Strato-

1741 881 1862 920 nem
1890 863 2054 919 fuisse
2082 861 2356 917 recitatum
2377 901 2391 925 ,
2421 858 2564 929 quod
2589 857 2881 912 vocabatur
2904 867 3041 909 unus
3068 853 3232 908 etiam
3256 866 3323 906 ex

1742 955 1999 1018 diaconis,
2031 967 2165 1022 quos
2189 951 2255 1006 ad
2285 948 2583 1020 recipienda
2605 947 2725 1002 loea-
2746 947 2964 1002 miserat
2985 941 3324 1007 Melchiades,

1743 1045 1990 1102 eumdem
2022 1045 2191 1112 ipsum
2218 1056 2338 1098 esse
2356 1038 2738 1095 contendentes
2760 1044 2940 1091 etnon
2961 1032 3329 1089 ostendentes.

1745 1136 1927 1206 Neque
1962 1133 2103 1190 enim
2133 1131 2436 1188 Stratonem
2463 1129 2553 1199 qui
2583 1126 2904 1190 tradiderat,
2935 1124 3120 1179 saltem
3145 1122 3330 1177 diaco-

1749 1243 1875 1282 num
1903 1224 2064 1280 fuisse
2085 1221 2469 1278 monstrabant.
2496 1216 2649 1286 Quod
2669 1217 2827 1272 etiam
2849 1215 2894 1269 si
2917 1223 3080 1281 esset,
3107 1225 3332 1282 respon-

1748 1320 1924 1374 dimus
1957 1319 2038 1373 eis
2061 1359 2076 1384 ,
2116 1325 2240 1371 ante
2270 1329 2487 1384 parvum
2519 1323 2728 1381 tempus
2757 1309 2818 1364 in.
2838 1307 3027 1363 eodem
3053 1306 3198 1362 clero
3228 1306 3335 1361 Ec-

1751 1410 1929 1466 clesia:
1951 1408 2200 1462 Romanae
2221 1405 2354 1460 duos
2380 1405 2566 1459 Petros
2587 1402 2840 1457 diaconos
2861 1397 3043 1453 fuisse.
3063 1394 3142 1452 Ita
3160 1403 3339 1451 mente

1752 1500 1879 1556 ca-ci
1905 1541 1920 1566 ,
1969 1497 2280 1553 tenebrosas
2323 1494 2616 1550 calumnias
2658 1489 3037 1556 innectebant,
3081 1485 3340 1541 addentes

1754 1592 1912 1646 etiam
1959 1586 2443 1643 manifestissimam
2494 1582 2806 1646 falsitatem,
2849 1578 2992 1649 quod
3034 1592 3138 1632 non
3167 1575 3338 1631 solum

1756 1696 1950 1738 nomen
1971 1723 1985 1746 ,
2015 1679 2109 1735 sed
2137 1677 2296 1734 etiam
2318 1676 2433 1730 loca
2459 1683 2514 1730 et
2535 1674 2781 1744 regiones
2806 1679 2860 1725 ct
2881 1683 3120 1740 persona:
3149 1680 3345 1722 conve-

1757 1773 1963 1837 nirent,
1995 1769 2184 1840 quibus
2211 1784 2314 1822 non
2344 1766 2479 1820 alius
2497 1805 2510 1828 ,
2539 1763 2630 1818 sed
2659 1762 2771 1831 ipse
2795 1774 2915 1815 esse
2931 1759 3144 1815 Straton
3165 1767 3346 1813 osten-

1758 1867 1972 1923 deretur
2001 1883 2014 1920 :
2040 1879 2160 1919 cum
2192 1863 2242 1917 in
2273 1861 2376 1916 illis
2399 1858 2562 1931 gestis
2584 1855 2801 1912 omnino
2831 1854 2960 1909 nihil
2989 1851 3339 1916 conveniens,

1760 1968 1956 2030 praeter
1999 1953 2397 2012 similitudinem
2423 1949 2657 2006 nominis
2676 1989 2691 2012 ,
2722 1947 3028 2017 legeretur;
3055 1958 3159 2014 qua
3188 1943 3346 2013 plena

1762 2061 1844 2110 est
1883 2046 2211 2107 consuetudo
2252 2043 2462 2118 generis
2503 2039 2750 2106 humani,
2791 2047 2847 2092 ut
2872 2051 2976 2091 non
3003 2035 3175 2090 solum
3203 2033 3344 2100 duo,

1764 2144 1858 2201 sed
1903 2143 2063 2199 etiam
2109 2140 2288 2211 plures
2333 2135 2576 2191 homines
2623 2146 2730 2186 uno
2771 2130 2985 2185 nomine
3025 2128 3343 2182 vocitentur.

1765 2237 1904 2292 Nam.
1922 2234 2020 2306 ipsi
2045 2246 2254 2304 quoque
2282 2231 2540 2284 Donatum
2565 2240 2720 2280 suum
2746 2220 3212 2292 Carthaginiensem
3233 2259 3250 2284 ,
3281 2230 3350 2272 ne

1767 2329 1821 2385 in
1860 2327 2059 2398 judicio
2097 2320 2402 2379 Melchiadis
2443 2320 2556 2389 ipse
2587 2325 2859 2387 putaretur
2883 2328 3004 2370 esse
3026 2311 3308 2367 damnatus
3331 2349 3349 2375 ,

1769 2397 1926 2490 quem
1976 2415 2128 2471 multi
2167 2427 2264 2483 pro
2304 2425 2499 2479 magno
2540 2407 2812 2470 habent‘,
2841 2419 2871 2458 a
2903 2403 3108 2458 Donato
3133 2397 3354 2455 Casensi

1769 2508 2200 2580 distinguendum
2237 2519 2358 2560 esse
2382 2503 2744 2558 clatnaveruut
2763 2539 2778 2562 ,
2812 2496 2932 2566 quia
2963 2494 3196 2550 Donatus
3223 2491 3358 2547 Car-

1773 2601 2100 2673 thaginensis
2135 2606 2320 2654 contra
2347 2593 2686 2650 Caecilianum
2717 2590 2912 2645 missus
2941 2586 3111 2640 fuerat
3132 2583 3197 2639 ad
3227 2581 3358 2638 Mel-

1780 2672 1983 2752 chiadis
2021 2686 2319 2760 episcopale
2341 2682 2595 2754 judicium
2631 2699 2644 2734 :
2677 2688 2781 2734 tam
2810 2691 3042 2732 crassam
3066 2682 3277 2729 noctem
3304 2672 3360 2744 in

1778 2785 1938 2844 corde
1966 2790 2233 2853 gestantes
2256 2819 2270 2844 ,
2301 2785 2356 2830 ut
2386 2776 2644 2828 Donatum
2673 2767 2915 2823 infamari
2943 2765 3147 2820 nollent
3173 2761 3363 2818 simili-

1780 2877 1961 2932 tudine
1999 2871 2229 2928 nominis
2269 2867 2388 2934 sui,
2431 2873 2486 2919 ct
2517 2859 2864 2918 Melehiadem
2889 2855 3141 2913 maculari
3167 2853 3366 2909 vellent
3461 2878 3464 2880 η

1779 2964 2126 3024 similitudine
2178 2959 2408 3015 nominis
2459 2953 2642 3010 alieni.
2691 2950 2843 3005 Nunc
2895 2956 3072 3002 autem
3125 2943 3364 3001 Stratoni

1781 3062 1939 3118 etiam
1977 3042 2211 3112 Cassiani
2239 3065 2429 3106 nomen
2461 3046 2658 3102 addere
2682 3043 2930 3098 dicuntur
2949 3082 2964 3106 ,
2997 3037 3138 3110 quod
3167 3037 3220 3092 in
3242 3031 3367 3090 Col-

1783 3153 1978 3206 latione
2012 3153 2321 3207 tacuerunt,
2353 3139 2504 3211 quasi
2533 3137 2747 3194 Straton
2777 3133 2922 3189 solus
2947 3126 3368 3199 cognominalcm

1785 3248 1982 3304 habere
2021 3242 2312 3313 potuisset,
2355 3246 2409 3292 et
2434 3233 2720 3290 Cassianus
2747 3245 2851 3283 non
2880 3224 3132 3298 potuerit.
3158 3221 3268 3276 Nec
3290 3227 3372 3274 at-

1789 3338 2006 3396 totidere
2046 3337 2336 3404 potuerunt
2371 3327 2576 3381 interna
2620 3336 2714 3376 sua
2753 3328 2911 3373 nocte
2957 3313 3234 3391 impediti,
3263 3324 3370 3366 non

1788 3431 1959 3487 solum
1982 3427 2117 3482 duos
2140 3423 2400 3484 Joannes,
2425 3431 2588 3471 unum
2615 3413 2925 3482 Baptistant,
2947 3409 3171 3463 alterum
3199 3405 3376 3460 Evan-

1789 3523 2032 3596 gelistam
2056 3559 2071 3584 ,
2123 3515 2219 3572 sed
2260 3514 2420 3569 etiam
2449 3509 2582 3565 duos
2611 3507 2856 3562 Simones
2879 3544 2893 3566 ,
2921 3515 3086 3556 unum
3115 3498 3330 3553 Petrum
3355 3536 3372 3563 ,

1791 3595 2019 3670 alterum.
2060 3608 2264 3677 Magum
2299 3622 2312 3657 :
2343 3603 2394 3656 in
2425 3601 2542 3670 ipso
2579 3595 2806 3665 denique
2831 3602 2937 3648 tam
2959 3604 3124 3662 parvo
3152 3600 3377 3644 numero

1794 3701 2173 3774 Apostolorum
2196 3737 2220 3763 ,
2266 3709 2370 3749 non
2411 3691 2583 3747 solum
2619 3687 2753 3742 duos
2790 3683 3054 3745 Jacobos,
3097 3693 3262 3736 unum
3289 3677 3380 3732 Al-

1796 3770 1955 3868 phzei,
1985 3792 2206 3847 alterum
2233 3783 2512 3847 Zebedzei;
2540 3779 2634 3835 sed
2660 3777 2817 3832 etiam
2844 3774 2980 3829 duos
3001 3770 3186 3838 Judas,
3217 3782 3382 3823 unum

1798 3858 2036 3944 sanctum
2057 3925 2072 3949 ,
2099 3881 2323 3936 alterum
2342 3873 2610 3932 diabolum
2636 3888 2650 3937 ;
2672 3869 2754 3925 cui
2779 3877 2955 3922 tamen
2974 3863 3123 3920 Iudae
3141 3858 3386 3931 apostolo

1801 3988 1986 4037 sancto
2030 3974 2269 4048 quisquis
2315 3969 2561 4026 similiter
2608 3971 2786 4018 mente
2833 3974 3006 4015 cmcus
3053 3955 3121 4012 de
3161 3952 3388 4009 crimine

1802 4071 1951 4128 Iuda:
1977 4042 2246 4124 traditoris
2267 4058 2681 4117 calumniaretur
2705 4093 2719 4113 ,
2743 4067 2848 4105 non
2873 4047 2974 4102 nisi
2996 4047 3126 4100 istos
3148 4042 3388 4098 imitare-

1805 4173 1910 4219 tur.
1939 4161 2055 4215 Non
2077 4159 2217 4213 enim
2247 4155 2435 4208 mirum
2459 4157 2571 4212 est,
2603 4147 2644 4200 si
2671 4144 2802 4199 tales
2828 4143 2958 4195 istos
2979 4135 3390 4192 calumniatores

1804 4260 1928 4324 post
1956 4261 2060 4303 tam
2087 4248 2300 4315 longum
2330 4251 2538 4308 tempus
2567 4233 2761 4306 patitur
2785 4227 3108 4287 existimatio
3136 4223 3388 4279 Melcltia-

1807 4315 1889 4398 dis
1912 4341 1980 4395 de
2007 4337 2213 4393 duobus
2239 4330 2505 4388 Cassianis
2522 4369 2537 4393 ,
2570 4325 2652 4380 vel
2684 4324 2756 4379 de
2777 4321 2984 4377 duobus
3010 4315 3350 4374 Stratonibus
3373 4357 3389 4382 ,

1809 4433 1991 4504 quales
2026 4425 2329 4497 evangelica
2376 4419 2578 4476 veritas
2611 4416 2808 4487 patitur
2843 4413 2910 4468 de
2936 4410 3143 4466 duobus
3170 4407 3394 4463 Herodi-

1811 4500 1928 4581 bus.
1975 4521 2104 4576 Nam
2147 4517 2267 4588 quia
2307 4531 2410 4569 non
2442 4521 2526 4567 est
2551 4521 2863 4580 expressum
2887 4505 3004 4576 quis
3031 4500 3396 4592 Herode'ro

1813 4615 2024 4671 Christo
2052 4609 2242 4666 occisis
2271 4604 2559 4661 infantibus
2579 4599 2831 4656 continuo
2857 4603 3096 4651 mortuus
3121 4591 3312 4657 fuerit,
3341 4597 3400 4646 et

1813 4707 1932 4778 quis
1977 4702 2213 4759 Herodes
2251 4712 2371 4754 cum
2416 4695 2585 4750 Pilato
2625 4691 2905 4747 Dominum
2949 4694 3258 4757 persecutus
3286 4682 3398 4746 sit;

1818 4775 2062 4869 putantes
2104 4807 2265 4847 unum
2312 4789 2509 4853 fuisse,
2559 4784 2814 4854 objiciunt
2859 4776 3147 4848 Evangelio
3196 4775 3400 4830 crimen

1818 4868 2058 4943 falsitatis
2099 4903 2112 4940 :
2153 4884 2291 4940 sicut
2331 4881 2416 4936 isti
2457 4885 2700 4948 putantes
2723 4887 2885 4928 unum
2912 4871 3073 4926 fuisse
3097 4868 3402 4924 Stratonem

1819 4981 1904 5036 vel
1931 4978 2264 5042 Cassianum,
2294 4972 2551 5042 objiciunt
2578 4964 2852 5024 Melchiadi
2881 4962 3140 5017 maculam
3167 4958 3408 5014 traditioa

1823 5077 1924 5129 nis.
1963 5073 2029 5126 Et
2058 5079 2233 5125 tamen
2260 5067 2334 5122 illi
2361 5063 2686 5120 tolerabilius
2711 5067 2920 5124 errant,
2949 5056 3071 5128 quia
3102 5069 3207 5109 non
3232 5053 3405 5109 solum

1824 5179 2016 5222 nomen
2043 5204 2058 5228 ,
2084 5175 2267 5216 verum
2293 5159 2450 5214 etiam
2471 5154 2697 5226 dignitas
2722 5159 2998 5214 consonat,
3021 5156 3245 5219 uterque
3265 5147 3406 5202 enim

1825 5257 2017 5328 legitur
2041 5269 2133 5309 rex
2160 5250 2399 5308 Herodes
2431 5266 2443 5302 :
2474 5246 2564 5302 isti
2583 5254 2758 5299 autem
2778 5242 3086 5313 dignitatem
3113 5249 3410 5295 Consonarc

1827 5323 2032 5404 mentiti
2060 5352 2201 5406 sunt,
2225 5341 2345 5411 quia
2372 5349 2623 5406 utrosque
2639 5334 2802 5389 fuisse
2821 5333 3073 5388 diaconos
3090 5327 3234 5383 nullo
3250 5323 3410 5380 modo

1830 5440 2005 5510 legere
2032 5441 2336 5507 potuerunt.

1898 5617 1912 5648 ι
1946 5613 2250 5665 oorbeiensis
2281 5618 2332 5660 et
2368 5606 2672 5660 Michaelinns
2693 5615 2781 5658 Mss
2804 5641 2818 5662 ,
2835 5615 2973 5668 quem
2990 5598 3189 5650 multum
3211 5608 3300 5660 pro
3314 5606 3414 5668 qta-

1833 5657 2676 5790 ﬂq‘hulv—entrbeccensis,quodque
2698 5657 2789 5720 non
2808 5657 3010 5718 Multum
3026 5673 3114 5728 pro
3135 5657 3304 5723 magno
3325 5657 3412 5706 lto-

1865 5753 1958 5792 ιηιι.

3349 5846 3423 5866 ρ.
