3784 6176
398 319 504 377 663

462 430 688 490 CAPUT
719 429 853 486 XIV.
885 460 954 470 -—
982 428 1065 485 18.
1100 428 1283 484 Adhuc
1310 428 1424 482 dies
1449 434 1597 490 erat,
1628 423 1839 496 quando
1860 423 1975 477 (lir-

393 534 545 581 tense
582 524 860 579 concilium
891 563 906 587 ,
954 520 998 574 si
1031 528 1205 574 tamen
1232 519 1512 573 concilium
1542 516 1821 572 dicendum
1850 524 1929 569 est
1956 556 1970 580 ,

392 615 445 670 in
489 630 594 685 quo
635 614 718 666 vix
760 610 1004 666 undecim
1037 612 1118 664 vel
1149 609 1426 663 duodecim
1455 608 1688 679 episc0pi
1717 606 1970 671 fuerunt;

390 704 531 759 unde
557 702 894 758 recitavimus
920 700 1202 756 tradituros
1227 700 1389 755 fuisse
1417 700 1674 770 quosdam
1696 741 1708 762 ,
1737 699 1825 768 qui
1853 714 1971 751 cum

388 794 635 851 Secundo
656 794 944 863 Tigisitano
965 804 1147 849 contra
1173 793 1510 848 Czecilianum
1538 793 1828 847 sententias
1854 806 1976 860 pro-

390 888 657 953 tulerunt,
699 886 885 940 falsum
919 885 1155 941 volentes
1186 884 1489 947 ostendere,
1517 884 1766 939 dixerunt
1792 896 1973 953 perse-

387 978 615 1036 eutionis
643 986 882 1046 tempore
910 992 1014 1031 non
1038 977 1271 1046 potuisse
1298 977 1346 1031 in
1371 977 1596 1047 aliquam
1619 976 1832 1030 domum
1857 976 1974 1031 ilios

388 1068 632 1124 undecim
686 1068 769 1123 vel
812 1068 1091 1123 duodecim
1135 1068 1414 1138 episcopos
1453 1067 1804 1137 congregari:
1835 1080 1889 1122 et
1918 1077 1974 1122 ut

388 1162 675 1231 probarent
721 1169 928 1231 tempus
977 1160 1141 1239 fuisse
1187 1161 1601 1229 persecutionis,
1645 1160 1974 1229 protulerunt

388 1264 681 1324 martyrum
723 1263 868 1323 gesta
890 1293 905 1317 ,
947 1260 1006 1306 ut
1038 1252 1223 1306 diebus
1263 1258 1319 1306 et
1343 1251 1648 1305 consulibus
1671 1251 1976 1306 considera-

389 1345 488 1407 tis,
540 1343 680 1413 quod
722 1356 928 1412 tempus
966 1341 1155 1408 fuerit,
1195 1350 1491 1411 appareret.
1524 1340 1654 1407 Quae
1681 1350 1971 1412 martyrum

387 1444 533 1505 gesta
561 1476 576 1501 ,
613 1444 796 1489 contra
824 1449 883 1489 se
910 1434 1053 1504 ipsius
1080 1433 1360 1504 protulisse
1385 1433 1609 1487 convicti
1639 1440 1780 1486 sunt.
1814 1432 1868 1486 In
1896 1433 1974 1487 eis

389 1529 583 1598 quippe
627 1529 801 1597 gestis.
820 1528 1210 1583 manifestatum
1237 1537 1317 1582 est
1348 1527 1441 1582 illo
1470 1536 1706 1597 tempore
1736 1540 1975 1594 persecno

391 1621 549 1675 tionis
572 1619 887 1676 christianas
917 1620 1095 1690 plebes
1121 1621 1305 1675 solitas
1330 1635 1560 1689 congreg
1577 1620 1658 1671 tri.
1691 1618 1837 1674 Unde
1853 1632 1974 1673 con-

388 1712 520 1767 stitit
546 1730 648 1767 non
676 1726 795 1768 esse
826 1712 1166 1780 incredibile,
1194 1712 1333 1783 quod
1364 1713 1522 1768 etiam
1557 1713 1628 1765 illi
1653 1711 1886 1781 episcopi
1918 1712 1970 1765 in

389 1803 644 1872 privatam
686 1802 903 1857 domum
940 1803 1182 1858 similiter
1205 1803 1516 1857 convenisse
1543 1802 1852 1873 legebantur
1873 1839 1888 1865 ,
1917 1813 1971 1857 ut

388 1892 530 1962 plebi
575 1908 694 1963 qua:
734 1902 967 1963 poterat,
1001 1895 1140 1949 sicut
1167 1895 1331 1964 gestis
1356 1904 1645 1964 martyrum
1674 1894 1974 1947 contineba-

388 1994 506 2048 tur.
534 1986 693 2041 etiam
724 1986 1106 2055 persecutionis
1133 1996 1373 2056 tempore
1393 1987 1735 2057 congregari,
1767 1987 1973 2041 occulte

387 2076 726 2132 ordinaretur
755 2078 1037 2147 episcopus
1058 2119 1072 2143 ,
1107 2078 1194 2148 qui
1225 2087 1406 2146 posset
1433 2078 1530 2131 sibi
1559 2077 1716 2131 etiam
1748 2081 1859 2146 ipse
1884 2092 1974 2130 oc—

385 2167 528 2223 culte
560 2169 784 2223 clericos
807 2169 1052 2223 ordinare
1081 2168 1131 2222 in
1160 2176 1300 2222 tanta
1328 2168 1642 2222 necessitate
1666 2209 1679 2230 ,
1710 2168 1795 2220 ιιιιί
1827 2178 1972 2221 antc-

387 2256 500 2311 rior
523 2257 803 2327 episcolius
836 2274 954 2313 cum
981 2259 1128 2313 clero
1156 2258 1357 2327 lapsus,
1390 2273 1484 2326 per
1508 2258 1785 2327 epistolam
1808 2258 1974 2326 ipsius

385 2348 650 2417 Secundi,
683 2366 800 2420 qua:
829 2352 896 2405 ab
923 2350 1038 2404 istis
1068 2350 1290 2419 allegata
1318 2357 1427 2413 est,
1457 2349 1867 2404 monstrabatur.
1892 2350 1969 2404 Ex

387 2439 473 2496 his
516 2449 805 2512 martyrum
849 2441 1010 2511 gestis
1037 2457 1154 2510 que
1186 2441 1283 2511 ipsi
1314 2440 1683 2511 proferebant,
1716 2441 1967 2496 admoniti

386 2545 574 2586 sumus
611 2540 664 2586 et
702 2531 753 2585 in
789 2531 889 2585 alia
916 2540 1063 2601 gesta
1096 2540 1383 2602 martyrum
1415 2531 1728 2596 intendere;
1756 2541 1808 2586 et
1836 2534 1974 2587 iuve-

387 2623 597 2690 nimns,
638 2630 693 2679 ct
730 2622 992 2689 diximus,
1023 2621 1256 2678 fervente
1289 2632 1526 2694 tempore
1550 2623 1931 2694 persecutionis
1953 2662 1969 2685 .

389 2722 447 2769 et
481 2714 739 2784 privatam
778 2712 993 2769 domum
1014 2756 1028 2780 ,
1070 2714 1208 2784 quod
1244 2715 1314 2769 illi
1345 2715 1455 2770 lieri
1486 2715 1718 2783 potuisse
1749 2731 1970 2785 negive-

387 2813 525 2870 rant,
544 2804 939 2875 congregationi
979 2803 1402 2860 Clu-istiauornm
1433 2805 1593 2859 fuisse
1621 2821 1927 2859 concessam
1954 2847 1968 2866 .

386 2907 442 2953 et
482 2898 534 2952 in
564 2911 779 2952 carcere
809 2896 967 2951 fuisse
996 2905 1255 2967 martyres
1286 2897 1575 2965 baptizatos
1608 2915 1621 2952 :
1655 2906 1709 2951 ut
1737 2897 1974 2952 viderent

387 3002 545 3057 quam
592 3002 697 3041 non
735 2994 879 3041 esset
910 2985 1217 3039 incredibile
1251 2996 1488 3053 tempore
1515 2988 1895 3054 persecutionis
1921 2989 1973 3040 in

390 3078 646 3147 privatam
671 3075 885 3130 domum
915 3090 1107 3144 paucos
1120 3077 1398 3145 episcopos
1415 3077 1744 3146 congregari,
1760 3078 1973 3146 quando

388 3176 445 3224 et
473 3168 524 3222 in
552 3167 666 3237 ipso
692 3181 909 3221 carcere
933 3166 1340 3221 celebrabantur
1370 3167 1709 3221 Sacramenta
1741 3167 1933 3221 Christi
1958 3210 1971 3230 ,

390 3259 445 3312 in
493 3272 598 3327 quo
627 3257 812 3311 inclusi
843 3255 1085 3311 homines
1115 3257 1429 3312 tenebantur
1479 3273 1574 3326 pro
1628 3257 1728 3312 lide
1756 3258 1969 3312 Cln'isli.

390 3349 656 3417 Quantum
689 3363 786 3401 nos
821 3362 947 3417 ergo
977 3348 1273 3416 adjuverint
1299 3358 1442 3417 gesta
1475 3357 1767 3418 martyrum
1798 3347 1976 3415 profc-

392 3441 599 3507 rendo,
646 3441 762 3510 quis
802 3455 904 3494 nou
948 3440 1158 3507 videat,
1205 3440 1293 3509 qui
1337 3456 1440 3493 non
1486 3439 1713 3494 similem
1764 3449 1976 3495 noctem

393 3531 554 3587 habet
592 3531 643 3585 in
682 3532 842 3586 corde
865 3571 879 3596 ,
924 3529 1130 3601 qualem
1175 3530 1252 3586 illi
1296 3530 1592 3598 habebant,
1626 3531 1715 3602 qui
1746 3531 1844 3585 hoc
1872 3546 1975 3586 non

393 3623 641 3679 videbant
660 3622 683 3677 ?

464 3714 688 3772 CAPUT
720 3714 834 3770 XV.
863 3747 930 3756 --
966 3716 1043 3772 l9.
1070 3715 1174 3784 Qui
1203 3716 1361 3772 etiam
1384 3715 1507 3771 hinc
1525 3716 1688 3786 gestis
1712 3716 1839 3785 ipsis
1858 3715 1977 3772 Cir-

395 3809 633 3863 tensibus
671 3808 1164 3873 calumniabantur,
1214 3808 1333 3878 quia
1377 3808 1447 3863 ibi
1494 3808 1607 3863 dies
1648 3817 1699 3863 et
1733 3809 1980 3863 consules

395 3897 738 3967 legebantur;
770 3906 823 3951 ct
850 3896 1128 3966 exigebant
1156 3912 1185 3951 a
1216 3896 1369 3951 nobis
1391 3937 1405 3959 ,
1434 3907 1492 3952 ut
1521 3898 1693 3968 aliqua
1723 3898 1978 3954 ecclesia-

398 3988 530 4042 stica
570 3987 792 4042 concilia
825 3986 1182 4056 proferremus
1204 4028 1220 4052 ,
1253 3986 1339 4041 ubi
1368 3986 1484 4043 dies
1511 3990 1859 4043 recitarentur
1881 4030 1896 4054 ,
1929 3998 1983 4043 et

397 4077 663 4134 consules.
704 4078 804 4146 Ipsi
846 4074 1001 4134 euim'
1028 4075 1443 4149 Carthagincnse
1478 4079 1758 4135 concilium
1788 4080 1980 4137 tactum

397 4168 515 4225 sine
549 4167 638 4224 di)
674 4178 717 4224 at
746 4169 960 4223 consule
989 4167 1344 4240 proferebant.
1377 4171 1627 4227 Dicebant
1652 4172 1793 4227 enim
1822 4174 1980 4227 etiam

399 4260 684 4316 concilium
728 4261 974 4332 Cypriani
1011 4261 1258 4317 consules
1292 4279 1397 4318 non
1430 4264 1620 4320 habere.
1652 4282 1665 4317 :
1694 4264 1779 4319 ubi
1808 4274 1981 4320 tamen

398 4351 591 4423 legitur
618 4350 767 4417 dies;
802 4352 851 4405 in
879 4351 969 4406 illo
997 4363 1173 4407 autem
1196 4353 1429 4423 ipsorum
1453 4353 1858 4425 Carthaginiensi
1886 4370 1983 4410 nec

398 4444 533 4500 dies.
582 4442 689 4499 Nos
731 4451 909 4499 autem
928 4483 945 4511 ,
976 4444 1117 4515 quod
1158 4446 1210 4499 in
1239 4445 1480 4505 manibus
1506 4456 1621 4502 erat
1642 4488 1658 4512 ,
1688 4447 1981 4501 Romanum

399 4536 681 4607 eon'lium
721 4534 1061 4603 Melchiadis,
1103 4537 1240 4593 sicut
1276 4537 1403 4593 illud
1443 4538 1714 4607 Cirtense,
1753 4548 1804 4594 et
1842 4540 1982 4594 diem

401 4552 464 4591 eo
555 4552 681 4591 num
721 4552 1061 4603 metcntams,
1103 4552 1240 4593 Sicut
1276 4552 1403 4593 tttud
1443 4552 1714 4607 urtense,
1753 4552 1804 4594 et
1842 4552 1982 4594 diem

401 4552 599 4684 lunare
625 4627 1121 4684 demonstrabamus
1138 4639 1192 4685 et
1210 4630 1475 4685 consules.
1497 4629 1676 4702 Neque
1696 4633 1834 4685 enim
1859 4640 1984 4687 tunc

401 4717 467 4772 ad
515 4719 699 4774 horam
740 4719 954 4788 antiqua
999 4718 1212 4774 archiva
1258 4718 1609 4774 ecclesiastica
1658 4719 1984 4776 discutienda

404 4809 557 4866 nobis
606 4811 850 4877 fuerunt,
880 4809 1019 4866 unde
1067 4811 1162 4865 ista
1215 4811 1543 4867 consuetudo
1566 4812 1724 4868 etiam
1749 4823 1983 4869 veterum

407 4900 571 4959 fuisse
599 4903 902 4960 doceretur.
933 4902 1041 4959 Nec
1069 4911 1244 4959 tamen
1273 4904 1458 4959 inanes
1485 4904 1564 4960 eis
1584 4905 1745 4960 etiam
1773 4920 1871 4961 nos
1893 4921 1984 4961 ca-

406 4993 635 5049 lumnias
660 5010 873 5052 movere
899 4996 1162 5051 voluimus
1184 5036 1200 5063 ,
1222 5011 1386 5067 quare
1416 4997 1467 5051 in
1495 4995 1741 5068 Cypriani
1763 4999 1986 5054 concilio

406 5086 524 5142 dies
554 5087 908 5153 inveniretur,
938 5088 989 5143 in
1021 5088 1255 5158 ipsorum
1282 5098 1457 5144 autem
1485 5105 1588 5144 non
1620 5089 1943 5145 inveniretur
1969 5107 1982 5143 :

407 5175 528 5246 quia
574 5175 651 5231 illi
695 5192 856 5232 vanas
895 5193 1071 5233 moras
1106 5179 1355 5235 volebant
1384 5180 1654 5237 innectere
1678 5222 1693 5249 ,
1728 5196 1861 5251 quis
1890 5195 1987 5238 nos

408 5266 733 5323 conabamur
773 5277 1035 5325 avertere.
1076 5268 1207 5325 Nam
1248 5271 1406 5325 etiam
1449 5270 1548 5326 hoc
1584 5272 1895 5342 exigebant,
1933 5280 1990 5328 ιιι

408 5357 477 5414 de
504 5358 791 5430 Scripturis
815 5358 1009 5413 sanctis
1024 5359 1426 5417 ostenderemus
1445 5361 1633 5417 alicubi
1658 5362 1772 5418 dies
1791 5372 1991 5418 et-con-

409 5451 553 5506 sules
592 5464 712 5506 esse
754 5449 1084 5517 conscriptos
1130 5468 1144 5505 :
1187 5452 1335 5520 quasi
1364 5451 1733 5522 episcoporum
1764 5453 1989 5509 concilia

411 5540 700 5611 Scripturis
749 5538 1016 5595 canonicis
1064 5539 1346 5608 aliquando
1398 5541 1592 5596 l'ueriut
1638 5552 1985 5613 comparata;

411 5641 503 5686 ant
545 5641 760 5702 possent
802 5632 960 5687 etiam
1006 5630 1101 5702 ipsi
1128 5631 1195 5685 de
1218 5630 1504 5702 Scripturis
1530 5635 1725 5689 sanctis
1751 5635 1990 5705 proferre

412 5723 719 5793 concilium,
764 5726 849 5780 ubi
891 5723 1125 5794 Apostoli
1149 5722 1356 5792 judiees
1385 5724 1651 5792 sederint,
1685 5736 1733 5782 ct
1767 5743 1983 5783 accusa-

1118 318 1208 372 Αἱ)
1249 313 1672 373 DONATISTAS
1701 309 1865 366 POST
1905 309 2406 380 COLLXI'IONEM,
2449 312 2507 368 S.
2549 314 2914 372 AUGUSTINI

3561 323 3685 378 ﬁt}!

2086 431 2197 479 tum
2244 425 2475 496 aliquem
2518 429 2599 483 vel
2644 428 3045 498 damnaverint,
3090 434 3171 488 vel
3216 435 3557 492 absolverinL
3609 439 3689 493 Et

2081 522 2257 571 tamen
2298 519 2666 587 rcSpondimus
2704 523 2782 577 eis
2805 564 2819 588 ,
2850 525 3011 580 etiam
3037 527 3330 597 Prophetas
3356 529 3522 584 libros
3546 547 3689 587 suos

2081 612 2393 678 pnunotatis
2428 621 2482 667 et
2506 613 2737 670 deﬁnitis
2766 617 3168 675 commendasse
3199 623 3686 693 temporibus,an

2079 714 2259 767 anno,
2310 702 2461 770 cujus
2506 706 2679 775 regis,
2729 717 2893 776 quoto
2935 724 3121 764 mense
3161 713 3285 765 anni
3311 753 3328 777 ,
3377 726 3544 783 quoto
3588 718 3686 769 die

2079 790 2281 844 mensis
2322 791 2513 847 factum
2556 809 2718 864 super
2752 811 2846 850 eos
2892 797 3051 852 fuerit
3080 801 3298 855 verbum
3332 802 3542 857 Domini
3570 824 3587 857 τ
3623 817 3687 859 ιιι

2078 881 2481 939 ostenderemus
2516 902 2672 955 quam
2712 888 2937 943 inaniter
2961 898 3014 944 et
3040 892 3365 949 calumniose
3389 894 3462 949 de
3486 895 3683 950 dielms

2077 982 2130 1026 ct
2175 977 2478 1030 consulibus
2528 980 2904 1048 episeopalium
2958 975 3306 1039 conciliorum
3347 989 3682 1056 qnzestiones

2078 1064 2390 1119 vanissimas
2428 1068 2740 1122 excitarent.
2774 1070 2912 1125 Fieri
2939 1072 3080 1126 enim
3113 1082 3324 1142 potest,
3350 1088 3409 1130 ut
3440 1078 3491 1130 in
3520 1080 3681 1133 codi-

2076 1151 2227 1206 cibus
2251 1153 2321 1207 sit
2340 1152 2435 1207 ista
2460 1156 2686 1211 varietas
2709 1200 2722 1220 ,
2749 1160 2873 1212 dum
2902 1161 2988 1214 alii
3014 1162 3172 1215 etiam
3199 1162 3317 1218 dies
3337 1177 3391 1219 et
3416 1170 3677 1222 consules

2076 1241 2344 1311 diligentia
2393 1246 2594 1314 majore
2642 1248 2989 1317 describunt,
3040 1252 3131 1306 alii
3177 1261 3429 1325 tanquam
3478 1274 3675 1327 super-

2075 1330 2238 1387 ﬂuum
2288 1339 2717 1402 prtetermiltunt.
2764 1339 2912 1394 Sicut
2941 1342 3098 1394 etiam
3128 1343 3293 1398 codex
3324 1346 3395 1399 de
3424 1362 3531 1418 quo
3550 1351 3680 1417 pri-

2078 1442 2220 1479 mum
2266 1427 2488 1497 legimus
2520 1428 2777 1498 judicium
2804 1433 3155 1498 Constantini,
3187 1451 3293 1504 quo
3324 1437 3465 1493 inter
3494 1450 3677 1508 partes

2075 1519 2413 1575 Carcilianum
2462 1522 2796 1578 innocentem
2822 1565 2837 1591 ,
2880 1524 2998 1579 illos
3037 1536 3214 1582 autem
3242 1529 3677 1586 calumniosissi-

2076 1626 2193 1664 mos
2242 1614 2631 1680 pronuntiavit,
2672 1615 2811 1669 diem
2855 1626 2903 1671 et
2951 1618 3221 1673 consulem
3266 1634 3372 1674 non
3401 1621 3676 1687 habebat;

2074 1702 2208 1755 alius
2228 1713 2404 1757 autem
2433 1719 2587 1772 quem
2613 1716 2794 1759 contra
2816 1722 2999 1761 eorum
3022 1708 3315 1764 calumnias
3337 1720 3520 1780 postea
3546 1728 3668 1782 pro-

2078 1793 2320 1859 tulimus,
2355 1794 2597 1850 habebat.
2627 1795 2757 1863 Quia
2784 1797 2942 1851 etiam
2972 1799 3079 1854 ilch
3106 1800 3518 1857 invidiosissime
3544 1819 3675 1872 pro-

2075 1887 2470 1953 elamaveraut,
2518 1890 2657 1959 quod
2707 1890 3042 1959 imperatoris
3079 1893 3281 1948 litteras
3323 1896 3443 1949 sine
3484 1896 3573 1951 die
3616 1907 3675 1951 et

2075 1978 2296 2033 consule
2340 1980 2679 2036 recitavimus
2713 2000 2727 2036 :
2757 1990 2812 2037 et
2839 1994 3013 2037 tamen
3044 1985 3203 2039 etiam
3235 1987 3335 2055 ipsi
3362 1988 3496 2041 alias
3520 1989 3673 2058 ejus-

2074 2068 2194 2123 dem
2243 2071 2573 2139 imperatoris
2612 2072 2814 2128 litteras
2855 2074 2908 2128 in
2944 2091 3099 2130 causa
3128 2075 3321 2132 Felicis
3346 2078 3675 2136 ordinatoris

2075 2159 2372 2225 Caeciliani,
2403 2178 2533 2232 quas
2560 2163 2783 2219 mirabili
2808 2166 3044 2222 caecitate
3071 2178 3256 2223 contra
3281 2184 3343 2225 se
3371 2171 3514 2240 ipsos
3535 2188 3670 2243 pro-

2078 2250 2344 2316 tulerunt,
2376 2253 2491 2307 sine
2516 2254 2604 2309 die
2631 2263 2684 2309 et
2708 2256 2926 2311 consule
2956 2256 3244 2313 recitarunt
3274 2277 3288 2313 :
3316 2275 3416 2316 nec
3437 2262 3519 2316 eis
3544 2263 3672 2318 inde

2074 2340 2269 2411 aliqttid
2315 2342 2633 2412 objecimus,
2676 2360 2742 2400 ne
2770 2345 3015 2401 similiter
3044 2357 3101 2400 ut
3130 2348 3265 2418 ipsi,
3299 2359 3537 2420 tempora
3570 2368 3667 2407 ne-

2075 2434 2303 2487 cessaria
2348 2434 2628 2504 superﬂuis
2671 2437 2844 2492 verbis
2885 2452 3291 2509 occuparemus.
3327 2441 3453 2497 llzec
3489 2454 3667 2499 autem

2076 2524 2235 2578 modo
2254 2523 2478 2580 dicimus
2503 2566 2518 2592 ,
2550 2534 2606 2581 ιιι
2633 2542 2727 2582 vos
2754 2528 2941 2584 saltem
2972 2529 3155 2585 oculos
3184 2533 3437 2599 aperiatis
3462 2576 3478 2599 ,
3506 2545 3558 2588 et
3587 2546 3667 2589 te-

2075 2619 2299 2675 nebrosa
2346 2630 2500 2675 nocte
2543 2622 2797 2687 careatis,
2842 2638 2997 2693 quam
3043 2624 3205 2677 vestri
3240 2624 3475 2695 episcopi
3509 2626 3667 2681 corde

2074 2711 2353 2780 gestabant
2377 2754 2389 2773 .
2418 2712 2507 2781 qui
2536 2723 2845 2768 nocturnam
2874 2714 3194 2769 sententiam
3216 2717 3509 2785 cognitioni
3528 2716 3665 2787 judio

2075 2804 2151 2856 eis
2191 2804 2538 2874 objecerunt,
2591 2816 2645 2859 et
2688 2806 2786 2875 ipsi
2829 2820 2922 2875 per
2963 2805 3103 2860 diem
3150 2807 3495 2861 interioribus
3524 2817 3666 2862 tene-

2076 2894 2187 2948 bris
2232 2896 2447 2949 involuti
2493 2895 2716 2952 mirabdi
2756 2896 2994 2952 caecitate
3028 2904 3215 2951 contra
3252 2913 3312 2953 sc
3353 2898 3497 2968 ipsos
3527 2907 3665 2952 tanta

2077 2984 2342 3039 dixerunt.

2147 3075 2370 3132 C.\PUT
2411 3075 2546 3131 XVI.
2574 3107 2637 3115 —
2665 3076 2753 3131 20.
2786 3076 3057 3146 Leguntur
3095 3078 3227 3132 actis
3267 3076 3409 3145 apud
3444 3076 3664 3131 Cartha-

2077 3166 2215 3235 ginis
2246 3167 2607 3237 magistratum
2637 3182 2891 3237 expressa
2919 3167 3083 3221 verba
3103 3166 3380 3230 Primiani,
3408 3167 3496 3222 ubi
3517 3165 3660 3233 dicit,

2078 3259 2213 3328 quod
2238 3268 2469 3330 parentes
2496 3275 2668 3312 eorum
2694 3260 2853 3313 nostri
2878 3260 3096 3330 majores
3118 3258 3270 3313 variis
3297 3259 3494 3313 exsiliis
3520 3274 3662 3312 vm-

2080 3358 2253 3402 rerunt
2284 3366 2303 3403 :
2328 3358 2382 3404 et
2412 3349 2462 3403 in
2487 3349 2780 3423 Collatione
2811 3350 3039 3419 probare
3089 3358 3370 3416 conantur,
3417 3365 3662 3406 accusan-

2083 3440 2221 3495 tibus
2267 3442 2556 3511 majoribus
2622 3443 2736 3496 suis
2796 3442 2862 3495 ah
2934 3442 3262 3511 Imperatore
3327 3442 3659 3498 Cmcilianum

2080 3533 2269 3588 evsilio
2294 3548 2413 3588 esse
2438 3532 2767 3587 damnatum.
2803 3533 2994 3588 Dicunt
3021 3533 3072 3586 in
3104 3534 3293 3588 litteris
3310 3535 3423 3588 suis
3444 3552 3657 3588 commu-

2082 3626 2280 3680 nionem
2309 3642 2453 3680 suam
2490 3642 2596 3681 esse
2628 3625 2908 3680 Ecclesium
2937 3626 3175 3691 veritatis,
3214 3641 3330 3697 qua:
3360 3627 3658 3697 persecutio-

2082 3734 2195 3772 nem
2223 3719 2432 3788 patitur,
2463 3735 2561 3773 non
2591 3734 2702 3789 qua:
2731 3717 2855 3787 facit
2878 3716 2965 3782 (In
2995 3718 3243 3773 Mandata
3265 3717 3659 3784 Donatistarum,

2084 3810 2220 3881 infra
2265 3812 2317 3864 in
2359 3810 2667 3882 Appendice)
2701 3819 2792 3866 :et
2817 3822 3079 3865 conantur
3104 3810 3391 3866 ostendere
3426 3810 3660 3866 Ca‘cilia-

2087 3916 2209 3956 num
2251 3900 2557 3956 damnatum
2581 3900 2784 3970 judicio
2832 3900 3174 3970 Imperatoris
3224 3900 3662 3972 persequentibus

2084 3993 2374 4065 majoribus
2399 3994 2529 4048 suis.
2561 3993 2625 4048 Et
2649 3993 2750 4048 hoc
2779 3993 2962 4048 dicunt
2990 3991 3205 4056 Laetum,
3232 4009 3336 4046 non
3374 4008 3470 4062 per
3499 3992 3661 4045 Dona-

2086 4093 2196 4139 tum
2240 4083 2554 4148 Cascnsem,
2609 4083 2704 4139 sed
2752 4099 2846 4153 per
2898 4098 3018 4137 eum
3076 4098 3229 4152 quem
3297 4097 3409 4152 prre
3466 4080 3660 4134 cmteris

2086 4173 2375 4248 praedicant
2450 4175 2709 4230 Donatum
2788 4174 3280 4245 Carthagiuensem.
3357 4172 3468 4227 lloc
3528 4170 3659 4225 enim

2086 4266 2299 4336 scriptis
2355 4265 2465 4320 suis
2541 4281 2635 4336 per
2706 4280 2831 4320 suos
2904 4252 3063 4320 modo
3130 4264 3333 4332 jactare
3389 4261 3659 4324 dicuntur,

2089 4359 2179 4413 ubi
2206 4358 2326 4413 victi
2361 4358 2591 4428 judicent
2617 4366 2889 4423 accusant,
2924 4358 3046 4427 quia
3079 4368 3288 4410 noctem
3320 4353 3497 4408 cordis
3525 4353 3659 4421 ipso-

2089 4467 2205 4505 rum
2259 4459 2514 4505 nocturna
2564 4450 2757 4503 veritas
2799 4447 3110 4502 confutavit.
3177 4446 3441 4499 Donatum
3490 4444 3655 4507 illum,

2089 4541 2260 4606 illum,
2308 4542 2544 4611 inquam,
2596 4539 2878 4602 Donatum,
2933 4551 3092 4607 quem
3137 4534 3388 4589 dixerunt
3429 4531 3657 4587 Ecclesia

2088 4631 2408 4704 Carthaginis
2430 4639 2775 4685 ornamentum
2803 4636 2850 4682 et
2870 4626 3178 4696 martyrialis
3194 4625 3375 4695 gloria:
3393 4625 3573 4687 virum,
3590 4621 3657 4675 sic

2089 4721 2469 4778 Commendare
2488 4721 2790 4782 voluerunt,
2823 4724 2881 4771 ιιι
2900 4715 3159 4782 dicerent,
3189 4713 3326 4784 quod
3353 4714 3494 4783 apud
3517 4712 3659 4778 impe-

2091 4812 2275 4867 ratoris
2303 4809 2619 4866 Constantini
2645 4808 3001 4880 cognitionem,
3023 4806 3130 4876 ipse
3151 4820 3291 4858 reum
3324 4812 3373 4857 et
3408 4800 3657 4857 asseruerit

2090 4915 2137 4960 et
2166 4903 2431 4958 convicerit
2459 4901 2784 4957 chilianum
2806 4898 2899 4970 (In
2928 4897 3115 4954 Collat.
3149 4906 3287 4967 part.
3325 4896 3386 4962 2,
3412 4913 3527 4967 cap.
3552 4893 3652 4960 10).

2093 4995 2185 5052 Ille
2212 5009 2340 5066 ergo
2361 4994 2440 5049 vir
2479 4993 2660 5064 gloriae
2687 4991 3007 5063 martyrialis
3051 4990 3187 5059 apud
3220 4988 3555 5058 Imperatoris
3577 5002 3658 5041 co-

2091 5087 2384 5158 gnitiOuem
2426 5098 2576 5139 reum
2617 5083 2891 5137 constituit
2940 5090 2996 5136 et
3037 5080 3266 5134 asseruit
3308 5077 3655 5139 Cmcilianuui,

2095 5178 2345 5248 illamque
2392 5174 2744 5246 cognitionem
2774 5170 3040 5228 Cmciliani
3080 5171 3350 5226 damnatio
3391 5176 3654 5223 consecuta

2096 5281 2179 5327 est
2205 5287 2220 5325 :
2253 5262 2346 5327 illo
2371 5270 2485 5325 viro
2499 5268 2684 5340 gloria:
2712 5266 3037 5338 martyrialis
3053 5272 3336 5320 accusante
3352 5272 3408 5317 et
3428 5262 3655 5319 instante,

2094 5361 2409 5418 Caecilianus
2437 5360 2505 5416 ab
2526 5359 2848 5430 lmperatore
2859 5356 3143 5412 damnatus
3161 5364 3263 5410 est.
3289 5350 3443 5421 Quod
3464 5348 3655 5422 quidem

2096 5469 2196 5510 nos
2223 5451 2414 5508 falsum
2441 5466 2562 5508 esse
2586 5450 2935 5514 convicimus,
2957 5448 3045 5520 qui
3065 5446 3305 5517 ejusdem
3339 5441 3656 5515 imperatoris

2100 5546 2324 5609 litteras,
2352 5544 2544 5615 quibus
2584 5558 2644 5599 se
2685 5543 2823 5598 inter
2859 5551 3036 5612 partes
3071 5538 3285 5594 audisse
3321 5546 3378 5593 ct
3406 5538 3654 5607 judicasse

2102 5646 2346 5702 testatur,
2381 5636 2467 5692 ubi
2495 5635 2782 5690 Cmciliano
2820 5634 3062 5688 absoluto
3096 5640 3254 5702 atque
3300 5641 3522 5701 purgato
3548 5629 3651 5684 ille-

2105 5745 2222 5785 rum
2254 5727 2547 5786 calumnias
2596 5725 2887 5783 detestatus
2931 5733 3032 5790 est,
3081 5723 3313 5796 prolatas
3352 5722 3420 5779 de
3464 5722 3652 5776 archiva
3744 5780 3745 5796 Ε
