3778 6138
73 317 136 382 55
1489 327 1686 383 LIBER
1726 327 1926 386 UNUS.

70 443 269 514 pblico
329 442 685 500 recitavimus.
717 441 912 498 Contra
955 454 1088 511 quas
1124 440 1343 496 omnino
1371 439 1495 509 quid
1536 456 1652 495 res-

69 533 394 600 auderent,
428 533 558 588 nihil
588 533 824 588 invenire
857 540 1171 602 potuerunt,
1214 539 1268 586 et
1295 530 1360 586 ad
1407 547 1497 585 eas
1521 546 1654 586 con-

68 626 362 680 ‘rmandas
381 634 567 680 contra
591 642 650 681 se
679 626 822 694 ipsos
847 625 948 679 alia
987 624 1338 695 protulerunt.
1373 623 1601 678 Proinde
1625 639 1655 677 a

65 716 367 784 najoribns
385 732 568 770 eorum
599 715 737 785 apud
769 713 1148 785 Imperatorem
1188 723 1493 769 accusatum
1523 729 1654 768 con-

64 808 179 862 titit
229 807 624 872 Czecilianum;
673 807 980 862 damnatum
1022 816 1198 861 autem
1247 824 1350 861 non
1395 807 1652 872 constitit,

61 911 145 952 o
174 898 366 952 etiam
405 899 642 953 constitit
690 898 1014 952 absolutum.
1058 897 1162 952 Sed
1211 908 1384 952 tamen
1428 897 1512 951 vel
1559 911 1657 952 vos

59 987 227 1043 ridete
285 997 556 1058 quantum
595 989 894 1058 adjuvcrint
916 1003 1130 1042 causam
1161 997 1394 1042 nostram
1421 987 1656 1056 episcopi

57 1079 238 1144 restri,
276 1081 374 1149 qui
401 1079 468 1134 de
504 1080 590 1132 illa
623 1081 903 1134 voluerunt
947 1078 1106 1133 etiam
1149 1077 1377 1132 falsitate
1416 1077 1652 1147 gloriari.

55 1169 95 1226 Si
123 1171 286 1224 enim
325 1170 562 1226 Donatus
593 1170 681 1224 ille
709 1171 786 1224 vir
810 1169 996 1240 gloria:
1033 1168 1353 1240 martyrialis
1383 1168 1520 1238 apud
1551 1167 1655 1221 lm-

53 1260 336 1330 peratoris
360 1261 718 1332 cognitionem
765 1277 914 1315 reum
955 1260 1180 1316 asseruit
1202 1260 1542 1314 Caecilianum
1564 1300 1578 1324 ,
1603 1267 1657 1312 et

51 1353 136 1408 illo
160 1353 292 1408 viro
325 1353 508 1422 gloriae
539 1352 862 1423 martyrialis
889 1363 1171 1407 arensante
1201 1361 1254 1406 et
1282 1351 1508 1404 instante
1533 1349 1654 1404 Ca2-

49 1441 286 1496 eilianns
321 1442 390 1496 ab
431 1441 753 1510 Imperatore
803 1441 1083 1496 damnatus
1128 1449 1250 1506 est;
1299 1439 1656 1508 reSpondeaut

49 1531 244 1598 vobis,
307 1533 524 1602 quando
574 1533 688 1588 haec
729 1533 1040 1603 agebantur,
1099 1533 1216 1602 quis
1261 1542 1376 1587 erat
1434 1541 1652 1603 martyr,

48 1633 235 1680 utrum
259 1624 508 1681 Donatus
540 1625 631 1695 qui
669 1625 937 1679 hominem
965 1622 1104 1694 apud
1133 1623 1508 1692 Imperatorem
1537 1637 1658 1690 per-

51 1718 424 1788 sequebatur,
478 1733 546 1772 an
580 1718 897 1772 Caecilianus
926 1716 1014 1786 qui
1063 1715 1156 1770 illo
1200 1723 1550 1784 persequente
1586 1713 1656 1767 ab

52 1809 399 1879 Imperatore
430 1808 818 1864 damnabatur?
847 1808 944 1863 Ubi
973 1817 1056 1863 cst
1098 1821 1238 1862 nunc
1269 1805 1358 1860 illa
1385 1804 1652 1860 definitiva

51 1901 239 1972 regula
269 1902 536 1973 ipsorum,
560 1902 961 1956 communionem
989 1899 1211 1966 Donati,
1245 1916 1350 1954 esse
1374 1896 1654 1951 Ecclesium

53 1994 282 2047 veritatis
331 2009 448 2064 qua:
491 1995 883 2063 persecutionem
923 1993 1132 2061 patitur,
1185 2009 1286 2048 non
1328 2007 1440 2062 qum
1485 1991 1654 2062 facit?

56 2083 194 2138 Ecce
225 2087 434 2154 patitur
461 2082 809 2150 Caacilianus,
859 2083 1092 2138 Donatus
1124 2082 1248 2138 facit
1280 2101 1293 2138 :
1321 2083 1440 2153 quis
1465 2096 1651 2136 eorum

57 2184 136 2228 est
160 2175 246 2230 vir
273 2175 467 2245 glorize
499 2175 855 2248 martyrialis?

121 2266 364 2324 CAPUT
389 2267 742 2323 κιαι-ει.
775 2268 1067 2333 Attendite,
1097 2267 1374 2328 advertite.
1407 2265 1570 2321 nolite
1597 2265 1650 2320 in

57 2374 297 2414 errorem
328 2358 684 2428 pernicie-um
717 2359 889 2414 adhuc
925 2373 1090 2427 usque
1130 2358 1330 2412 seduci.
1361 2357 1649 2412 Veritatem

56 2465 169 2518 qua:
196 2450 360 2504 vobis
385 2450 771 2512 occultabatur,
820 2450 958 2504 Deus
1001 2449 1208 2518 aperire
1252 2449 1497 2518 dignatus
1531 2456 1646 2512 est;

58 2538 349 2594 falsitatem
386 2555 504 2610 qua:
551 2540 702 2596 vobis
746 2539 1140 2605 offundebatur,
1190 2541 1328 2593 Deus
1371 2538 1648 2594 confutare

57 2628 306 2698 dignatus
347 2640 432 2686 est
464 2649 476 2685 :
506 2639 653 2684 tanto
682 2631 798 2698 ejus
828 2629 1087 2686 beneficio
1116 2645 1282 2698 quare
1320 2629 1490 2682 adhuc
1519 2629 1649 2682 estis

61 2721 295 2792 ingrati?
341 2722 455 2777 Iloc
493 2731 575 2778 est
615 2738 827 2792 nempe,
870 2722 1009 2792 quod
1039 2722 1188 2775 vobis
1210 2737 1352 2790 same
1377 2721 1644 2788 dicebam,

60 2814 194 2868 unde
213 2815 403 2869 cordis
427 2815 590 2870 vestri
639 2815 822 2870 oculos
861 2823 1034 2870 astuta
1075 2813 1276 2868 fallacia
1304 2813 1601 2883 caligabaut
1629 2831 1642 2867 ε

62 2913 110 2958 et
131 2905 309 2961 adhuc
333 2906 494 2960 etiam
526 2907 751 2961 coniicti
780 2905 901 2960 inde
918 2905 1208 2974 sejactant,
1245 2905 1365 2958 inde.
1388 2919 1484 2958 nos
1507 2905 1645 2959 lace-

63 3006 194 3059 rant,
222 2997 355 3066 quia
385 3012 484 3052 nos
509 2996 726 3051 facimus
755 2997 1200 3067 persecutionem,
1226 2996 1323 3065 ipsi
1353 2996 1643 3065 patiuntur.

64 3084 169 3142 Hoc
191 3089 271 3142 eis
301 3088 560 3143 remansit
589 3087 732 3142 omni
749 3103 813 3142 ex
836 3096 983 3157 parte
1003 3087 1286 3157 superatis,
1318 3086 1456 3140 unde
1472 3085 1647 3140 adhuc

66 3177 278 3232 nebulas
302 3178 502 3234 faciant
530 3179 820 3248 imperitis,
857 3179 979 3233 hinc
1008 3194 1066 3234 se
1111 3179 1258 3248 quasi
1303 3179 1646 3234 os:endenles

67 3285 175 3326 esse
219 3270 513 3327 Ecclesium
557 3272 796 3337 veritatis,
841 3288 953 3342 qua!
995 3273 1386 3343 persecutionem
1431 3272 1642 3342 patitur,

65 3378 154 3415 non
194 3365 344 3431 facit.
379 3363 495 3419 Non
535 3379 632 3419 vos
667 3380 796 3434 ergo
819 3364 992 3418 adhuc
1033 3364 1251 3418 fallant:
1278 3364 1378 3418 hoc
1405 3365 1482 3418 eis
1514 3364 1644 3418 faci-

65 3467 192 3516 mus,
223 3453 370 3524 quod
417 3455 647 3524 majores
686 3469 831 3516 suos,
865 3464 919 3509 et
960 3455 1130 3522 ipsum
1171 3471 1326 3524 quem
1359 3454 1646 3522 prardicant

64 3543 196 3598 velut
222 3544 549 3616 ntartyrialis
573 3544 757 3612 gloria:
786 3545 990 3610 virum,
1015 3543 1298 3598 Cau-iliano
1321 3545 1508 3599 fet-isse
1532 3547 1643 3614 glo-

63 3633 278 3688 riantur.
308 3633 424 3688 Hoc
440 3636 545 3704 egit
576 3635 664 3687 ille
689 3634 827 3704 apud
860 3635 1260 3704 Inperatoretu,
1287 3647 1341 3688 ttt
1371 3637 1646 3694 Convictus

65 3723 376 3780 Cincilianus
406 3725 543 3778 illius
566 3724 766 3793 judicio
787 3725 1130 3779 damnaretur
1155 3742 1168 3777 :
1200 3726 1298 3779 hoc
1326 3735 1378 3780 et
1405 3740 1502 3778 nos
1530 3727 1641 3794 egi-

64 3825 194 3878 mus,
222 3825 278 3868 ut
307 3814 394 3870 isti
420 3815 646 3870 convicti
677 3815 866 3868 similia
890 3824 1213 3883 paterentur.
1257 3814 1308 3869 Si
1335 3815 1471 3868 male
1499 3815 1640 3880 fecit,

64 3918 220 3977 quare
249 3907 356 3965 hoc
381 3906 460 3962 illi
489 3907 721 3964 Donatus
749 3905 1006 3961 faciebat?
1036 3906 1090 3962 Si
1121 3915 1296 3960 autem
1326 3916 1471 3961 recte
1498 3906 1641 3974 fecit,

65 4012 218 4067 quare
237 3999 346 4055 hoc
364 3998 635 4055 Catholica
658 3997 792 4069 parti
811 3997 999 4053 Donati
1022 4011 1126 4052 non
1154 3996 1345 4051 faciat?
1369 3998 1476 4051 lino
1500 4008 1645 4054 recte

66 4089 171 4144 fieri
210 4108 314 4148 nec
364 4093 438 4146 illi
481 4092 758 4158 dubitant,
805 4093 893 4164 qui
936 4091 1036 4148 hoc
1078 4089 1307 4161 majores
1336 4106 1480 4158 suos,
1511 4107 1645 4162 quos

66 4184 280 4240 multum
325 4185 559 4247 laudant,
608 4183 800 4240 fecisse
839 4183 1171 4254 gloriantur:
1203 4197 1299 4237 nec
1342 4197 1439 4236 nos
1488 4182 1644 4236 dubi-

70 4281 255 4342 tamus,
286 4276 377 4346 qui
406 4275 506 4330 hoc
530 4275 608 4330 eis
635 4291 754 4330 esse
777 4274 1074 4328 faciendum
1106 4289 1298 4343 negare
1325 4289 1428 4328 non
1458 4289 1646 4343 possu-

69 4378 198 4430 mus,
243 4377 300 4421 ut
359 4367 475 4420 sine
513 4365 785 4420 effusione-
815 4365 1120 4434 sanguinis,
1171 4365 1258 4434 qui
1306 4365 1482 4418 verbis
1537 4381 1642 4419 non

73 4456 432 4519 emendantur,
460 4457 632 4526 aliqua
662 4456 937 4510 mitissima
963 4471 1118 4526 ptena
1154 4456 1325 4527 legum
1349 4457 1644 4526 corripian-

75 4553 153 4599 tur
189 4547 446 4618 inquieti:
474 4559 528 4602 et
556 4548 598 4601 si
628 4547 765 4602 forte
808 4547 1101 4614 Imperator
1142 4559 1416 4612 perunctus
1450 4547 1643 4602 mentis

80 4638 339 4708 sacrilegte
369 4637 713 4708 pertinaciam
747 4639 1004 4708 graviore
1021 4638 1279 4708 supplicio
1307 4639 1489 4693 statuit
1524 4653 1643 4694 esse

81 4727 432 4796 plet-tendam,
481 4731 660 4785 mitius
707 4739 861 4798 agant
901 4730 1142 4800 judiees,
1190 4731 1380 4800 quibus
1432 4747 1645 4801 semper

83 4815 214 4873 licuit
256 4821 424 4876 lenire
466 4829 624 4890 atque
660 4822 898 4876 emollire
940 4822 1258 4876 sententiam
1293 4823 1391 4894 (a).
1429 4822 1643 4878 Interim

73 4920 189 4976 ergo
205 4912 446 4979 quamvis
471 4927 575 4965 non
603 4913 764 4979 possit
781 4912 992 4968 ostendi
1019 4912 1358 4966 Czeeilianum
1383 4914 1449 4968 ab
1473 4914 1644 4984 impe-

75 5005 236 5054 ratore
279 5002 628 5056 Constantino
671 5017 792 5057 esse
833 5002 1160 5066 damnatum,
1207 5017 1236 5055 a
1283 5002 1430 5056 vobis
1467 5012 1640 5078 tamen

76 5101 212 5140 error
240 5092 326 5147 ille
345 5093 585 5146 sublatus
615 5103 716 5155 est,
747 5107 850 5160 quo
882 5091 1148 5160 putabatis
1169 5108 1286 5146 eam
1311 5107 1430 5146 esse
1461 5107 1640 5146 veram

79 5175 348 5236 Ecelesiam
379 5199 497 5252 quas
527 5182 945 5251 persecutionem
965 5182 1181 5250 p-titur,
1203 5199 1304 5234 non
1329 5198 1446 5250 qu;e
1479 5181 1638 5237 facit:

80 5265 191 5322 fecit
215 5273 353 5327 enim
382 5274 634 5338 Donatus,
661 5288 848 5344 passus
873 5281 956 5327 est
983 5270 1318 5327 Caecilianus.
1353 5274 1418 5327 Et
1447 5274 1490 5326 si
1522 5289 1642 5342 per-

81 5361 242 5413 secutit
267 5378 384 5416 nem
410 5365 603 5430 patitur
627 5377 746 5432 pars
771 5363 977 5424 Donati.
1004 5364 1197 5432 patitur
1219 5378 1341 5418 cum
1368 5363 1456 5417 illa
1478 5364 1638 5419 etiam

85 5459 191 5510 pars
219 5450 534 5516 Maximiani,
564 5469 721 5523 quam
756 5463 807 5508 et
851 5453 948 5523 ipsi
984 5453 1180 5509 Christi
1207 5454 1501 5510 Ecelesiam
1534 5471 1637 5511 non

83 5551 185 5592 esse
203 5545 526 5599 confirmant.
557 5547 632 5600 Ac
661 5561 753 5614 per
792 5545 892 5600 hoc
930 5555 984 5600 et
1013 5545 1188 5601 facere
1217 5549 1636 5617 persecutionem

89 5641 178 5684 non
203 5645 274 5688 est
304 5635 594 5706 iniquitatis
624 5636 900 5702 indicium,
919 5638 1039 5706 quia
1069 5647 1121 5692 et
1153 5638 1274 5692 boni
1302 5639 1491 5692 faciunt
1525 5655 1636 5692 ma-

141 5764 202 5828 (α)
233 5770 338 5821 \ide
363 5772 603 5834 .tugustini
630 5768 878 5834 epistolam
907 5770 1010 5830 159,
1037 5784 1083 5819 ιι.
1111 5770 1154 5818 Ξ.

1769 440 1854 502 Iis.
1884 451 1936 497 et
1957 442 2076 497 mali
2103 443 2255 498 bonis
2279 463 2291 498 :
2319 454 2372 501 et
2397 446 2502 516 pati
2534 453 2961 517 persecutionem
2989 471 3092 510 non
3133 466 3215 511 est
3257 459 3342 526 ju-

1761 534 1920 588 stitia:
1951 533 2327 590 documentum
2351 578 2366 602 ,
2399 538 2521 606 quia
2550 555 2665 593 eam
2700 556 2803 595 non
2835 543 2933 596 soli
2966 545 3086 598 boni
3110 561 3207 615 pro
3231 549 3319 617 pie

1763 633 1889 687 tate,
1922 625 2014 680 sed
2039 627 2161 681 tuali
2188 643 2282 697 pro
2309 629 2584 698 iniquitate
2612 633 2896 699 patiuntur.

1831 716 1920 770 22.
1965 718 2146 773 Restat
2187 735 2313 789 ergo
2357 720 2508 775 vobis
2551 739 2734 778 errore
2779 725 3001 796 depulso
3046 729 3340 785 Ecclesium

1760 809 1952 864 Christi
1983 811 2163 867 videre
2200 829 2265 868 ac
2311 822 2493 895 tenere
2541 816 2890 886 Catholicam,
2933 837 3036 876 non
3084 833 3140 877 ut
3181 825 3230 877 in
3277 840 3340 879 ea

1761 900 1964 970 eligatis
1992 903 2112 972 quia
2148 907 2570 972 persecutionem
2604 911 2820 977 patitur.
2848 910 2980 965 Cum
3003 914 3144 967 enim
3168 913 3340 968 dixis-

1761 1000 1841 1046 set
1886 992 2163 1061 Dominus,
2207 995 2352 1050 Bcati
2376 999 2460 1064 qui
2504 1003 2896 1067 persecutionem
2936 1005 3234 1073 patiuntur;
3273 1023 3340 1060 ne

1761 1083 1883 1138 inde
1926 1100 1984 1141 se
2035 1087 2238 1156 jactent
2285 1089 2542 1154 hmretici,
2583 1091 2813 1155 addidit,
2849 1103 3050 1163 propter
3086 1096 3341 1164 justitiam

1761 1176 1974 1247 (Matth.
2019 1195 2073 1246 v,
2103 1180 2214 1251 10).
2267 1179 2400 1236 Nam
2453 1193 2647 1251 quanta
2698 1185 2832 1238 mala
2877 1186 3072 1238 nostris
3120 1186 3339 1241 fecerint

1761 1267 2092 1324 furiosissimi
2124 1271 2309 1326 clerici
2335 1281 2388 1328 et
2413 1270 2885 1330 Circumcelliones
2915 1277 3079 1344 partis
3116 1277 3335 1338 Donati.

1761 1359 1926 1411 nostis
1947 1368 2001 1412 et
2026 1375 2140 1415 vos.
2171 1361 2407 1417 Incensae
2430 1374 2554 1418 sunt
2573 1365 2835 1431 ecclesiae,
2860 1367 3004 1422 missi
3026 1369 3078 1420 in
3101 1366 3340 1422 flammas

1758 1449 1971 1504 codices
2015 1452 2203 1515 sancti,
2239 1453 2468 1509 incensa:
2507 1456 2666 1510 etiam
2701 1459 2920 1526 privatae
2965 1457 3172 1515 domus.
3202 1460 3339 1528 rapti

1760 1537 2004 1594 homines
2041 1541 2107 1595 de
2157 1541 2370 1598 sedibus
2410 1544 2542 1609 suis,
2582 1555 2635 1599 et
2684 1546 2931 1600 omnibus
2969 1563 3088 1616 qua:
3136 1547 3341 1602 inerant

1757 1629 1948 1684 ablatis
1975 1641 2066 1685 aut
2095 1633 2334 1702 perditis,
2366 1634 2466 1704 ipsi
2493 1637 2616 1690 caesi
2643 1677 2655 1701 ,
2688 1636 2886 1700 laniati,
2917 1638 3167 1692 esca-cati
3197 1657 3208 1690 :
3240 1654 3339 1692 nec

1757 1722 1825 1776 ab
1852 1722 2138 1780 homicidio
2188 1727 2355 1793 potuit
2399 1728 2714 1796 temperari;
2759 1729 3004 1799 quamvis
3051 1730 3115 1782 sit
3160 1731 3340 1784 mitius

1759 1813 1884 1870 huic
1937 1816 2039 1870 luci
2086 1818 2433 1883 morientem,
2486 1837 2642 1888 quam
2697 1821 2849 1876 istam
2903 1823 3072 1876 lucem
3122 1822 3338 1878 auferre

1756 1907 1976 1962 viventi.
2002 1906 2228 1962 Ventum
2251 1920 2333 1964 est
2361 1910 2423 1963 ad
2449 1910 2714 1971 homines.
2743 1927 2846 1965 non
2870 1923 2926 1966 ut
2949 1913 3134 1967 retenti
3157 1914 3339 1983 aliquo

1757 1998 2096 2065 ducerentur,
2121 2001 2214 2055 sed
2245 2011 2446 2055 tantum
2479 2012 2533 2056 ut
2564 2005 2660 2058 ista
2683 2015 3006 2074 paterentur.
3033 2005 3136 2060 Nec
3156 2019 3332 2060 tamen

1757 2099 1968 2145 nostros
1990 2090 2112 2146 ideo
2131 2093 2497 2160 justificamns,
2524 2097 2643 2163 quia
2674 2097 2768 2149 ista
2795 2099 3025 2166 perpessi
3054 2109 3175 2152 sunt
3197 2117 3209 2159 ;
3238 2099 3331 2153 sed

1755 2181 1876 2249 quia
1908 2197 2003 2250 pro
2046 2182 2334 2238 christiana
2376 2170 2618 2251 veritate,
2668 2204 2761 2256 pro
2803 2188 2994 2243 Christi
3043 2206 3192 2259 pace,
3237 2207 3334 2258 pro

1756 2269 2012 2326 Ecclesitn
2051 2273 2250 2328 unitate
2281 2277 2515 2343 perpessi
2563 2287 2704 2331 sunt.
2748 2277 2824 2332 Illi
2865 2289 3042 2334 autem
3080 2281 3178 2336 snb
3223 2293 3327 2334 tam

1755 2362 1957 2428 multis,
1989 2364 2087 2418 sub
2109 2375 2214 2420 tant
2243 2367 2442 2422 severis
2469 2368 2688 2438 legibus,
2716 2380 2767 2423 et
2795 2371 2891 2424 sub
2915 2381 3051 2424 tanta
3079 2372 3328 2427 Ecclesiae

1753 2453 2051 2516 catholicm,
2085 2471 2242 2524 quam
2289 2456 2542 2511 Dominus
2566 2458 2614 2512 ei
2659 2460 2858 2525 tribuit,
2897 2471 3172 2530 potcsmte.
3203 2461 3328 2531 quid

1755 2544 1857 2597 tale
1887 2545 2190 2613 patiuntur?
2235 2547 2288 2600 Si
2334 2547 2544 2616 quando
2571 2551 2709 2602 enim
2758 2560 2927 2604 morte
2973 2552 3330 2617 muletantur,

1751 2645 1843 2688 aut
1886 2636 1985 2704 ipsi
2031 2653 2089 2691 se
2129 2638 2400 2701 occidunt,
2447 2649 2537 2692 aut
2581 2655 2763 2694 cormn
2795 2653 3028 2696 eruentae
3067 2644 3332 2697 violentia:

1751 2717 1874 2771 dum
1907 2721 2170 2774 resistitur
2199 2721 2532 2784 occiduntur,
2560 2739 2662 2775 non
2689 2740 2781 2792 pro
2810 2726 3184 2779 communione
3206 2741 3332 2796 par-

1754 2810 1819 2864 tis
1848 2811 2056 2876 Donati,
2091 2828 2188 2867 nec
2230 2829 2326 2882 pro
2368 2829 2551 2870 errore
2598 2815 2836 2886 sacrilegi
2885 2817 3204 2882 sehismatis,
3234 2819 3326 2874 sed

1752 2919 1848 2973 pro
1891 2907 2242 2974 apertissimis
2281 2907 2600 2962 facinoribus
2625 2917 2678 2962 et
2724 2909 3016 2964 sceleribus
3045 2909 3174 2972 suis,
3207 2925 3326 2977 qua}

1750 3013 1900 3050 more
1937 2998 2200 3052 latronum
2247 2999 2460 3052 immani
2514 2997 2692 3054 furore
2739 3008 2792 3054 et
2827 3000 3138 3054 crudi-litate
3177 3017 3328 3054 eom-

1750 3089 1984 3143 mittunt.
2012 3090 2114 3144 Pro
2137 3099 2282 3159 parte
2321 3100 2498 3144 autem
2544 3091 2725 3144 Donati
2754 3092 2836 3145 vis
2861 3091 3059 3160 aliquid
3093 3091 3194 3147 tale
3226 3107 3321 3159 pa-

1750 3179 1970 3242 tiuntur,
2015 3181 2170 3249 quale
2210 3181 2548 3236 Caecilianum
2594 3181 2796 3235 Donato
2840 3182 3068 3236 instante
3114 3197 3326 3251 passum

1749 3283 1868 3324 esse
1889 3271 2155 3324 dixerunt.

1819 3359 1907 3413 23.
1951 3362 2052 3414 Aut
2077 3377 2202 3430 ergo
2230 3362 2528 3428 persecutio
2557 3377 2659 3414 non
2689 3363 2862 3416 omnis
2895 3362 3085 3430 injusta
3115 3371 3212 3424 est,
3239 3371 3330 3416 aut

1748 3466 1852 3504 non
1876 3461 1954 3505 est
1981 3451 2280 3519 persecutio
2311 3451 2530 3506 dicenda
2555 3467 2674 3508 cmn
2693 3453 2834 3521 justa
2854 3465 2954 3508 est.
2975 3453 3324 3524 QuaprOpter,

1747 3550 1837 3594 aut
1875 3540 2295 3608 persecutionem
2345 3557 2466 3611 pars
2514 3543 2697 3596 Donati
2745 3545 2938 3613 patitur
2975 3544 3192 3612 justam.
3238 3553 3331 3600 aut

1749 3632 2170 3700 persecutionem
2218 3647 2321 3685 non
2365 3633 2579 3700 patitur,
2621 3635 2740 3702 quia
2785 3635 2978 3704 patitur
3012 3635 3172 3704 juste.
3213 3635 3328 3690 Non

1747 3730 1922 3776 autem
1945 3721 2087 3791 justo
2107 3737 2293 3792 passus
2316 3733 2394 3776 est
2420 3725 2752 3789 Cascilianus,
2781 3725 2899 3794 quia
2927 3731 3178 3780 innocens
3200 3743 3330 3797 pro-

1751 3811 1903 3866 batus
1932 3823 1985 3868 et
2010 3813 2282 3868 ab~olutns
2307 3825 2409 3869 est.
2443 3815 2593 3882 Quod
2625 3816 2837 3884 quidem
2882 3818 2952 3870 illi
2977 3827 3324 3887 negaverunt,

1748 3914 1801 3960 et
1833 3907 2006 3975 potius
2029 3907 2096 3960 ab
2123 3906 2448 3975 Imperatore
2487 3909 2793 3962 damnatum
2823 3925 2942 3964 esse
2981 3910 3248 3966 dixerunt.
3276 3918 3331 3964 et

1749 3997 1869 4052 ideo
1897 3999 2126 4066 majores
2163 4014 2289 4053 suos
2323 3999 2660 4068 maximeque
2701 4001 2958 4052 Donatum
2981 4042 2994 4065 ,
3024 4015 3053 4053 a
3093 4015 3151 4054 se
3185 4009 3328 4054 tanta

1749 4089 2128 4159 pr.edieatione
2156 4089 2424 4144 laudatum
2446 4131 2460 4150 .
2487 4089 2773 4144 Ca‘ciliano
2806 4092 3221 4158 persecutionem
3255 4091 3331 4144 fc-

1747 4181 1886 4236 cisse
1922 4179 2153 4236 confessi
2203 4189 2348 4234 sunt.
2399 4179 2550 4234 Illum
2600 4190 2776 4234 autem
2820 4181 3120 4234 convictum
3169 4191 3328 4248 atque

1747 4271 2052 4326 damnatum
2090 4270 2317 4342 probare
2362 4270 2580 4326 minime
2623 4281 2904 4342 potuerunt
2947 4289 2959 4324 :
2998 4272 3106 4326 imo
3143 4273 3324 4340 etiam,

1747 4363 1887 4433 quod
1919 4377 2016 4416 nos
2041 4362 2368 4420 dicebamus.
2400 4377 2520 4416 eum
2547 4377 2668 4417 esse
2693 4361 2990 4415 absiilutum
3019 4371 3175 4430 atque
3203 4377 3328 4430 pur-

1747 4463 1950 4526 gatum,
1970 4455 2066 4522 ipsi
2092 4469 2303 4524 quoque
2330 4453 2496 4508 multa
2525 4465 2708 4509 contra
2731 4469 2788 4507 se
2819 4454 2962 4522 ipsos
2989 4453 3212 4523 legendo
3235 4453 3329 4507 fir-

1749 4554 1978 4600 marunt.
2011 4545 2080 4599 Et
2111 4554 2284 4599 tamen
2313 4545 2538 4600 liberum
2567 4545 2843 4599 arbitrium
2871 4544 2968 4599 sibi
2993 4545 3060 4598 ab
3090 4545 3327 4611 Impena-

1749 4645 1865 4693 tore
1899 4651 2211 4692 concessum
2240 4651 2360 4691 esse
2399 4635 2622 4702 jac-tant.
2651 4636 2780 4689 \‘icti
2821 4644 2980 4705 atque
3019 4634 3245 4698 ioufnsi,
3274 4634 3326 4689 id

1747 4731 1848 4786 sibi
1891 4731 2050 4785 etiam
2103 4744 2243 4783 nunc
2295 4728 2599 4798 flagitabant
2650 4729 2845 4782 debere
2895 4727 3135 4794 conoedi,
3185 4729 3327 4797 quod

1750 4820 1978 4892 majores
2007 4835 2190 4874 eorum
2215 4818 2499 4874 Cteeiliano
2521 4837 2625 4873 non
2647 4819 3009 4873 eoucedebaut
3035 4833 3222 4887 :quem
3251 4819 3330 4874 sic

1749 4911 1886 4982 apud
1917 4910 2294 4979 Imperatorem
2341 4920 2680 4972 accusarunt,
2711 4924 2864 4978 quem
2899 4908 3002 4962 illis
3031 4910 3327 4962 accusatio.

1751 5003 1904 5057 nibus
1932 5004 1947 5033 ¹
1979 5002 2045 5056 ab
2071 5001 2395 5071 Imperatore
2433 5001 2738 5053 damnatum
2785 4997 2868 5051 isti
2913 4998 3070 5052 etiam
3113 4998 3325 5053 mentiti

1749 5094 2049 5147 voluerunt.
2079 5093 2132 5145 Si
2155 5093 2400 5146 voluntas
2429 5090 2591 5144 libera
2615 5089 2895 5158 unicuique
2922 5087 3197 5142 tribuenda
3219 5101 3324 5154 est,

1749 5183 2033 5239 Caeciliano
2060 5183 2206 5253 prius
2228 5183 2565 5237 tribueretur.
2597 5179 2650 5236 Si
2670 5179 2782 5233 hinc
2812 5197 2913 5232 non
2938 5178 3138 5233 homini
3159 5178 3327 5246 judiei

1749 5276 2099 5347 permittenda
2121 5317 2135 5340 ,
2165 5275 2257 5330 sed
2293 5275 2400 5329 Deo
2428 5277 2600 5342 potius
2627 5272 2937 5327 dimittenda
2970 5280 3115 5334 Sunt,
3155 5270 3327 5325 (Ζωεί-

1751 5369 1922 5421 liauus
1948 5366 2094 5436 prius
2119 5365 2254 5433 apud
2281 5363 2658 5432 Imperatorem
2688 5378 2790 5415 non
2820 5371 3180 5416 accusaretur.

1818 5455 2044 5512 CAPUT
2086 5454 2471 5510 XVlll.——24.
2517 5453 2956 5523 Expergiscimini
3007 5450 3326 5516 aliquando,

1749 5565 1853 5604 non
1877 5564 1972 5602 vos
1995 5558 2253 5602 tartareus
2281 5547 2476 5616 obliget
2499 5559 2736 5610 somnus,
2776 5560 2879 5598 non
2920 5543 2970 5595 in
3003 5539 3321 5610 profundum

1749 5640 1987 5710 sacrilegi
2026 5639 2223 5693 ert-oris
2246 5637 2416 5692 adhuc
2453 5636 2609 5706 impia
2649 5632 2977 5690 consuetudo
3001 5630 3315 5701 demergat:

1818 5781 1830 5810 ¹
1870 5787 2021 5835 Ferte,
2049 5769 2415 5821 accusa-toribus.
