3784 6172
427 292 526 343 667

427 409 539 473 jam
591 414 880 459 consonate
932 403 1080 471 paci,
1124 400 1389 454 cohaercte
1427 398 1632 462 unitati,
1683 393 2003 465 acquiescite

429 493 694 558 charitati,
724 493 896 548 cedite
921 492 1127 546 veritati
1157 510 1169 544 :
1195 491 1485 545 Eeclesiam
1523 487 1839 544 catholicam
1871 484 2007 539 inci-

431 587 664 654 pientem
702 584 768 637 ab
820 583 1110 637 Jerusalem
1150 581 1454 651 cognoscite
1497 592 1872 648 usquequaque
1905 573 2008 629 dif-

427 675 596 739 fundi,
647 673 866 727 cuinon
911 675 1266 727 communicat
1315 687 1436 742 pars
1472 671 1677 733 Donati,
1725 669 1806 724 cui
1846 682 2012 721 causa!

430 781 535 819 non
589 765 894 835 pra‘judicat
947 764 1235 819 Caeciliani.
1284 763 1464 818 Toties
1512 763 1654 817 enim
1710 770 2002 830 purgatus,

427 857 583 910 toties
635 855 933 920 absolutus,
979 855 1184 908 etiamsi
1236 870 1341 908 non
1394 863 1534 906 esset
1578 852 1867 914 innocens,
1916 865 2005 901 nec

425 962 578 999 causa
622 961 790 999 causa
832 944 1156 1016 prwjudicat,
1197 959 1286 997 nec
1318 959 1532 1013 persona
1587 956 1832 1012 personae.
1881 939 2005 992 "me

427 1038 592 1093 verba
624 1053 718 1107 per
762 1039 947 1092 orbem
989 1045 1144 1092 terrae
1189 1036 1434 1090 universa
1461 1043 1709 1105 personat
1740 1032 2000 1092 Ecclesia,

424 1129 618 1182 clamat
656 1129 816 1183 etiam
859 1127 1157 1183 membrum
1206 1128 1346 1182 illius
1385 1127 1438 1181 in
1489 1125 1664 1180 Africa
1698 1125 2001 1178 :Testimo-

425 1219 572 1273 nium
606 1221 698 1274 Dei
729 1220 872 1284 novi,
911 1219 1180 1290 negetium
1209 1217 1472 1274 Cmciliani
1506 1232 1608 1270 non
1643 1216 1762 1270 novi
1796 1233 1808 1269 :
1842 1213 2015 1268 credor

424 1311 762 1366 innocentem
808 1327 836 1365 a
883 1312 1075 1366 vestris
1120 1311 1408 1381 majoribus
1456 1311 1800 1372 insectatum,
1845 1319 2011 1376 quem.

426 1399 546 1470 lego
600 1403 758 1457 toties
796 1402 1095 1457 absolutum
1125 1419 1137 1454 :
1162 1401 1254 1456 sed
1301 1401 1704 1471 qualiscumque
1745 1399 1811 1452 sit
1844 1410 2011 1451 causa

425 1489 560 1558 ejus,
581 1505 756 1544 causa:
781 1506 914 1545 mete
948 1491 1078 1545 nihil
1120 1490 1452 1560 prmjudicat;
1496 1490 1894 1560 qualiscumque
1935 1485 2005 1540 sit

425 1595 659 1650 persona
678 1583 814 1650 ejus,
845 1597 1086 1652 persona:
1113 1598 1244 1636 metr.
1265 1583 1402 1636 nihil
1425 1579 1749 1652 prtejudieat.
1775 1578 1882 1632 Vos
1903 1578 2002 1632 hoc

421 1671 630 1726 dixistis
649 1714 664 1736 ,
699 1687 794 1727 vos
823 1673 890 1726 ad
919 1672 1019 1728 hoc
1060 1673 1448 1743 subscripsistis
1478 1689 1491 1725 :
1525 1671 1634 1724 Nec
1659 1687 1811 1724 causa
1839 1684 2006 1722 causa!

423 1763 742 1832 prwjudicat,
764 1780 853 1816 nec
883 1781 1104 1834 persona
1130 1780 1380 1834 personae.
1411 1765 1547 1818 Ecce
1574 1765 1824 1817 Dominus
1850 1761 1998 1824 dicit,

424 1850 528 1905 Per
542 1867 712 1906 omnes
734 1863 902 1921 gentes
927 1853 1281 1920 incipientibus
1297 1853 1358 1906 ab
1375 1852 1660 1907 Jerusalem
1690 1852 1835 1922 (Luc.
1853 1866 1998 1915 ιχιν,

421 1941 517 2014 47)
547 1961 559 1998 :
588 1943 821 1999 divinam
853 1946 1127 1999 veritatem
1158 1945 1210 1998 in
1243 1960 1344 1998 una
1375 1944 1606 1998 Ecclesia
1630 1953 1926 2006 teneamus,
1949 1949 2006 1995 et

420 2033 679 2090 humanas
709 2036 828 2091 lites
850 2036 1134 2106 aliquando
1161 2037 1423 2090 finiamus.

493 2128 717 2184 CAPUT
762 2128 903 2183 XIX.
931 2160 1003 2170 —
1027 2129 1118 2183 25.
1167 2128 1433 2198 Numquid
1476 2128 1616 2182 cuitu
1664 2126 1825 2181 verba
1862 2127 1957 2180 ista
1982 2167 2006 2191 ,.

421 2219 509 2273 ubi
535 2218 806 2287 dixerunt,
835 2237 925 2274 nec
952 2236 1156 2273 causam
1184 2236 1350 2273 causa:
1369 2261 1382 2284 ,
1413 2236 1500 2272 nec
1526 2234 1788 2288 personam
1814 2217 2002 2288 preju-

419 2311 589 2364 dicare
631 2327 894 2382 personae,
927 2312 1039 2365 u’lo
1083 2311 1243 2364 modo
1289 2319 1407 2379 post
1447 2311 1614 2374 ipsam
1653 2309 1999 2364 Collatioaem

421 2399 708 2458 defendere
748 2411 1073 2470 potuerunt,
1105 2417 1166 2455 ac
1197 2417 1300 2454 non
1343 2401 1519 2470 potius
1561 2416 1622 2454 se
1667 2399 1833 2454 trmlto
1877 2414 2000 2468 per-

421 2489 629 2559 plexius
660 2491 1030 2560 implicarunt?
1059 2491 1147 2546 Sic
1176 2506 1404 2560 namque
1447 2492 1498 2545 in
1529 2490 1840 2561 quibusdam
1869 2492 2004 2544 seri-

421 2581 524 2650 ptis
550 2582 660 2635 suis
686 2582 843 2636 locuti
872 2591 995 2636 sunt
1027 2599 1038 2635 :
1068 2580 1286 2637 Causam
1314 2598 1480 2635 causre
1519 2592 1564 2635 et
1611 2598 1872 2651 personam
1899 2599 2002 2635 non

423 2672 756 2742 prwjudicarc
792 2689 1052 2742 personae,
1081 2689 1112 2725 a
1150 2672 1292 2726 nobis
1314 2714 1328 2736 ,
1361 2673 1596 2742 inquiunt
1623 2714 1638 2738 ,
1672 2672 1858 2724 dictum
1897 2688 2002 2726 esse

422 2764 706 2816 memoriter
733 2764 1029 2817 recensitum
1072 2747 1189 2818 est:
1221 2764 1309 2816 sed
1344 2764 1647 2833 alloquimur
1681 2764 1695 2794 ¹
1728 2763 1869 2817 nobis
1899 2780 2000 2816 non

424 2851 748 2922 prtejudicari
772 2853 833 2906 ab
859 2854 922 2906 iis
945 2855 1030 2922 qui
1067 2870 1097 2906 a
1127 2853 1266 2907 nobis
1301 2853 1377 2906 uel
1416 2854 1586 2922 rejecti
1621 2863 1736 2906 sunt
1757 2895 1772 2918 ,
1800 2853 1876 2906 vel
1903 2853 2002 2906 da-

422 2943 615 3003 mnati;
642 2943 677 2994 ii
698 2951 861 2995 autem
882 2943 968 3010 qui
985 2959 1048 2999 ex
1063 2941 1320 2996 Ca’ciliani
1341 2942 1655 2996 ordinatione
1674 2942 1998 3009 descendunt,
2019 2943 2021 2946 ’

421 3048 546 3098 quos
571 3031 633 3084 de
659 3035 1022 3101 praedecessore
1059 3035 1199 3103 origo
1230 3043 1459 3086 numerat
1488 3034 1554 3085 ad
1575 3043 1799 3098 reatum,
1829 3051 2002 3105 quent-

422 3120 696 3172 admodum
726 3137 826 3174 non
861 3123 1052 3190 possint
1095 3121 1399 3175 ordinatoris
1435 3123 1514 3175 sui
1553 3123 1844 3176 criminibus
1870 3123 1999 3176 obli-

422 3211 554 3282 gari,
584 3227 696 3265 cum
725 3229 814 3279 per
836 3212 1015 3266 seriem
1047 3223 1310 3284 protensus
1343 3225 1658 3282 peccatorum
1685 3215 1822 3282 funis
1848 3232 2003 3285 quos-

422 3318 631 3370 cumque
670 3303 1032 3357 communionis
1078 3305 1291 3359 vin-xerit
1330 3306 1526 3359 vinculo
1550 3346 1565 3371 ,
1598 3321 1795 3360 necesse
1831 3315 1903 3360 est
1946 3316 2005 3360 ut

423 3404 676 3449 consortes
704 3396 858 3464 faciat
898 3413 1003 3450 esse
1048 3398 1274 3466 peccati?
1310 3398 1354 3452 0
1395 3397 1525 3450 mira
1557 3395 1835 3451 defensio!
1870 3396 1998 3450 Tam

429 3486 655 3541 densum
686 3495 739 3540 et
765 3496 972 3542 arctam
1003 3498 1083 3542 est
1111 3489 1200 3542 ubi
1247 3488 1324 3542 eis
1349 3487 1685 3541 adhaeserunt
1712 3487 1908 3555 pedes,
1941 3494 2001 3540 ut

422 3592 516 3631 eos
543 3577 771 3632 evellere
801 3587 1092 3635 conantes.
1129 3581 1318 3632 frustra
1363 3586 1417 3630 et
1445 3592 1633 3631 manus
1670 3587 1724 3631 et
1751 3586 1908 3646 caput
1934 3575 1999 3630 il-

421 3679 566 3737 gant,
589 3678 642 3722 et
668 3670 718 3723 in
747 3671 935 3724 eodem
961 3669 1070 3722 luto
1092 3669 1398 3722 haesitantes
1424 3670 1622 3722 arctius
1645 3668 1996 3722 involvantur.

426 3760 504 3814 Ex
528 3762 605 3815 eis
634 3762 774 3814 enim
802 3775 936 3829 quos
956 3760 1037 3813 vel
1066 3761 1317 3827 rejecisse
1343 3772 1421 3824 se,
1446 3759 1528 3813 vel
1549 3759 1830 3812 damnasse
1855 3772 2003 3812 com-

427 3859 746 3911 memorant,
782 3850 880 3904 hoc
909 3858 1010 3912 est,
1042 3864 1103 3902 ex
1136 3849 1552 3912 Maximianistis,
1587 3864 1764 3902 secum
1804 3849 2002 3903 habent

431 3938 776 3999 Felieiauum,
801 3948 853 3992 et
873 3939 1238 3992 damnatoretn
1269 3939 1540 4002 Primiani,
1565 3948 1619 3993 et
1643 3953 1673 3990 a
1700 3953 1757 3992 se
1782 3938 2003 3993 damna-

427 4039 537 4082 tum
570 4028 620 4082 in
651 4042 805 4081 cau~a
855 4027 1124 4081 Primiani.
1173 4027 1306 4094 Quid
1357 4037 1442 4080 est
1482 4028 1623 4097 quod
1671 4027 1849 4082 funem
1894 4038 1999 4083 tam

426 4119 636 4188 longum
663 4133 691 4171 a
721 4117 1000 4172 Ca-ciliano
1031 4134 1196 4186 usque
1224 4118 1289 4171 ad
1321 4122 1432 4173 ha'c
1461 4129 1698 4188 tempora
1727 4119 2001 4176 catholicae

429 4211 677 4266 Ecclesiae
705 4212 973 4279 implicare
995 4210 1341 4273 contendunt,
1373 4223 1426 4264 et
1451 4223 1692 4265 catenam
1723 4227 1869 4267 suam
1894 4221 1998 4267 tam

427 4302 478 4354 in
508 4301 752 4368 proximo
780 4317 882 4354 non
909 4301 1222 4354 attendunt?
1252 4301 1510 4355 Prwclara
1537 4304 1734 4372 quippe
1776 4303 1861 4356 illa
1898 4304 2000 4356 Ba-

427 4395 635 4462 gaitaua
659 4392 921 4445 sententia
943 4390 1009 4444 de
1035 4391 1353 4445 Maximiano
1382 4399 1436 4445 et
1461 4393 1620 4446 sociis
1642 4394 1779 4461 ejus,
1800 4391 1997 4456 Trahit,

424 4483 592 4551 inquit
612 4522 626 4544 ,
655 4482 722 4534 ad
757 4482 1062 4534 consortium
1107 4483 1332 4535 criminis
1373 4482 1616 4552 plurimos
1642 4493 1818 4535 catena
1845 4484 2002 4536 sacri-

423 4578 560 4646 legii.
597 4575 897 4630 Felieianus
925 4592 1054 4646 ergo
1087 4578 1182 4629 ista
1214 4585 1398 4630 eatena
1441 4576 1763 4630 trahebatur.
1797 4575 1852 4630 Si
1896 4577 2001 4630 illis

430 4682 533 4720 non
567 4666 866 4736 praijudicat
900 4665 1194 4720 Felieiauus
1218 4706 1233 4731 ,
1264 4682 1429 4736 quare
1468 4667 1621 4720 nobis
1645 4666 2002 4720 Catcilianus?

425 4759 503 4810 An
534 4757 669 4812 forte
701 4755 785 4810 ubi
817 4756 1040 4822 volunt,
1073 4755 1379 4824 praejudicat
1404 4799 1416 4820 ,
1449 4757 1538 4809 ubi
1569 4767 1742 4809 autem
1775 4755 1953 4809 nolunt
1981 4797 1996 4821 ,

421 4864 597 4902 causa:
626 4865 732 4902 non
765 4848 1072 4917 pra-judieat
1096 4862 1277 4912 causa,
1309 4858 1362 4902 et
1393 4863 1486 4917 pro
1516 4848 1732 4902 libidine
1764 4848 1998 4916 ipsorum

424 4938 614 4991 fortior
640 4947 723 4993 est
754 4938 891 4991 furiis
935 4938 1184 5006 antiquus
1210 4979 1224 5003 ,
1252 4953 1408 5007 quam
1453 4952 1584 4991 nova
1628 4947 1811 4992 catena
1833 4938 1856 4989 ’ἔ
1882 4937 1997 4991 Non

428 5027 732 5096 pra'judicat
749 5028 1093 5082 Maximianus
1110 5027 1374 5082 Feliciauo
1392 5043 1420 5081 a
1439 5043 1544 5098 quo
1557 5030 1575 5058 ¹
1593 5029 1869 5082 damnatus
1885 5039 1964 5083 est
1981 5045 1996 5094 ;

427 5135 528 5170 non
557 5117 904 5187 pra-.judieant
933 5119 1279 5173 Maximianus
1319 5131 1370 5174 et
1401 5118 1695 5172 Felieianus
1731 5119 2000 5174 Prituiauo

422 5227 450 5264 a
482 5210 673 5277 quibus
700 5209 980 5265 damnatus
1009 5221 1120 5278 est;
1165 5229 1269 5266 non
1304 5213 1612 5282 prtejudicat
1651 5211 1999 5266 Maximianus

420 5305 498 5357 eis
535 5301 622 5371 qui
667 5299 974 5356 dilationem
1018 5313 1370 5374 acceperunt,
1403 5304 1594 5374 quibus
1626 5303 1676 5355 in
1720 5318 1828 5357 uno
1858 5303 2000 5357 schi-

422 5404 592 5449 smate
621 5393 852 5448 sociatus
883 5406 1000 5458 est;
1036 5412 1138 5448 non
1186 5395 1491 5465 pra~judicat
1536 5395 1834 5449 Felicianus
1863 5395 1998 5464 parti

423 5487 631 5551 Donati,
665 5501 692 5538 a
724 5501 825 5555 qua
866 5485 916 5539 iu
955 5487 1140 5542 eodem
1189 5487 1389 5542 honore
1432 5497 1709 5560 susceptus
1751 5497 1832 5544 est
1857 5528 1870 5553 ,
1903 5503 2000 5543 nec

490 5653 504 5680 ¹
544 5661 721 5701 (mines
743 5659 867 5709 Mss.,
886 5651 970 5702 sed
989 5649 1056 5702 ad
1080 5651 1233 5702 locum
1259 5651 1405 5702 nobis.

490 5714 509 5742 ³
535 5719 689 5771 Forte,
715 5727 824 5762 cum
842 5727 949 5775 quo.

1148 292 1233 343 AD
1276 285 1696 342 DONATI‘STAS
1728 281 1896 337 POST
1934 278 2000 331 (λζ’

2113 279 2433 346 ᾹΤΙΟΝΕΜ,
2474 277 2528 337 S.
2575 285 2944 341 AUGUSTINI"

3629 293 3727 344 (it-8

2116 389 2415 460 Baptismus
2445 411 2601 464 quem
2633 397 2684 450 in
2712 397 2971 468 sacrilego
2998 396 3281 455 schismate
3309 400 3488 463 dedit,
3522 403 3604 455 ibi
3637 406 3724 456 de-

2112 491 2343 536 structus
2369 493 2454 538 est
2479 502 2493 538 :
2521 493 2577 540 et
2603 485 2911 555 praejudicat
2937 486 3251 542 Caecilianus
3278 498 3355 542 tot
3385 491 3722 545 christianis

2109 572 2468 643 gentibus,qui
2486 576 2648 630 semel
2667 577 2947 632 damnatus
2965 588 3044 633 est
3060 579 3580 650 absens,quomodo
3600 583 3715 636 Pri-

2111 666 2316 718 miauus
2339 708 2353 731 ,
2384 675 2440 720 et
2463 677 2543 721 ter
2569 668 2842 724 absolutus
2883 682 2966 725 est
3010 687 3246 742 prmsens
3285 674 3362 744 (α)
3383 717 3398 739 ,
3433 678 3718 744 quando

2110 772 2214 808 non
2263 757 2606 812 Primianus?
2660 759 2975 829 Prtejudieat
3024 765 3178 818 nobis
3227 765 3356 819 olim
3406 766 3712 821 defunctas

2111 846 2319 914 ignotus
2348 862 2360 898 :
2392 857 2444 901 et
2471 847 2584 901 istis
2609 864 2716 903 non
2745 850 3248 921 prtejudicat'vivus,
3277 869 3306 907 a
3331 856 3544 924 quibus
3577 857 3706 925 legi-

2111 948 2194 992 tur
2221 939 2377 1008 paulo
2421 949 2541 994 ante
2577 941 2861 998 damnatus
2883 984 2899 1007 ,
2940 954 2996 1000 et
3022 947 3212 1015 quibus
3256 950 3510 1003 cernitur
3545 950 3710 1003 modo

2108 1030 2375 1083 sociatus?
2418 1030 2580 1086 Nobis
2624 1032 2908 1088 involvitur
2936 1034 3083 1091 {tutis
3105 1037 3375 1093 Caeciliani
3426 1053 3459 1092 a
3507 1041 3710 1109 quibus

2107 1118 2380 1188 ignoratur
2425 1138 2438 1173 :
2485 1133 2538 1176 et
2587 1123 2689 1176 illis
2734 1141 2838 1179 non
2883 1127 3169 1182 involvitur
3204 1139 3390 1184 catena
3442 1130 3707 1188 Feliciani

2106 1225 2330 1279 quorum
2359 1211 2410 1265 in
2442 1228 2563 1266 eum
2593 1216 2852 1269 sententia
2893 1218 3148 1273 recitatur
3169 1262 3184 1282 ,
3217 1220 3304 1275 ubi
3344 1222 3466 1291 ipsa
3511 1231 3704 1276 catena

2105 1299 2417 1354 danuiatur?
2447 1301 2550 1357 Illis
2576 1303 2700 1358 licet
2721 1304 2922 1369 dicere,
2946 1307 3286 1377 Suscepimus
3305 1325 3446 1379 quos
3470 1310 3702 1364 damna-

2108 1390 2279 1442 vimus
2311 1406 2406 1460 pro
2433 1407 2562 1460 pace
2603 1393 2789 1448 Donati
2815 1435 2830 1460 ,
2863 1399 2984 1466 quia
3029 1413 3129 1453 nec
3154 1414 3313 1454 causa
3340 1416 3529 1455 causa:
3565 1417 3701 1471 pra:-

2102 1481 2339 1552 judicat,
2370 1499 2468 1538 nec
2508 1501 2732 1554 persona
2785 1503 3029 1557 persona:
3080 1507 3094 1544 :
3145 1500 3200 1545 et
3245 1492 3399 1548 nobis
3433 1509 3545 1546 non
3585 1494 3702 1549 licet

2106 1572 2284 1627 dicere
2308 1613 2332 1639 ,.
2358 1573 2580 1643 Propter
2605 1591 2700 1630 eos
2726 1592 2860 1646 quos
2898 1578 3189 1635 damnastis
3209 1624 3223 1646 ,
3255 1597 3362 1636 non
3390 1583 3704 1638 deserimus

2108 1676 2290 1731 pacem
2316 1661 2536 1729 Christi,
2567 1665 2688 1734 quia
2721 1683 2817 1721 nec
2843 1683 3000 1722 causa
3027 1685 3201 1725 causa:
3230 1672 3574 1740 prmjudicat,
3609 1690 3700 1728 nec

2107 1769 2330 1824 persona
2373 1757 2972 1825 liersonm?‘0ferream
3006 1761 3267 1818 frontem!
3311 1780 3346 1817 ο
3387 1765 3594 1820 furoris
3623 1776 3699 1820 te-

2105 1847 2298 1901 nebras
2317 1891 2330 1909 ,
2360 1859 2672 1904 nocturnam
2719 1854 3036 1907 sententiam
3062 1855 3224 1921 judici
3254 1856 3581 1926 objicientes
3603 1901 3615 1920 .
3645 1870 3696 1914 et

2105 1937 2158 1991 in
2190 1939 2269 1992 sui
2301 1940 2477 1994 contis
2504 1951 2661 1996 nocte
2703 1943 2998 2012 palpantes,
3027 1945 3381 2011 olfendentes,
3410 1949 3702 2014 cadentes,

2105 2041 2285 2085 contra
2321 2049 2415 2087 nos
2458 2033 2641 2089 rabide
2688 2035 2954 2105 litigantes
2977 2046 3074 2103 ,et
3114 2053 3212 2108 pro
3240 2040 3395 2094 nobis
3425 2049 3577 2096 tanta
3613 2042 3693 2096 di-

2105 2131 2284 2176 centes
2305 2123 2319 2177 ε

2173 2211 2398 2269 CAPUT
2436 2214 2556 2268 XX.
2601 2247 2672 2255 —
2708 2215 2800 2271 26.
2843 2216 3064 2288 Insuper
3104 2219 3281 2274 adhuc
3323 2221 3489 2276 etiam
3533 2224 3700 2278 modo

2105 2317 2526 2361 conuuemorare
2551 2306 2744 2360 audent
2777 2307 3081 2375 prophetica
3123 2320 3176 2363 et
3200 2311 3498 2378 apostolica
3531 2314 3688 2367 testi-

2106 2395 2518 2463 monia,.quibus
2547 2410 2643 2448 nos
2665 2397 3036 2451 universaliter
3079 2399 3131 2452 in
3164 2398 3249 2451 illa
3275 2399 3579 2456 Collatione
3605 2418 3686 2456 re-

2103 2486 2434 2552 Spondimus,
2464 2487 2807 2541 ostendentes
2836 2487 2978 2556 ipsos
3009 2488 3300 2558 Prophetas
3329 2501 3545 2546 sanctos
3571 2507 3684 2546 cum

2106 2576 2298 2646 iniquis
2330 2577 2380 2631 in
2409 2593 2518 2632 uno
2543 2578 2762 2646 templo,
2793 2579 2892 2632 sub
2917 2579 3116 2632 eisdem
3145 2581 3534 2648 sacerdotibus,
3554 2583 3687 2636 inter

2103 2666 2287 2720 eadem
2315 2679 2642 2722 sacramenta
2667 2679 2925 2731 versatos,
2956 2685 3055 2723 nec
3085 2679 3260 2726 tamen
3293 2687 3320 2722 a
3353 2673 3510 2726 malis
3528 2674 3688 2729 fuisse

2104 2761 2369 2829 pollutos:
2395 2761 2514 2829 quia
2542 2771 2796 2815 noverant
2823 2762 2962 2815 inter
2987 2772 3227 2818 sanctum
3256 2773 3310 2816 et
3331 2764 3688 2831 immundum,

2106 2867 2209 2902 non
2245 2851 2382 2903 sicut
2411 2849 2492 2904 is‘ti
2520 2851 2756 2904 sentiunt
2780 2851 3131 2920 corporaliter
3164 2853 3417 2922 populum
3447 2855 3682 2910 dividen-

2102 2938 2207 2999 do,
2237 2939 2333 2992 sed
2366 2939 2500 2994 bene
2519 2939 2810 3009 judicando
2835 2950 2894 2994 et
2931 2941 3066 2996 bene
3104 2942 3331 2997 vivendo
3357 2943 3678 3000 discernere.

2103 3027 2170 3082 Et
2202 3032 2302 3083 hoc
2328 3031 2444 3084 sine
2472 3032 2864 3087 intermissione
2907 3032 3209 3099 faciebant,
3244 3043 3304 3088 ut
3330 3035 3384 3088 in
3415 3036 3502 3090 illa
3529 3036 3682 3090 domo

2102 3136 2314 3189 magna,
2345 3122 2442 3175 ubi,
2463 3132 2615 3177 erant
2636 3163 2661 3188 ν
2679 3124 2821 3177 sicut
2843 3124 2971 3178 dicit
3001 3126 3287 3193 Apostolus
3312 3168 3327 3191 ,
3355 3127 3457 3180 alia
3483 3143 3604 3182 vasa
3633 3128 3689 3182 in-

2103 3209 2382 3275 honorem,
2409 3212 2510 3266 alia
2544 3213 2596 3267 in
2622 3215 3018 3278 contumeliam,
3048 3231 3107 3270 se
3134 3217 3276 3285 ipsos
3302 3232 3332 3270 a
3359 3219 3552 3272 talibus
3573 3234 3678 3273 rno-

2102 3317 2217 3357 rum
2251 3303 2555 3358 diversitate
2583 3303 2900 3358 mandarent
2921 3345 2936 3369 ,
2969 3316 3023 3359 et
3068 3317 3250 3360 essent
3276 3322 3404 3361 vasa
3437 3309 3490 3362 in
3523 3309 3677 3365 hono-

2102 3407 2213 3445 rem
2242 3392 2389 3445 utilia
2421 3392 2644 3445 Domino
2671 3392 2735 3445 ad
2765 3408 2922 3447 omne
2951 3409 3084 3464 opus
3125 3395 3324 3449 bonum
3351 3412 3564 3467 semper
3586 3414 3675 3468 pa—

2102 3484 2299 3552 rata(ll
2321 3483 2432 3537 Tim
2474 3484 2660 3555 u,2|).
2703 3485 2806 3539 Sed
2849 3485 3004 3550 laure,
3033 3487 3171 3555 quod
3197 3488 3293 3555 ipsi
3320 3490 3672 3543 emunltiste-

2102 3575 2509 3644 stimoniis,qu:e
2523 3577 2713 3630 litteris
2725 3578 2834 3630 suis
2850 3593 2952 3630 non
2967 3578 3314 3646 iutelligentes
3329 3580 3670 3638 inseruerunt.

2103 3680 2234 3734 quas
2262 3667 2312 3718 in
2338 3665 2634 3720 Collatione
2676 3665 3007 3734 protulerunt
3042 3676 3094 3720 et
3127 3668 3367 3736 legerunt
3392 3710 3406 3730 ,
3440 3678 3672 3740 tanquam

2106 3756 2426 3826 praecipuum
2444 3755 2510 3808 de
2528 3757 2720 3825 Aggmo
2743 3756 2993 3824 propheta
3013 3758 3372 3811 testimonium
3395 3760 3547 3813 modo
3567 3771 3674 3830 post

2103 3850 2452 3904 Collationem
2483 3851 2604 3904 victi
2634 3860 3116 3904 commemorarunt
3153 3850 3347 3922 (Aggcci
3375 3852 3460 3921 ιι).
3495 3852 3548 3906 In
3581 3854 3670 3908 isto

2104 3956 2232 4010 ergo
2275 3941 2526 4009 propheta
2577 3942 2748 3995 multo
2785 3940 3083 3995 evidentius
3128 3941 3271 4010 quod
3316 3943 3558 3996 volumus
3581 3943 3668 3997 de-

2106 4041 2483 4095 monstremus,
2509 4032 2628 4100 quia
2655 4047 2760 4085 non
2786 4033 3106 4102 corporalis,
3123 4031 3215 4085 sed
3241 4033 3529 4100 spiritualis
3550 4049 3668 4089 con-

2107 4132 2313 4186 tactus,
2345 4122 2434 4191 qui
2467 4121 2523 4175 fit
2571 4137 2665 4190 per
2706 4125 3146 4185 consensionem,
3200 4123 3310 4190 ipse
3357 4124 3538 4193 polluit
3577 4125 3667 4178 ho-

2105 4215 2278 4266 mines
2300 4255 2312 4272 ,
2336 4227 2559 4282 quorum
2587 4226 2799 4267 causam
2832 4228 2987 4265 unam
3021 4212 3142 4266 facit
3171 4214 3280 4282 ipsa
3310 4215 3599 4268 consensio.

2175 4306 2265 4358 27.
2315 4304 2445 4359 Nam
2484 4304 2695 4375 quando
2743 4304 2932 4374 impios
2982 4305 3239 4360 Dominus
3284 4307 3444 4361 etiam
3489 4307 3666 4362 visibili

2105 4412 2260 4467 paena
2293 4398 2512 4466 perdere
2537 4397 2740 4462 voluit,
2773 4397 3083 4466 ipse-ab-eis
3119 4396 3292 4466 justus
3321 4397 3662 4452 admonitione

2105 4490 2389 4556 separavit.
2420 4489 2569 4543 Sicut
2597 4487 2708 4542 Noe
2735 4503 2852 4541 cum
2878 4487 3038 4541 domo
3067 4502 3159 4541 sua
3185 4488 3252 4540 ab
3280 4487 3358 4541 eis
3383 4502 3514 4556 quos
3534 4488 3654 4542 diluo

2103 4579 2192 4632 vio
2213 4579 2378 4633 fuerat
2397 4578 2696 4645 perditurus
2717 4581 2732 4644 (
2753 4576 2879 4631 Gen.
2911 4575 3118 4645 vt-vtu)
3148 4594 3161 4630 :
3187 4577 3325 4632 sicut
3354 4576 3486 4632 Loth
3508 4578 3568 4634 ab
3589 4578 3657 4633 eis

2105 4687 2238 4741 quos
2266 4654 2381 4742 igne
2409 4671 2574 4727 fuerat
2617 4665 3027 4741 consu'mpturus
3060 4670 3184 4742 (Id.
3215 4672 3344 4743 χιχ)
3374 4689 3388 4725 :
3420 4673 3550 4730 sicut
3572 4687 3653 4744 po-

2106 4763 2285 4833 pulum
2325 4777 2475 4817 suum
2521 4778 2548 4815 a
2593 4778 2861 4834 synagoga
2900 4763 3100 4818 Abiron
3125 4805 3139 4828 ,
3168 4779 3326 4834 quam
3363 4780 3482 4820 mox
3509 4766 3655 4822 fuerat

2106 4855 2462 4908 exstincturus
2493 4852 2676 4924 (Nam.
2724 4855 2856 4924 xvi).
2898 4853 3023 4908 Ideo
3061 4863 3113 4909 et
3141 4855 3286 4910 illttm
3328 4857 3420 4926 qui
3457 4873 3554 4912 non
3577 4859 3655 4911 ba-

2105 4946 2261 5001 bebat
2284 4955 2482 5000 vestem
2506 4946 2817 5014 nuptialem,
2844 4961 2949 5001 non
2976 4946 3048 5000 illi
3081 4947 3170 5017 qui
3194 4948 3554 5015 invitaverant,
3572 4947 3651 5004 sed

2106 5037 2219 5106 ipse
2272 5037 2518 5090 dominus
2559 5037 2711 5105 cujus
2749 5046 2863 5092 erat
2900 5037 3237 5102 convivium,
3267 5037 3415 5107 ligari
3439 5039 3582 5109 jussit
3607 5049 3652 5094 ct

2104 5128 2311 5197 projici.
2341 5127 2522 5196 Neque
2548 5128 2689 5181 enim
2718 5137 2774 5182 et
2815 5128 2927 5197 ipse
2962 5127 3099 5182 sient
3125 5128 3285 5196 piscis
3311 5129 3412 5183 sub
3437 5129 3648 5184 ﬂuctibus

2105 5228 2238 5284 erat,
2263 5229 2314 5273 et
2342 5220 2419 5272 sic
2445 5219 2512 5273 ab
2541 5217 2927 5284 iuvitatoribus,
2953 5218 3221 5288 quomodo
3246 5233 3274 5272 a
3306 5220 3644 5289 piscatoribus,

2106 5311 2270 5365 videri
2301 5326 2406 5365 non
2444 5319 2668 5380 poterat.
2701 5309 2931 5365 Proinde
2953 5352 2967 5372 ,
2997 5325 3062 5363 ne
3089 5317 3369 5378 putaretur
3389 5351 3405 5377 ,
3435 5311 3558 5365 sicut
3576 5310 3645 5364 isti

2107 5412 2311 5472 putant,
2331 5402 2470 5471 quod
2490 5403 2634 5456 velut
2654 5418 2790 5457 unus
2820 5403 2869 5455 iu
2901 5401 3048 5455 turba
3077 5401 3301 5455 latenter
3325 5401 3645 5472 subrepsisset

2107 5493 2332 5563 ignaris;
2365 5493 2618 5547 continuo
2655 5493 2897 5547 dominus
2925 5492 2976 5545 in
3005 5490 3193 5545 eodem
3229 5491 3345 5561 ipso
3371 5505 3491 5558 uno,
3514 5505 3643 5562 quem

2169 5651 2240 5712 (ιι)
2274 5651 2452 5721 .uulieio
2477 5651 2665 5700 Romani
2687 5649 2871 5701 concilii
2902 5654 2952 5699 et
2985 5645 3275 5698 Arelatensis
3301 5654 3352 5698 et
3385 5648 3643 5711 .mperatoris

2107 5720 2410 5762 (tuttstautun.
