3778 6168
9 354 117 410 K39

13 482 220 550 igatis
257 483 540 537 manibus
565 492 617 536 et
665 479 889 550 pedibus
931 480 982 533 in
1013 477 1258 533 tenebras
1284 484 1580 530 exteriores
1610 487 1678 526 ex

12 571 106 626 llo
138 575 457 628 convivio
483 573 670 643 projici
707 571 899 640 jussit,
932 571 1149 624 multam
1176 568 1486 622 societatem
1514 565 1681 618 malo-

9 679 147 718 -um
184 680 363 721 esse
390 664 812 734 intelligendam.
844 662 985 717 inter
1009 675 1144 730 quos
1169 659 1444 728 pauciores
1470 657 1592 711 boni
1625 655 1678 708 in

9 755 332 812 tonvivio
383 757 652 810 dominico
696 736 918 818 vivunt,
966 750 1262 821 signiﬁcare
1305 765 1409 804 non
1451 747 1675 802 distulit.

9 846 164 899 Nam
208 859 601 916 pusteaquam
631 846 762 900 dixit
788 886 801 909 ,
829 843 1008 914 Ligate
1033 841 1110 895 illi
1141 857 1318 894 manus
1342 850 1390 893 et
1417 839 1565 908 pedes
1587 878 1602 904 ,
1633 847 1682 890 et

9 937 308 1006 projicite
344 955 464 990 eunt
484 940 536 990 in
562 938 788 990 tenebras
811 935 1098 994 exteriores,
1126 933 1194 985 ibi
1212 932 1304 985 erit
1329 931 1476 1000 ﬂetus
1501 937 1545 982 et
1565 929 1682 982 stri-

9 1030 117 1080 dor
154 1029 472 1093 desiliunt;
505 1028 757 1084 continuo
781 1025 1085 1094 subjunxit,
1123 1023 1276 1077 Mulli
1297 1023 1429 1076 enim
1453 1030 1568 1076 sunt
1589 1037 1680 1074 vo-

9 1119 150 1181 cati,
195 1119 396 1189 pauci
426 1134 538 1172 vero
567 1117 706 1170 electi
733 1115 960 1189 (Matth.
996 1130 1113 1168 XXII
1136 1155 1150 1177 ,
1181 1111 1367 1181 l-M).
1400 1109 1681 1179 Quomodo

9 1209 131 1264 hoc
164 1226 401 1264 verum
431 1218 533 1272 est,
562 1225 682 1263 cum
712 1209 886 1277 potius
913 1221 1049 1260 unus
1073 1221 1103 1258 e
1131 1203 1310 1257 multis
1337 1203 1522 1256 luisset
1554 1215 1680 1269 pro-

9 1301 224 1369 iectus
283 1301 353 1353 in
386 1301 634 1354 tenebras
681 1299 976 1354 exteriores
1000 1335 1015 1360 ,
1052 1295 1151 1349 nisi
1191 1294 1310 1364 quia
1357 1292 1408 1346 in
1453 1293 1542 1346 illo
1575 1304 1681 1345 uno

12 1389 269 1459 grande
306 1404 515 1460 corpus
540 1388 864 1459 tignrahatur
885 1387 1121 1442 omnitnn
1153 1385 1410 1438 malorum
1436 1392 1561 1436 ante
1587 1382 1682 1434 Do-

12 1482 174 1536 mini
224 1481 519 1552 judicium
565 1481 808 1536 convivio
852 1479 1122 1534 dominico
1167 1474 1592 1546 permixtorum?
1636 1474 1678 1526 A

19 1572 261 1641 quibus
303 1587 374 1626 se
416 1571 542 1627 boni
566 1571 728 1626 corde
770 1570 981 1624 interim
1019 1583 1081 1622 ac
1123 1567 1362 1622 moribus
1387 1571 1677 1635 separant,

19 1663 216 1718 simul
259 1661 666 1717 manducantes
690 1671 743 1716 et
782 1660 1025 1715 bibentes
1051 1672 1251 1728 corpus
1275 1664 1331 1711 et
1369 1655 1679 1724 sanguinem

26 1753 320 1815 Domini,
347 1751 446 1807 sed
474 1767 595 1807 cum
623 1765 811 1820 magna
838 1750 1178 1804 distinctione
1205 1766 1216 1800 :
1245 1747 1365 1817 quia
1397 1747 1480 1800 ἰκιί
1513 1745 1564 1799 in
1593 1744 1682 1800 ho-

28 1860 186 1900 nore
219 1844 435 1916 sponsi
462 1844 630 1899 induti
656 1851 783 1899 sunt
810 1851 958 1896 veste
984 1841 1239 1910 nuptiali,
1266 1855 1370 1894 non
1411 1854 1503 1894 sua
1531 1854 1680 1909 qure-

31 1948 251 1992 rentes
282 1977 305 2002 ,
339 1935 433 1992 sed
461 1951 580 2006 qua:
605 1935 733 1991 Jesu
761 1934 957 1990 Christi
982 1951 996 2001 ;
1031 1935 1104 1988 illi
1143 1943 1319 1988 autem
1351 1947 1454 1987 non
1482 1932 1682 1988 habent

32 2037 280 2084 vestem
315 2029 610 2098 nuptialem
635 2070 650 2095 ,
681 2028 783 2083 hoc
808 2036 891 2082 est
913 2069 928 2096 ,
962 2027 1270 2084 ﬁdissimum
1298 2028 1478 2096 sponsi
1506 2026 1683 2080 chari-

38 2129 231 2174 tatem
260 2161 281 2184 ,
319 2134 419 2174 sua
450 2128 750 2189 quaerentes
772 2161 788 2187 ,
818 2133 922 2174 non
947 2133 1067 2189 qua:
1089 2117 1213 2173 Jesu
1239 2116 1455 2172 Christi.
1487 2117 1565 2170 Ac
1587 2131 1681 2186 per

43 2210 186 2276 hoc,
218 2211 490 2281 quamvis
527 2211 580 2265 in
604 2225 710 2265 uno
735 2210 1033 2280 eodemque
1066 2207 1331 2273 convivio,
1359 2207 1444 2261 isti
1473 2206 1682 2261 miseri-

44 2301 324 2356 cordiam
363 2302 689 2358 manducant
710 2344 726 2371 ,
759 2303 834 2357 illi
867 2301 1124 2372 judicium
1156 2317 1170 2355 :
1199 2301 1321 2371 quia
1351 2300 1516 2370 ipsius
1544 2314 1678 2354 con-

47 2392 188 2446 vivii
241 2394 526 2448 canticum
573 2403 692 2460 est,
723 2393 865 2463 quod
915 2403 970 2448 et
1020 2407 1178 2462 supra
1223 2393 1674 2455 commemoravi,

52 2480 500 2537 Misericordiam
526 2492 572 2538 et
589 2484 849 2554 judicium
887 2483 1100 2538 cantabo
1128 2482 1235 2548 tibi,
1266 2481 1481 2536 Domine
1507 2481 1676 2554 (Psal.

55 2574 283 2639 c,‘l).

128 2664 236 2720 28.
286 2665 402 2720 Nec
429 2665 550 2720 ideo
572 2673 748 2720 tamen
775 2664 972 2720 dormit
992 2665 1353 2720 ecclesiastica
1376 2663 1677 2734 disciplina,

64 2764 124 2807 nt
154 2756 432 2826 corripiat
459 2755 742 2826 inquietos.
772 2755 957 2826 Neque
986 2759 1128 2810 enim
1171 2771 1201 2810 a
1241 2756 1437 2826 populo
1467 2757 1559 2811 Dei
1588 2771 1678 2812 se-

62 2861 343 2914 paramus
366 2887 382 2913 ,
410 2861 546 2917 quos
572 2846 652 2901 vel
681 2846 1024 2918 degradando
1052 2846 1133 2901 vel
1163 2846 1679 2902 excommunicando

65 2938 133 2992 ad
190 2939 548 2994 humiliorem
591 2940 878 3009 paenitendi
923 2940 1094 2994 locum
1137 2939 1443 3009 redigimus.
1482 2940 1548 2994 Et
1589 2939 1680 2995 ubi

69 3028 177 3084 hoc
200 3030 394 3086 facere
417 3031 566 3100 pacis
589 3040 642 3086 et
667 3031 1062 3101 tranquillitatis
1095 3031 1349 3086 Ecclesia:
1377 3033 1544 3102 gratia
1569 3047 1676 3086 non

73 3122 475 3189 permittimur,
504 3137 611 3177 non
635 3133 809 3178 tamen
835 3123 957 3177 ideo
982 3123 1274 3178 Ecclesiam
1301 3124 1616 3195 negligimus
1634 3126 1675 3191 ¹;

71 3212 169 3266 sed
195 3215 500 3269 toleramus
522 3215 665 3284 quod
693 3214 958 3280 nolumus,
985 3223 1042 3269 ut
1064 3217 1438 3286 perveniamus
1460 3232 1566 3287 quo
1584 3232 1680 3273 vo-

73 3301 264 3359 lumus
289 3346 305 3369 ,
335 3314 550 3361 utentes
593 3306 797 3361 cautela
843 3307 1093 3376 praecepti
1125 3306 1377 3362 dominici
1401 3349 1416 3373 ,
1447 3325 1514 3363 ne
1555 3324 1676 3362 cum

75 3395 336 3453 volumus
366 3407 490 3453 ante
520 3406 730 3468 tempus
754 3399 1006 3468 colligere
1049 3399 1250 3454 zizania
1276 3442 1290 3464 ,
1318 3401 1473 3455 simul
1503 3401 1679 3456 eradi-

79 3498 271 3542 cemus
337 3496 394 3543 et
455 3488 686 3542 triticum
739 3487 962 3560 (Matth.
1015 3487 1176 3557 xm).
1244 3489 1463 3546 Utentes
1517 3492 1676 3546 etiam

80 3578 338 3646 exemplo
364 3587 417 3633 et
437 3586 704 3649 przecepto
731 3578 872 3634 beati
895 3579 1164 3650 Cypriani,
1187 3581 1275 3650 qui
1303 3581 1534 3651 collegas
1554 3596 1679 3638 suos

83 3665 445 3737 feneratores,
478 3669 831 3738 fraudatores,
867 3681 1105 3741 raptores
1127 3714 1140 3736 ,
1177 3673 1322 3742 pacis
1349 3675 1680 3744 contempla-

85 3758 233 3816 tione
275 3762 492 3831 pertulit
535 3762 668 3817 tales
716 3761 919 3834 (Serm.
969 3764 1033 3817 de
1073 3763 1319 3837 Lapsis),
1351 3781 1449 3821 nec
1492 3781 1676 3823 eorum

87 3853 412 3923 contagione
440 3852 610 3909 factus
651 3863 734 3909 est
781 3856 922 3910 talis.
953 3856 1106 3912 Unde
1149 3867 1201 3912 et
1231 3873 1328 3914 nos
1370 3860 1413 3914 si
1445 3861 1674 3917 triticum

91 3953 316 4009 sumus,
365 3943 604 4013 ejusdem
651 3944 790 4000 beati
837 3948 1084 4017 martyris
1125 3949 1281 4004 verba
1329 3950 1676 4010 ﬁdentissime

90 4030 320 4090 dicimus
354 4053 366 4089 :
403 4037 521 4107 quia
563 4038 656 4092 etsi
683 4038 914 4092 videntur
939 4039 992 4092 in
1036 4039 1263 4094 Ecclesia
1298 4059 1407 4097 esse
1441 4045 1636 4099 zizania
1659 4087 1674 4111 ,

92 4139 190 4179 non
220 4138 389 4182 tamen
413 4129 650 4198 impediri
678 4131 817 4184 debet
845 4140 931 4184 aut
957 4131 1101 4200 fides,
1125 4133 1449 4188 autcharitas
1470 4147 1678 4202 nostra;

93 4225 143 4267 ut
171 4219 412 4287 quoniam
441 4220 640 4273 zizuuia
666 4221 718 4274 in
739 4221 968 4275 Ecclesia
993 4223 1264 4286 cernimus,
1287 4224 1387 4294 ipsi
1411 4225 1475 4280 de
1503 4225 1680 4281 Eccle-

94 4305 166 4358 sia
191 4309 488 4363 recedamus
516 4310 720 4381 (Epist.
767 4311 835 4364 ad
876 4311 1211 4384 Maximum).
1255 4314 1378 4369 llmc
1405 4317 1563 4371 verba
1590 4316 1678 4386 ju-

95 4399 330 4456 stissime
353 4417 416 4456 ac
443 4403 681 4473 piissime
711 4403 950 4458 dicerent
995 4403 1224 4474 majores
1250 4407 1434 4471 nostri,
1469 4408 1675 4463 etiamsi

97 4485 434 4545 Caecilianum
465 4502 518 4545 et
547 4492 752 4562 aliquos
791 4494 1136 4564 coepiscopos
1177 4493 1294 4564 ejus
1331 4497 1500 4551 malos
1526 4497 1675 4552 vide-

99 4590 230 4647 rent,
264 4599 397 4654 quos
429 4594 604 4639 tamen
630 4585 697 4640 ab
724 4586 960 4640 Ecclesia
1007 4601 1254 4655 separare
1280 4603 1385 4642 non
1419 4598 1672 4658 possent,

103 4680 311 4739 propter
338 4674 455 4728 illos
478 4675 669 4744 quibus
714 4676 836 4729 mali
868 4675 1221 4731 demonstrari
1254 4695 1356 4731 non
1388 4688 1671 4748 poterant,

99 4767 149 4810 et
185 4775 278 4817 eos
324 4764 490 4818 bonos
536 4777 591 4818 et
629 4765 941 4820 innocentes
988 4767 1244 4836 putabant
1295 4785 1306 4821 :
1359 4767 1474 4824 inec
1517 4771 1674 4826 verba

103 4856 311 4908 otnnino
336 4855 592 4922 dicerent,
624 4856 726 4912 hoc
752 4858 970 4912 omnino
995 4859 1256 4913 sentirent
1281 4902 1294 4925 ,
1323 4875 1390 4915 ne
1415 4876 1536 4915 cum
1564 4862 1675 4915 vel-

105 4937 204 4995 lent
231 4955 429 5001 temere
457 4948 658 5001 zizania
689 4963 960 5019 separare,
989 4950 1144 5004 simul
1169 4960 1220 5006 et
1247 4953 1476 5006 triticum
1503 4955 1674 5008 eradi-

107 5043 296 5090 carent.

168 5121 254 5179 29.
294 5126 444 5195 Quod
492 5143 619 5198 ergo
661 5128 843 5198 jussus
885 5139 968 5185 est
1012 5129 1226 5201 quidam
1276 5133 1528 5202 propheta
1574 5150 1673 5191 nec

108 5223 283 5276 panem
311 5217 630 5274 manducare
655 5261 669 5284 ,
699 5236 796 5276 nec
841 5235 1030 5291 aquam
1082 5221 1262 5276 bibere
1307 5223 1358 5276 in
1397 5225 1665 5291 Samaria,

111 5314 205 5368 quo
229 5307 421 5361 missus
451 5307 619 5363 fuerat
661 5320 716 5363 ut
743 5311 1036 5380 corriperet
1078 5325 1172 5366 eos
1203 5313 1290 5382 qui
1320 5329 1507 5368 vaccas
1535 5330 1667 5370 cons

109 5396 374 5454 stituerant
434 5399 732 5456 adorandas
792 5417 940 5458 more
988 5403 1248 5458 idolorum
1302 5404 1670 5477 Aigyptiorum

118 5482 133 5550 (
151 5484 203 5541 lll
233 5490 359 5560 Reg.
393 5491 548 5562 xm);
579 5491 681 5547 hoc
707 5494 927 5547 omnino
957 5494 1130 5549 facere
1157 5495 1341 5551 debuit
1369 5497 1507 5568 quod
1537 5513 1672 5568 prm-

115 5590 306 5644 t'vperat
335 5582 590 5638 Dominus
616 5625 628 5648 ,
663 5584 746 5638 cui
795 5593 919 5638 tunc
948 5600 1012 5639 co
1053 5587 1212 5642 modo
1254 5587 1372 5642 illos
1399 5591 1670 5660 corripere

170 5735 456 5811 "item-ensis
478 5738 816 5811 its.,15cclesice
838 5738 1139 5811 disciplinam
1156 5745 1428 5811 refutamus.
1447 5747 1528 5796 Alii
1544 5755 1632 5800 Mss
1656 5787 1670 5811 ,

121 5797 312 5848 Παιδεία
337 5797 626 5862 refutamus;
649 5803 821 5850 omiSsa
849 5797 984 5864 voce,
1009 5797 1328 5866 disciplinam.

1512 353 1714 408 LIBER
1756 351 1952 409 UNUS.

3268 328 3377 430 διὰ

1789 472 2019 541 placuit,
2050 483 2106 529 ut
2150 477 2277 530 nihil
2325 479 2392 534 ibi
2422 480 2796 536 alimentorum
2831 493 3070 554 tangeret
3111 488 3368 556 propheta

1785 579 1943 632 quem
1973 565 2190 620 miserat
2245 568 2427 638 Neque
2470 571 2611 624 enim
2659 573 2710 625 in
2745 573 2978 629 Ecclesia
3011 593 3117 631 non
3148 579 3199 632 iit
3238 596 3368 650 quo-

1787 654 1914 710 tidie
1938 696 1952 719 ,
1984 658 2194 726 quando
2234 674 2327 714 eos
2366 676 2499 729 quos
2538 663 2716 717 acrius
2759 666 3076 734 corripimus
3100 708 3115 733 ,
3161 670 3368 725 etiamsi

1787 745 1838 798 in
1865 761 2046 800 eorum
2078 750 2418 817 possessiOne
2447 766 2650 818 sumus,
2685 753 2814 807 nihil
2847 755 2916 809 ibi
2945 756 3084 826 apud
3113 773 3208 812 eos
3235 774 3367 813 con-

1788 836 2038 906 tingimus
2061 879 2076 903 ,
2111 847 2166 892 ut
2191 841 2421 895 sentiant
2447 854 2699 911 quantum
2727 860 2910 899 eorum
2945 859 3158 916 peccata
3188 850 3373 906 dolea-

1785 943 1924 984 mus.
1964 928 2230 1000 Numquid
2275 941 2449 986 tamen
2498 933 2620 987 ideo
2662 935 2821 988 etiam
2871 937 3040 1006 plebis
3080 939 3323 994 discissio
3349 941 3367 976 ⁸

1787 1018 2026 1075 facienda
2053 1031 2134 1075 est
2159 1063 2172 1085 ,
2203 1032 2259 1076 ut
2288 1023 2426 1076 sicut
2466 1025 2642 1079 mollis
2673 1025 2834 1080 herba
2877 1027 3163 1085 indiscrete
3190 1032 3368 1085 eradi-

1785 1117 1974 1165 centur
2000 1111 2193 1166 inlirmi
2216 1154 2231 1178 ,
2259 1115 2348 1184 qui
2379 1114 2447 1169 de
2489 1115 2737 1170 cordibus
2779 1117 3049 1173 hominum
3093 1130 3148 1175 et
3178 1122 3368 1192 ignmis

1786 1200 1938 1258 factis
1962 1245 1978 1268 ,
2007 1203 2216 1258 etiamsi
2261 1206 2412 1258 nobis
2438 1206 2544 1261 sint
2574 1207 2782 1276 cognita
2808 1249 2822 1273 ,
2849 1209 3088 1277 judicare
3114 1227 3218 1265 non
3248 1227 3370 1281 pos—

1785 1295 1946 1347 sunt?
1976 1294 2106 1348 Nam
2136 1295 2186 1348 in
2215 1297 2326 1364 ipsa
2352 1296 2586 1351 Samaria
2609 1309 2663 1352 et
2687 1297 2832 1351 Elias
2860 1309 2913 1352 et
2944 1300 3161 1354 Elisazus
3179 1313 3326 1356 erant
3350 1343 3366 1366 _.

1784 1391 1838 1437 et
1867 1384 1911 1438 si
1942 1385 2037 1450 ipsi
2068 1386 2120 1439 in
2149 1387 2434 1442 solitudine
2457 1428 2472 1454 ,
2510 1403 2614 1442 non
2643 1397 2817 1443 tamen
2843 1389 3242 1446 devitandorum
3280 1410 3368 1448 sa-

1784 1485 2177 1530 cramentorum
2199 1492 2376 1544 causa,
2401 1478 2495 1533 scd
2517 1479 2638 1548 quia
2663 1481 3086 1549 persecutionem
3106 1483 3172 1536 ab
3193 1484 3372 1554 impiis

1785 1565 1998 1634 regibus
2036 1567 2389 1634 patiebantur.
2431 1568 2564 1623 Nam
2607 1569 2714 1624 illic
2742 1579 2930 1638 erant,
2961 1589 3065 1627 non
3105 1575 3284 1644 utique
3316 1576 3371 1631 in

1784 1657 2088 1724 solitudine,
2113 1669 2377 1728 separata,
2394 1662 2638 1731 quaeipse
2671 1662 2947 1732 ignorabat
2971 1663 3136 1733 Elias,
3163 1676 3368 1738 septem

1783 1748 1947 1802 millia
1979 1749 2210 1804 virorum
2236 1751 2325 1821 qui
2372 1767 2477 1806 non
2522 1763 2876 1808 curvaverunt
2916 1770 3051 1824 genu
3090 1767 3212 1809 ante
3242 1757 3368 1812 Baal

1790 1836 1877 1907 (111
1897 1837 2022 1908 Reg.
2043 1841 2181 1909 xix).
2202 1841 2434 1910 Denique
2453 1842 2588 1896 inter
2611 1843 2905 1912 pratcipnos
2926 1853 3138 1898 sanctos
3156 1844 3368 1900 habitus

1785 1927 1998 1984 Samuel
2036 1939 2088 1984 et
2115 1933 2348 2000 graviter
2375 1931 2585 1988 Saulem
2630 1933 2917 2004 corripuit,
2949 1943 3148 1989 etcum
3189 1951 3254 1990 eo
3290 1944 3368 1990 ta-

1783 2033 1906 2074 men
1929 2021 1996 2074 ad
2023 2020 2351 2076 offerendum
2393 2023 2618 2078 Domino
2647 2025 2964 2078 sacrificium
2996 2026 3110 2080 sine
3141 2041 3366 2082 excusa-

1784 2109 1926 2164 tione
1954 2112 2186 2180 perrexit
2205 2110 2260 2184 (l
2285 2113 2409 2184 Reg.
2439 2114 2534 2184 xv)
2556 2132 2568 2167 :
2589 2129 2687 2170 nec
2730 2127 3064 2184 peccatormn
3089 2119 3204 2186 ejus
3231 2133 3362 2173 con-

1785 2202 1993 2272 tagione
2021 2204 2254 2272 pollutus
2294 2213 2396 2270 est,
2425 2205 2518 2260 sed
2548 2207 2765 2260 omnino
2794 2209 3024 2262 nmndus
3050 2211 3364 2264 meritorum

1781 2308 2000 2348 suorum
2025 2296 2432 2350 conservatione
2453 2297 2765 2365 permansit.

1853 2383 1942 2439 50.
1981 2383 2085 2439 Sed
2119 2382 2274 2438 istam
2304 2384 2456 2439 nobis
2498 2387 2844 2455 qumsﬁonem
2873 2389 3113 2456 quamvis
3138 2389 3366 2444 eviden-

1784 2483 1867 2530 ter
1909 2485 1962 2530 et
2008 2475 2061 2530 in
2105 2474 2401 2533 Collatione
2437 2478 2680 2532 etmodo
2722 2479 2891 2533 soluta
2939 2481 3028 2548 sit,
3072 2482 3367 2538 evidentius

1783 2572 1962 2619 tamen
1990 2565 2160 2620 solvat
2181 2568 2425 2636 Aggaeus,
2451 2567 2602 2636 cujus
2635 2569 2996 2622 testimonium
3024 2587 3133 2640 pra:
3156 2573 3368 2627 caeteris

1781 2654 2088 2724 elegerunt,
2121 2662 2178 2708 ut
2204 2656 2375 2709 solum
2401 2655 2575 2710 adhuc
2605 2672 2701 2726 pro
2727 2659 2975 2713 omnibus
3010 2660 3230 2726 jactent.
3265 2664 3368 2715 Ar-

1781 2745 1896 2813 guit
1924 2745 2180 2798 Dominus
2211 2760 2305 2814 per
2331 2748 2580 2816 Aggccnm
2620 2747 2930 2816 prophetam
2956 2789 2971 2814 ,
3001 2751 3251 2822 populum
3298 2768 3363 2807 ex

1782 2833 2068 2906 Babylonia
2121 2835 2425 2901 residuum,
2476 2836 2560 2890 ubi
2601 2838 2838 2908 captivus
2883 2840 3194 2905 tenebatur,
3225 2841 3366 2911 quod

1783 2925 1999 2980 domum
2033 2927 2240 2981 Domini
2286 2929 2640 2998 negligerent,
2671 2939 2724 2984 et
2763 2946 2887 2986 suas
2929 2931 3115 2986 domos
3153 2935 3368 2988 excole-

1781 3020 1943 3074 rent’
1969 3035 1984 3085 ;
2016 3027 2070 3073 et
2095 3019 2224 3073 dicit
2268 3031 2543 3090 propterea
2576 3036 2634 3074 se
2666 3022 2814 3090 plaga
2856 3024 3149 3079 sterilitatis
3177 3041 3362 3079 eorum

1783 3111 2108 3180 percussisse
2157 3110 2446 3180 regionem.
2501 3111 2650 3165 Tunc
2690 3112 2982 3167 Zorohabel
3017 3113 3181 3169 Filius
3211 3115 3364 3170 Sala-

1784 3201 1909 3256 tltiel
1931 3243 1945 3266 ,
1979 3210 2033 3256 et
2069 3201 2223 3256 Jesus
2256 3203 2392 3256 ﬁlius
2421 3202 2681 3258 Josedech
2728 3206 2976 3260 sacerdos
3021 3223 3241 3277 magnus
3264 3250 3280 3274 ,
3312 3219 3366 3263 ct

1781 3291 1957 3345 onmis
1983 3292 2072 3346 ille
2103 3292 2327 3360 pepulus
2356 3292 2608 3348 divinitus
2652 3294 2939 3372 inspiratus
2969 3296 3175 3363 operari
3203 3299 3366 3366 erepit

1782 3381 1833 3434 in
1864 3381 2023 3436 domo
2052 3382 2259 3436 Domini
2293 3383 2386 3436 Dei
2417 3383 2520 3436 sui.
2567 3383 2655 3437 Sic
2685 3385 2824 3438 enim
2871 3385 3056 3439 eadem
3092 3384 3364 3456 Scriptura

1780 3473 1951 3527 dicit:
1988 3472 2052 3526 Et
2093 3474 2348 3527 suscitavit
2389 3473 2637 3529 Dominus
2678 3477 2908 3545 spiritum
2948 3475 3226 3531 Zorobabel
3266 3478 3366 3547 ﬁlii

1781 3563 2034 3620 Salat/iiel
2062 3581 2124 3618 ea:
2153 3566 2282 3618 tribu
2305 3564 2463 3630 Juda,
2489 3575 2534 3619 et
2565 3565 2815 3636 Spiritum
2840 3567 2962 3622 Jesu
2993 3569 3087 3637 ﬁlii
3110 3568 3360 3623 Iosedech

1779 3657 2054 3711 sacerdotis
2080 3657 2268 3727 magni,
2303 3667 2348 3710 et
2372 3657 2606 3726 spiritum
2632 3658 2945 3711 residuorum
2971 3660 3132 3712 omnis
3160 3659 3357 3731 pepuli,

1781 3756 1826 3801 et
1854 3747 2148 3801 introierunt
2176 3757 2221 3801 et
2249 3748 2498 3818 faciebant
2527 3765 2680 3818 opera
2708 3749 2757 3801 in
2787 3749 2935 3802 domo
2957 3748 3164 3804 Domini
3202 3753 3366 3805 enmi-

1781 3842 1996 3910 potentis
2020 3839 2116 3894 Dei
2144 3842 2241 3906 sui,
2265 3852 2443 3911 quarta
2473 3850 2518 3895 et
2545 3841 2776 3894 vicesima
2802 3842 2982 3896 mensis
3007 3843 3155 3908 sexti,
3185 3859 3366 3897 secun-

1781 3934 1846 3987 do
1875 3949 2009 3986 anno
2052 3932 2142 3986 sub
2172 3931 2333 3985 Dario
2380 3948 2512 4003 rege.
2564 3931 2702 3986 Ecce
2744 3942 2793 3986 et
2833 3932 2947 3986 dies
2993 3942 3048 3986 et
3086 3933 3280 3988 mensis
3308 3943 3363 3988 et

1780 4040 1951 4080 annus
1977 4024 1997 4056 ³
2023 4025 2273 4080 delinitus
2299 4033 2400 4089 est,
2430 4023 2640 4093 quando
2681 4024 3010 4077 intraverunt
3036 4023 3101 4076 ad
3131 4037 3362 4091 Operan-

1780 4118 1908 4172 dum
1938 4118 1988 4171 in
2019 4117 2179 4172 domo
2209 4117 2322 4172 Dei.
2351 4116 2522 4170 Credo
2562 4116 2704 4184 quod
2737 4116 2812 4168 illi
2843 4117 2960 4176 viri,
2989 4125 3042 4168 et
3073 4116 3157 4168 ille
3190 4132 3359 4183 popu-

1782 4208 1864 4261 lus
1891 4221 2116 4276 Operans
2147 4207 2198 4260 in
2226 4207 2386 4260 domo
2420 4205 2507 4258 Dei
2541 4219 2643 4258 non
2675 4214 2788 4259 erat
2829 4205 3174 4269 immundus;
3220 4220 3358 4274 prse-

1779 4299 1962 4352 sertim
2006 4297 2126 4366 quia
2171 4296 2377 4350 dixerat
2403 4295 2450 4350 ei
2483 4295 2770 4360 Dominus,
2821 4294 2927 4366 Ego
2970 4294 3260 4358 vobiscum;
3306 4306 3360 4350 et

1779 4387 2126 4442 suscitavcrat
2167 4386 2409 4454 spiritum
2451 4401 2635 4439 eorum
2667 4385 2729 4437 ad
2777 4386 2914 4440 bene
2942 4386 3269 4454 operandum
3305 4389 3356 4440 in

1778 4477 1937 4532 domo
1981 4493 2095 4531 sua.
2145 4477 2382 4544 Denique
2427 4467 2767 4546 videte‘qnid
2813 4478 3082 4545 sequitur;
3123 4480 3360 4534 contexit

1778 4569 1918 4622 enim
1950 4567 2138 4622 eadem
2170 4565 2440 4634 Scriptura
2480 4573 2534 4619 et
2571 4565 2699 4619 dicit
2728 4583 2739 4618 :
2775 4565 3000 4634 Septimo
3028 4583 3220 4632 mense,
3256 4585 3358 4621 una

1779 4670 1824 4714 et
1853 4660 2082 4713 vicesima
2109 4659 2310 4720 mensis,
2339 4659 2537 4710 locutus
2565 4665 2634 4709 est
2663 4656 2908 4710 Dominus
2933 4658 2985 4710 iu
3011 4675 3161 4714 manu
3183 4659 3358 4729 Aggazi

1779 4750 2033 4819 prop/tela:
2059 4749 2227 4800 dicens
2257 4749 2323 4800 ad
2357 4747 2400 4801 Ζ
2407 4748 2636 4801 arobabel
2664 4749 2825 4817 [ilium
2853 4747 3105 4802 Sulatliiel
3133 4765 3195 4802 ex
3223 4749 3357 4802 tribu

1775 4841 1806 4892 J
1816 4840 1933 4903 uda,
1958 4851 2003 4892 et
2025 4838 2279 4892 adJi‘sum
2309 4839 2467 4899 lilium
2485 4838 2729 4892 Josedecli
2757 4840 3064 4893 sacerdotem
3090 4857 3350 4911 magnum,

1776 4942 1821 4985 et
1848 4933 1915 4985 ad
1941 4949 2134 4984 onmem
2167 4930 2407 5000 populant
2438 4932 2689 4984 residuum
2710 4973 2725 4997 ,
2756 4933 2943 4996 dicens,
2979 4931 3104 4997 Qui:
3131 4949 3194 4987 ea:
3219 4935 3354 4988 vobis

1775 5025 1860 5095 qui
1889 5025 2006 5078 ridit
2035 5026 2237 5077 donmm
2265 5023 2394 5077 hunc
2423 5025 2474 5076 iu
2517 5024 2744 5077 claritate
2769 5025 2858 5077 illa
2884 5041 2974 5078 sua
3003 5027 3255 5096 pristina?
3285 5027 3353 5081 Et

1773 5117 2022 5186 quomodo
2052 5115 2224 5169 videtis
2264 5132 2373 5168 eum
2405 5115 2584 5178 modo,
2622 5124 2858 5184 tauquam
2899 5133 2998 5170 non
3040 5118 3101 5169 sit
3145 5117 3195 5170 in
3226 5133 3351 5172 con-

1773 5216 1941 5278 spectu
1971 5207 2166 5260 vestro?
2197 5205 2262 5260 Et
2293 5222 2424 5259 mine
2452 5205 3002 5276 prcevalc,Zorobabel,
3023 5208 3143 5260 dicit
3169 5207 3355 5262 Denti-

1774 5320 1903 5369 nus;
1931 5313 1976 5356 et
2003 5304 2217 5373 prcerale
2235 5345 2248 5366 ,
2273 5303 2396 5357 Jcsu
2427 5304 2502 5370 ﬁli
2525 5301 2772 5356 Iosedech
2797 5303 3031 5357 sacerdos
3061 5319 3276 5372 magne;
3307 5311 3355 5356 et

1775 5396 2102 5466 prtcvulesce,
2131 5396 2290 5448 omnis
2335 5395 2516 5465 papule
2551 5405 2728 5459 terrae,
2763 5394 2884 5446 dicit
2906 5393 3151 5447 Dominus
3179 5393 3352 5446 enmi-

1775 5498 1984 5558 potens;
2013 5497 2058 5538 et
2083 5487 2288 5555 spiritus
2316 5503 2452 5539 meus
2477 5494 2652 5554 prccest
2684 5487 2734 5540 iu
2762 5487 2924 5541 medio
2952 5492 3182 5539 vestrum.
3208 5483 3355 5537 Bono

1840 5690 1853 5719 ί
1889 5689 1960 5736 sic
1984 5695 2085 5735 uss.
2115 5694 2164 5736 At
2186 5694 2280 5733 Am.
2305 5692 2356 5734 et
2373 5692 2505 5742 l.ov.,
2531 5684 2771 5736 discessio.

1838 5753 1857 5780 ’
1891 5750 2026 5804 ιίιιὶιὶ,
2050 5747 2348 5798 attollerent.
2377 5754 2430 5796 At
2453 5754 2578 5806 Mss,
2604 5747 2891 5797 accelerent.

1842 5814 1860 5842 ³
1894 5819 1939 5860 tn
1964 5819 2069 5860 Mss.
2096 5811 2255 5871 deest,
2283 5818 2327 5862 et
2350 5809 2523 5861 mensis
2544 5817 2588 5859 et
2610 5823 2776 5860 inritus.
