3784 6144
460 278 565 332 671.

451 394 622 443 animo
651 401 820 453 estote,
852 390 1087 460 quoniam
1116 390 1225 443 hinc
1253 389 1372 441 dicit
1403 386 1651 441 Dominus
1679 384 1991 455 omnipotens
2009 396 2029 435 :

452 483 633 536 Adhuc
656 482 808 535 sentel
826 521 840 545 ,
879 478 1268 534 et‘commoveb‘o
1296 477 1475 532 ccelum
1501 486 1547 531 et
1576 486 1759 530 terram
1778 517 1793 537 ,
1820 490 1960 529 mare
1986 481 2048 528 et‘

452 572 682 635 aridam,
714 581 760 624 et
799 570 1077 624 concutiant
1108 585 1278 623 omnes
1308 578 1475 640 gentes
1495 610 1508 630 ,
1539 577 1585 622 et
1627 566 1820 621 venient
1860 564 2049 618 omnia’

452 665 610 717 electa
639 663 879 733 gentium,
910 672 956 715 et
983 661 1199 730 implebo
1225 662 1430 713 domum
1458 661 1609 726 hanc,
1636 660 1757 713 dicit
1781 658 2033 712 Dominus

450 754 764 819 omnipotens
792 768 808 805 :
836 762 1099 807 et‘caitera
1127 768 1245 821 quae
1271 749 1491 814 addidit,
1522 751 1680 805 etiam
1710 749 1879 803 futura
1905 762 2027 818 pro-

450 843 717 914 phetans;
744 859 861 913 qua:
884 843 952 897 de
979 843 1183 896 Doluini
1211 842 1377 896 nostri
1405 841 1528 896 Jcsu
1550 840 1745 895 Christi
1775 839 2026 909 tempori-

445 934 547 988 bus
574 934 769 988 rectius
798 934 1011 1003 intelligi
1042 934 1233 996 Sttleltl,
1264 932 1414 1001 cujus
1444 933 1667 1002 populus
1691 930 2025 985 veris.~imnm

446 1034 501 1079 et
541 1024 935 1079 sanctissimum
983 1032 1075 1077 est
1096 1023 1347 1092 templum
1380 1023 1502 1085 Dei,
1535 1038 1637 1075 non
1669 1021 1827 1076 etiam
1860 1021 1909 1074 in
1948 1019 2027 1075 eis

445 1115 535 1186 qui
581 1116 826 1185 permixti
869 1115 1193 1178 tolerantur,
1225 1113 1317 1167 sed
1370 1114 1421 1166 in
1454 1113 1533 1168 eis
1575 1113 1703 1166 solis
1746 1112 1833 1181 qui
1885 1126 2025 1165 nunc

448 1207 658 1261 interim
689 1221 717 1258 a
751 1204 946 1259 talibus
976 1205 1108 1259 bene
1134 1203 1366 1258 vivendo
1393 1202 1738 1271 spiritualitt-r
1766 1216 2021 1271 separau-

449 1308 567 1361 tur,
615 1306 736 1366 post
779 1311 906 1352 vero
949 1297 1107 1350 etiam
1152 1293 1825 1364 corporalit'er'separandi
1875 1301 2019 1346 sunt.

455 1386 830 1443 Verumtamen
861 1387 1005 1440 illum
1038 1387 1308 1455 populum,
1339 1385 1423 1439 cui
1456 1383 1730 1453 prepltetia
1760 1384 1857 1438 ista
1886 1398 2023 1453 prte-

450 1482 688 1533 ntmtiata
733 1487 834 1543 est,
879 1486 931 1532 et
977 1477 1077 1547 qui
1108 1486 1232 1530 tunc
1272 1476 1591 1545 Operabatur
1629 1476 1680 1530 in
1712 1474 1871 1530 domo
1904 1474 2020 1538 Dei,

449 1571 539 1626 ubi
570 1578 720 1624 erant
761 1580 813 1624 et
858 1569 928 1623 illi
959 1567 1085 1633 duo,
1132 1567 1426 1622 Zorobabel
1477 1566 1615 1620 ﬁlius
1660 1565 1930 1630 Salathiel,
1969 1574 2038 1620 et‘

447 1662 603 1717 Iesus
648 1660 784 1716 ﬁlius
830 1659 1130 1726 Josedech,
1181 1658 1463 1730 quomodo
1492 1659 1561 1713 sit
1608 1658 1925 1712 exhortatus
1969 1664 2024 1711 et

446 1749 846 1806 Cttltttttt‘ndttltls
875 1765 903 1802 a
935 1749 1159 1804 Domino
1179 1790 1193 1815 ,
1221 1748 1351 1802 satis
1376 1747 1426 1801 in
1458 1756 1706 1817 promptu
1733 1756 1815 1800 est
1842 1744 2039 1800 videre-

446 1841 498 1894 in
531 1841 612 1895 Dis
635 1841 808 1894 verbis
836 1840 1136 1909 Prophetze,
1165 1855 1284 1908 qua:
1310 1838 1448 1892 sicut
1471 1838 1612 1892 dicta
1634 1846 1776 1899 sunt,
1799 1837 2024 1892 inserui-

443 1947 579 1986 tuus.
616 1929 1001 2001 Numquidnam
1032 1945 1160 2000 ergo
1207 1930 1363 1985 istum
1409 1930 1659 1999 popuium
1692 1928 2020 1982 immundum

446 2040 728 2093 possumus
754 2026 952 2089 dicere,
978 2024 1042 2077 ad
1069 2039 1225 2095 quem
1255 2024 1297 2077 si
1328 2024 1448 2094 quis
1470 2025 1755 2079 accesserit
1783 2023 2024 2092 inquina-

444 2116 605 2180 hitur,
631 2118 712 2171 cui
746 2118 938 2187 p0pnlo
966 2116 1179 2181 dicitur,
1210 2115 1274 2169 Et
1304 2131 1436 2169 nunc
1462 2114 1699 2185 prwvale,
1722 2113 2019 2180 Zorobabcl,

444 2208 565 2260 dicit
600 2206 881 2273 Dominus;
909 2216 953 2260 et
985 2207 1200 2275 pravale
1218 2246 1233 2272 ,
1261 2204 1386 2259 Jcsu
1415 2206 1492 2274 [ili
1518 2204 1765 2259 Iosedech
1790 2205 2023 2260 sacerdos

443 2315 658 2370 magne;
697 2309 743 2353 et
780 2299 1108 2369 prtevalcsce,
1138 2297 1298 2349 omnis
1327 2296 1512 2366 popule
1556 2306 1733 2357 terrte,
1765 2296 1885 2348 dicit
1916 2294 2020 2348 Do-

443 2390 608 2443 minus
650 2389 962 2457 omnipotcus
981 2402 1015 2451 ς’
1044 2397 1089 2441 et
1132 2387 1336 2456 spiritus
1379 2402 1516 2439 meus
1559 2394 1739 2456 praeest
1776 2385 1830 2439 in
1859 2384 2022 2439 medio

443 2487 659 2531 uestrum
682 2479 708 2532 ?
754 2478 883 2547 Quis
910 2476 1341 2532 clementissimus
1370 2476 1567 2529 dixerit
1590 2476 1746 2529 istum
1778 2490 1905 2530 esse
1925 2490 2020 2545 po-

447 2571 650 2641 pulum,
681 2570 746 2625 ad
777 2586 933 2641 quem
960 2570 1003 2624 si
1030 2569 1150 2639 quis
1172 2567 1479 2632 accesserit,
1510 2567 1888 2636 iniquinabitur
1908 2566 1934 2620 ?

517 2662 604 2716 51.
647 2660 792 2716 Nunc
834 2675 962 2731 ergo
998 2658 1254 2714 attendite
1297 2658 1422 2730 quid
1456 2667 1573 2727 post
1617 2657 1759 2712 illam
1790 2657 2020 2728 prophe-

443 2755 592 2819 tiam,
623 2768 740 2823 qua:
764 2751 889 2808 huic
919 2751 1114 2823 populo
1142 2750 1211 2807 de
1234 2749 1430 2805 Christi
1463 2750 1790 2818 temporibus
1818 2765 2023 2805 annun-

441 2843 566 2898 tiata
608 2852 724 2905 est.
767 2850 1157 2912 consequenter
1199 2840 1471 2910 Scriptura
1514 2850 1783 2896 eontexat‘.
1828 2841 2029 2906 Quarta

441 2943 487 2987 ct
525 2933 755 2987 vicesima
782 2934 902 2986 noni
940 2934 1124 2986 mensis
1161 2948 1295 2986 anno
1332 2931 1551 2985 secundo
1579 2933 1670 2985 sub
1695 2929 1856 2985 Dario
1885 2949 2017 3004 rege,

442 3030 633 3095 factum
681 3034 751 3080 est
798 3025 997 3078 verbum
1045 3023 1253 3077 Domini
1300 3024 1369 3077 ad
1411 3023 1650 3094 Aggwum
1701 3025 2017 3094 prophetam,

443 3118 613 3172 dicens
654 3134 672 3172 :
720 3116 842 3172 Hcec
887 3116 1007 3170 dicit
1059 3115 1305 3170 Dominus
1354 3116 1667 3186 omnipotens
1691 3156 1706 3182 ,
1755 3113 2030 3188 Interroga

441 3209 723 3265 sacerdotes
750 3210 946 3282 legem,
977 3210 1146 3263 dicens
1173 3227 1193 3263 ε
1222 3208 1283 3263 Si
1322 3209 1597 3278 sumpserit
1632 3209 1782 3262 homo
1821 3225 2021 3263 carnem

441 3301 805 3370 sanctiﬁcatum
829 3301 881 3355 in
907 3318 1101 3356 summa
1126 3301 1408 3355 vestimenti
1434 3302 1534 3364 sui,
1566 3310 1614 3353 et
1639 3301 1857 3371 attigerit
1883 3317 2022 3355 sum-

440 3407 577 3445 ntum
602 3392 876 3446 vestimenti
897 3393 1009 3463 ejus
1029 3408 1235 3463 panem,
1259 3400 1346 3443 aut
1370 3391 1700 3458 pulmentum,
1722 3400 1809 3444 aut
1829 3392 2017 3458 vinum,

440 3488 529 3534 aut
558 3496 754 3535 omnem
781 3498 945 3534 escam
964 3522 979 3546 ,
1009 3481 1053 3536 si
1089 3481 1524 3549 sancti/imbitur?
1567 3478 1633 3534 Et
1663 3482 2023 3550 responderunt

441 3570 722 3626 sacerdotes
749 3581 795 3625 et
823 3571 1079 3636 dixerunt,
1112 3570 1253 3625 Non.
1284 3569 1350 3623 Et
1380 3570 1508 3624 dixit
1533 3570 1747 3642 Aggteus
1775 3586 1793 3624 :
1823 3570 1884 3625 Si
1912 3572 2023 3624 tetio'

442 3662 569 3732 gerit
604 3661 890 3732 inquinatus
917 3662 967 3714 in
996 3662 1168 3715 anima
1207 3660 1400 3729 aliquid
1429 3661 1628 3726 horum,
1660 3662 1704 3715 si
1731 3660 2020 3729 inquinabi-

443 3750 572 3803 tur?
614 3749 680 3803 Et
709 3752 1074 3820 responderunt
1119 3751 1401 3805 sacerdotes
1446 3760 1494 3803 ct
1535 3751 1804 3813 dixerunt,
1840 3750 2020 3820 Inqui-

444 3843 664 3897 nabitur.
700 3842 767 3895 Et
792 3843 1048 3914 respondit
1073 3843 1288 3913 Aggarus
1314 3854 1358 3896 et
1385 3843 1512 3895 dixit
1531 3884 1545 3905 ,
1580 3842 1669 3897 Sic
1696 3844 1912 3913 populus
1941 3845 2023 3898 hic

443 3942 492 3987 et
521 3948 641 4003 gens
668 3932 774 3985 haec
812 3932 863 3985 in
903 3943 1169 4002 conspectu
1200 3947 1308 3985 meo
1329 3972 1341 3993 .
1372 3931 1492 3984 dicit
1521 3930 1765 3986 Dominus
1783 3972 1799 3998 ,
1830 3942 1875 3986 et
1903 3933 1975 3987 sic
2003 3936 2018 3966 ⁸

443 4039 597 4095 Opera
622 4039 861 4077 manuum
902 4023 1161 4092 ipsorum;
1191 4033 1249 4075 ct'
1276 4023 1573 4093 quicumque
1613 4024 1872 4077 accesserit
1907 4023 2018 4092 illo,

443 4114 819 4182 inquinabitur,
852 4123 1059 4186 pr0pter
1100 4117 1514 4187 pra'sumptiones
1550 4133 1720 4170 eorum
1749 4119 2023 4172 matutinas

445 4223 476 4260 a
505 4207 635 4279 facie
674 4206 904 4261 laborant
944 4224 1183 4273 suorum,
1224 4217 1269 4262 et
1313 4208 1430 4262 odio
1473 4209 1727 4263 habebatis
1770 4211 1822 4264 in
1866 4214 2022 4280 portis

441 4307 725 4369 arguentes.
769 4297 900 4366 Quis
939 4305 1020 4352 est
1061 4301 1161 4353 iste
1205 4298 1431 4368 populus
1459 4308 1563 4353 tam
1597 4300 1933 4367 immundus,
1963 4311 2025 4357 ut

442 4389 682 4460 quisquis
733 4390 823 4445 illo
869 4390 1191 4456 accesserit,
1236 4391 1593 4461 inquinetur?“
1621 4391 1882 4470 Numqu'd
1932 4393 2022 4449 ille

442 4481 529 4535 cui
557 4480 753 4535 dictum
784 4489 897 4547 est,
929 4479 1256 4547 Prtevalesce,
1288 4492 1335 4536 et
1371 4484 1576 4553 spiritus
1602 4498 1740 4539 meus
1779 4486 1830 4539 in
1859 4486 2023 4541 medio

440 4573 700 4632 uestrum?
745 4572 896 4628 Absit
927 4583 981 4626 ut
1026 4574 1116 4629 ille
1163 4573 1250 4627 sit.
1301 4574 1416 4629 Duo
1460 4574 1617 4644 igitur
1661 4586 1811 4631 erant
1840 4590 1854 4632 :
1885 4593 2023 4633 unus

441 4661 767 4725 immundus,
815 4672 867 4717 et
907 4663 1040 4717 alter
1081 4664 1169 4733 qui
1217 4664 1282 4718 ad
1333 4664 1662 4718 immundum
1712 4666 2024 4735 prohibetur

354 4738 361 4749 ’
442 4752 717 4815 accedere,
747 4752 836 4821 qui
867 4752 1249 4809 exhortabatur
1279 4755 1688 4823 prmvaleseere,
1713 4758 1832 4826 quia
1860 4758 2021 4828 Spiri-

443 4853 528 4898 tus
556 4844 653 4898 Dci
688 4857 804 4901 erat
848 4847 900 4901 in
950 4847 1126 4902 medio
1173 4861 1379 4901 eorum.
1429 4847 1484 4901 Si
1527 4861 1655 4918 ergo
1700 4847 1806 4902 duo
1846 4858 2017 4916 erant,

446 4934 794 4991 ostendantur
820 4946 873 4992 et
902 4936 1007 4991 duo
1036 4938 1266 5007 templa,
1301 4954 1460 4991 unum
1491 4953 1596 5008 quo
1626 4939 1724 4992 iste
1746 4980 1762 5004 ,
1797 4940 2019 4994 alterum

446 5038 552 5092 quo
583 5022 671 5078 ille
713 5024 1106 5095 ingrediebatur
1134 5044 1147 5080 :
1179 5027 1523 5081 ostendantur
1568 5037 1623 5082 et
1663 5029 1846 5082 altaria
1892 5028 2018 5095 duo,

449 5127 611 5166 unutn
653 5112 705 5167 in
734 5129 838 5185 quo
867 5116 966 5173 iste
985 5159 999 5176 .
1027 5117 1251 5172 alterum
1284 5117 1335 5170 in
1361 5134 1465 5188 quo
1504 5118 1591 5174 ille
1619 5120 1860 5174 victimas
1887 5120 2020 5174 oll'e-

447 5201 595 5257 rebat
625 5220 638 5256 :
671 5205 1018 5261 ostendantur
1042 5216 1094 5262 et
1123 5207 1446 5276 sacerdotes,
1481 5209 1635 5276 hujus
1659 5210 1766 5273 alii,
1798 5220 1853 5265 et
1884 5211 2023 5266 illius

445 5291 555 5356 alii,
587 5291 675 5362 qui
703 5307 800 5361 pro
835 5308 932 5348 suo
961 5297 1183 5368 quisque
1215 5299 1406 5368 populo
1445 5300 1727 5369 separatim
1756 5301 2024 5356 sacriﬁca-

443 5383 591 5438 bant.
621 5385 676 5441 Si
719 5395 895 5442 autem
938 5390 1176 5460 quisquis
1221 5390 1321 5445 hoc
1361 5391 1626 5447 afﬁrmare
1652 5402 1907 5457 conatur,
1938 5392 2022 5446 in-

445 5475 585 5529 sanit
620 5493 633 5529 :
667 5476 745 5532 sic
767 5486 919 5535 erant
948 5479 1032 5534 isti
1060 5482 1166 5537 duo
1210 5482 1386 5551 populi
1428 5482 1481 5537 in
1510 5498 1617 5537 uno
1645 5484 1841 5554 populo
1865 5524 1880 5548 ,
1923 5484 2024 5539 sub

442 5582 549 5623 uno
595 5570 872 5627 sacerdote
921 5587 1145 5644 magno,
1198 5590 1358 5628 unum
1406 5575 1662 5646 templum
1716 5574 2017 5641 intrantes;

501 5681 520 5715 ¹
553 5682 691 5742 Fdlts,
716 5688 757 5731 et
780 5685 917 5733 sicut.
947 5689 999 5733 At
1022 5690 1146 5746 Mss,
1170 5688 1215 5732 et
1238 5682 1322 5733 sic.

1094 275 1363 332 CONTRA
1408 273 1827 330 DONATISTAS
1869 268 2033 325 ιόδτ
2075 271 2572 343 COLLA—TIUNEM,
2615 277 2671 332 S.
2714 278 3095 335 AUGUSTINI‘

3627 281 3721 337 671

2139 379 2273 434 sicut
2300 392 2451 435 erant
2474 386 2631 441 etiam
2663 390 2764 446 sub
2786 406 2892 446 uno
2914 390 3097 463 Moyse
3114 390 3336 460 quidam
3366 391 3533 447 Deum
3558 398 3719 454 οπω-

2136 471 2354 537 dentes,
2386 474 2600 543 quidam
2630 478 2740 534 Deo
2770 481 3042 550 placentes
3062 524 3076 544 .
3118 481 3185 537 de
3211 483 3404 551 quibus
3438 484 3718 553 Apostolus

2136 562 2284 629 dicit,
2311 563 2432 618 Non
2456 565 2508 619 in
2533 569 2761 624 omnibus
2790 570 2894 624 illis
2922 573 3284 640 beneplacitum
3310 583 3387 629 est
3406 572 3521 628 Deo
3540 575 3584 647 (l
3605 577 3714 632 Cor.

2137 670 2191 719 π.
2219 656 2295 726 5);
2325 655 2508 726 Neque
2535 660 2675 714 enim
2702 662 2795 721 ait,
2824 662 2877 715 In
2905 663 3153 735 omnibus
3184 664 3290 718 illis
3317 680 3426 719 non
3452 675 3535 720 est
3564 667 3715 723 bene-

2136 745 2388 815 [ducitum
2432 749 2574 813 Deo,
2620 758 2872 819 tanquam
2919 768 3108 808 otnnes
3155 755 3709 824 displicuerint-Dm:

2134 836 2228 891 sed
2259 839 2368 903 ait,
2400 838 2519 892 Non
2558 842 2612 894 in
2650 843 2881 897 omnibus
2919 844 3022 898 illis
3052 846 3421 913 beneplaeitum
3463 860 3540 905 est
3574 850 3675 905 Dee
3695 871 3713 906 :

2133 941 2262 996 ergo
2303 929 2355 982 in
2382 929 2696 998 quibusdam
2716 972 2732 996 ,
2763 948 2868 985 non
2914 934 2965 987 in
3009 935 3276 990 omnibus.
3310 938 3377 992 Et
3403 953 3598 993 omnes
3624 944 3715 996 sub

2132 1018 2332 1073 eisdem
2364 1021 2733 1077 sacerdotibus
2775 1035 2928 1079 erant
2970 1026 3022 1079 iu
3066 1044 3171 1082 uno
3216 1030 3518 1100 eodemque
3546 1033 3714 1088 taber-

2134 1110 2325 1164 naculo
2346 1150 2360 1170 .
2389 1111 2442 1165 in
2487 1127 2594 1167 uno
2622 1113 2920 1184 eodemque
2947 1117 3099 1171 altari
3142 1118 3347 1176 hostias
3374 1120 3710 1179 oﬂ’mlnnt‘:

2130 1207 2200 1252 et'
2216 1207 2393 1254 tamen
2438 1200 2903 1272 distinguebantur
2943 1204 3130 1271 factis,
3163 1224 3270 1263 non
3298 1209 3473 1269 locis:
3519 1213 3711 1278 auitae,-

2129 1305 2240 1344 non
2271 1293 2505 1362 templo;
2538 1296 2800 1363 moribus,
2830 1312 2933 1352 non
2959 1299 3232 1355 altaribus.
3259 1301 3348 1357 Sic
3374 1304 3467 1358 alii
3494 1306 3561 1359 ad
3586 1308 3711 1360 alios

2132 1394 2235 1434 non
2279 1382 2634 1450 accedebant,
2678 1401 2747 1441 ne
2785 1386 2852 1441 ab
2891 1388 2970 1442 eis
3001 1389 3407 1458 inquinarentnr
3438 1411 3455 1449 :
3487 1393 3591 1450 hoc
3613 1406 3710 1462 est,

2129 1483 2316 1524 eorum
2361 1472 2515 1526 malis
2559 1473 2713 1529 lactis
2761 1491 2867 1531 non
2915 1481 3357 1547 consentiebant,
3407 1499 3479 1539 ne
3524 1488 3715 1555 petita

2129 1562 2529 1619 damnarentur.
2563 1566 2677 1621 Non
2707 1570 2850 1622 enim
2876 1579 2932 1624 et
2960 1570 3080 1625 illos
3110 1574 3276 1627 malos
3304 1573 3519 1646 Moyses
3544 1586 3710 1635 tantus

2129 1655 2386 1724 propheta
2418 1656 2709 1726 nesciebat,
2750 1675 2973 1730 quorum
3017 1663 3175 1732 impia
3206 1680 3477 1720 murmura
3507 1676 3561 1721 et
3592 1668 3711 1725 hor-

2128 1746 2322 1801 rendas
2351 1749 2734 1804 amaritudines
2776 1752 3013 1821 qumidie
3057 1752 3369 1810 suﬁ'erebat.
3401 1754 3508 1812 Sed
3556 1762 3711 1814 istum

2129 1836 2366 1893 nescisse
2394 1839 2649 1895 faciamus
2682 1859 2696 1895 :
2731 1843 2986 1913 numquid
3029 1853 3083 1899 et
3111 1843 3327 1902 Samuel
3361 1846 3580 1903 Saitlem
3621 1866 3709 1905 ne-

2127 1926 2361 1990 sciebat,
2391 1944 2550 1996 quem
2584 1946 2679 1998 per
2706 1946 2767 1985 os
2797 1932 2913 2001 ejus
2956 1943 3153 1989 αξιοι-ηπ
3187 1938 3451 1991 sententia
3470 1960 3475 1967 τ
3494 1939 3710 1996 damna-

2126 2023 2279 2070 verat
2307 2016 2443 2103 Deus
2464 2019 2488 2072 ?
2511 2017 2971 2077 Verumtamenet
3004 2023 3173 2093 ipsum
3205 2033 3267 2079 et?
3285 2035 3530 2082 sancmm
3552 2029 3723 2085 David

2127 2120 2290 2160 unum
2316 2107 2406 2161 Dei
2439 2109 2837 2165 tabernaculum
2867 2113 3143 2176 intrantes,
3173 2116 3313 2171 inter
3338 2118 3528 2173 eadem
3553 2120 3710 2175 sacri-

2128 2193 2241 2249 ﬁcia
2269 2196 2513 2262 videbat;
2538 2198 2628 2252 sed
2656 2200 2905 2256 distincte
2931 2204 3111 2272 utique
3124 2204 3356 2268 videbat,
3379 2208 3504 2277 quia
3530 2207 3710 2264 distino

2126 2297 2243 2343 ctos
2266 2290 2477 2345 videbat
2500 2307 2529 2354 ;'
2560 2301 2614 2344 et
2659 2307 2819 2348 unum
2849 2310 3057 2348 eorum-
3085 2297 3135 2350 in
3176 2308 3441 2353 a'ternum
3482 2301 3705 2367 amabat,

2126 2378 2285 2430 alium
2312 2394 2408 2448 pro
2438 2388 2679 2449 tempore
2709 2383 2994 2438 tolerabat.
3036 2385 3125 2439 Sic
3154 2397 3207 2441 et
3236 2388 3469 2457 Agga'us
3497 2400 3717 2444 noverat

2128 2466 2178 2518 in
2208 2482 2312 2519 uno
2338 2469 2530 2537 populo
2553 2470 2686 2523 duos
2711 2473 2933 2540 populos
2959 2491 3121 2528 unum
3146 2480 3403 2546 templum
3429 2479 3702 2546 intrantes,

2126 2555 2226 2607 sub
2252 2571 2359 2610 uno
2382 2573 2571 2627 magno
2601 2561 2878 2616 sacerdote
2900 2564 3135 2619 viventes
3159 2582 3173 2630 ;
3205 2577 3257 2618 et
3283 2568 3511 2623 alterum
3536 2578 3713 2624 ostettw

2125 2644 2282 2698 debat
2313 2646 2640 2703 immundum
2663 2690 2676 2712 ,
2707 2650 2931 2706 alterum
2976 2654 3041 2706 ad
3093 2655 3705 2714 immundum-accedere

2128 2738 2500 2806 prohibebat:
2544 2751 2600 2797 et
2647 2752 2821 2796 tamen
2854 2759 2953 2799 nec
3002 2745 3121 2799 illos
3171 2762 3271 2801 nec
3315 2763 3376 2803 se
3425 2749 3598 2818 ipsum
3640 2751 3711 2805 ab

2127 2828 2311 2883 eodem
2337 2830 2703 2900 tctnplo‘et-ab
2731 2833 2933 2888 eisdem
2957 2836 3210 2890 altaribus
3234 2839 3541 2907 separabat.
3570 2840 3705 2911 Ergo

2126 2918 2454 2986 apiritnalem
2509 2920 2827 2989 prohibebat
2871 2939 3145 2979 accessum
3193 2929 3706 2999 consensionemth

2124 3009 2385 3066 laetorum
2416 3030 2428 3063 :
2462 3014 2598 3082 quod
2629 3023 2684 3069 et
2712 3015 2825 3084 ipsa
2859 3017 3015 3070 verba
3046 3018 3315 3085 clamant,
3344 3021 3391 3074 si
3427 3036 3585 3075 aures
3610 3023 3703 3077 ad-

2125 3103 2254 3169 sint,
2276 3120 2409 3174 quas
2429 3107 2739 3161 animositas
2763 3109 2956 3163 furiosa
2983 3126 3086 3164 non
3114 3111 3326 3166 claudat
3343 3123 3436 3166 aut
3458 3116 3709 3183 strepitus-

2125 3196 2289 3249 variae
2341 3198 2702 3253 contentionis
2753 3199 3025 3271 impediat.
3084 3204 3165 3256 Ait
3223 3205 3390 3258 euitn-
3423 3205 3699 3276 Propheta,

2129 3284 2306 3339 Omnis
2330 3287 2419 3356 qui
2456 3290 2719 3342 accesserit
2747 3289 2853 3355 illo,
2891 3291 3250 3361 inquinabitur.
3281 3293 3479 3348 Vitium
3509 3298 3702 3351 notavit

2125 3390 2230 3444 quo
2273 3377 2453 3431 accedi
2501 3378 2823 3446 prohibuit,
2850 3394 2954 3434 non
3001 3380 3247 3436 homines
3288 3384 3358 3437 ab
3405 3385 3699 3442 hominibus

2124 3466 2389 3535 corporali
2435 3466 2793 3537 disjunctioue
2834 3471 3067 3525 seclusit.
3107 3473 3397 3529 Aceeditur
3433 3485 3607 3532 autem
3636 3477 3709 3532 ad.

2126 3557 2310 3611 vitium
2338 3560 2719 3630 corruptionis.
2752 3562 2880 3615 vitio
2908 3564 3295 3620 consensionis.

2196 3647 2286 3702 32.
2329 3649 2406 3703 Ac
2433 3666 2500 3704 ne
2539 3653 2818 3721 quisquam
2862 3652 3097 3715 diceret.
3130 3656 3272 3709 illum
3302 3659 3586 3727 populum,
3623 3662 3699 3716 sui

2127 3740 2298 3808 primo
2327 3740 2526 3795 dictum
2550 3752 2651 3806 est,
2684 3741 3029 3811 Prienalcsce,
3056 3748 3305 3817 quoniam
3333 3751 3542 3816 spiritus
3566 3768 3701 3806 meus

2126 3840 2305 3900 protest
2339 3834 2392 3885 in
2436 3833 2598 3887 medio
2625 3844 2883 3902 uestrum;
2924 3838 3108 3905 paucis
3151 3839 3478 3908 interpositis
3516 3842 3699 3897 dielms

2126 3923 2180 3978 in
2210 3922 2447 3979 deterius
2488 3934 2895 3994 commutatum,
2935 3938 2991 3982 ut
3030 3928 3217 3984 audire
3255 3941 3583 3996 mereretur.
3614 3933 3699 3987 Sis

2126 4015 2345 4087 populus
2369 4016 2463 4071 ista
2487 4025 2533 4071 et
2560 4033 2681 4086 gens
2708 4018 2807 4071 ista
2825 4059 2841 4082 ,
2872 4020 3035 4074 omnis
3062 4021 3148 4091 qui
3172 4023 3435 4076 accesserit
3469 4024 3589 4085 illo,
3621 4025 3698 4076 in-

2124 4107 2443 4176 quinabitur;
2480 4106 2595 4162 dies
2632 4108 2775 4162 enim
2807 4107 2975 4165 ferme
3018 4112 3303 4180 nonaginta
3330 4120 3699 4182 computantur

2127 4198 2265 4252 inter
2286 4197 2446 4252 verba
2474 4198 2561 4253 illa
2591 4214 2709 4269 qua:
2739 4199 2873 4255 bona
2910 4200 2962 4256 in
2990 4204 3265 4272 populum,
3291 4203 3429 4259 dicta
3460 4217 3578 4260 sunt
3603 4249 3621 4270 ,
3649 4216 3699 4261 et

2127 4287 2224 4343 ista
2255 4288 2447 4356 quibus
2489 4289 2608 4358 ejus
2646 4289 2979 4345 immunditia
3007 4292 3216 4348 vitanda
3259 4295 3561 4367 prtecipitnr
3589 4314 3605 4348 :
3636 4311 3695 4351 ne

2125 4377 2245 4446 quis
2268 4392 2397 4447 ergo
2425 4378 2524 4433 hoc
2557 4388 2800 4449 putaret,
2832 4380 3026 4436 bonum
3058 4383 3204 4438 illum
3233 4385 3489 4456 populum
3517 4401 3694 4455 quam-

2125 4469 2207 4522 vis
2256 4470 2357 4525 hoc
2407 4485 2569 4540 parvo
2618 4472 2873 4542 temporis
2931 4473 3213 4530 intervallo
3258 4485 3364 4530 tam
3417 4478 3691 4545 pessimum

2126 4560 2394 4622 elfcctum,
2423 4561 2602 4617 videte
2624 4562 2748 4631 quid
2778 4550 3036 4632 sequitur,
3064 4565 3321 4622 attendite
3348 4567 3473 4636 quid
3501 4566 3693 4623 dicatur

2126 4665 2192 4705 eo
2218 4652 2333 4719 ipso
2361 4651 2468 4714 die,
2501 4651 2600 4706 hoc
2623 4660 2707 4708 est
2732 4652 2991 4708 vicesima»
3017 4664 3071 4710 et
3112 4666 3299 4725 quarta
3329 4658 3454 4712 noni
3486 4660 3689 4717 mensis.

2127 4755 2233 4810 quo
2274 4741 2362 4795 die
2405 4741 2602 4796 dictum
2647 4750 2766 4809 est,
2816 4742 3150 4815 Sic'populus
3195 4747 3288 4801 iste
3332 4758 3379 4801 et
3422 4766 3543 4820 gens
3581 4750 3689 4811 ista,

2126 4832 2288 4886 omnis
2315 4833 2402 4900 qui
2427 4834 2695 4890 accesserit
2724 4833 2815 4887 illo
2833 4874 2849 4897 ,
2877 4834 3241 4907 iuquinabitur.
3273 4835 3405 4892 Cum
3436 4840 3575 4893 enim
3603 4838 3691 4891 hoc

2125 4922 2367 4987 dixisset,
2421 4931 2476 4978 et
2521 4924 2658 4978 mala
2703 4938 2890 4979 cocum
2937 4936 3431 4992 commemorasset,
3478 4943 3688 4997 quorum

2128 5015 2318 5067 merito
2356 5013 2850 5070 demonstrarentur
2890 5012 3180 5080 immundi.
3214 5017 3418 5073 addens
3452 5022 3608 5074 et'am
3644 5028 3690 5071 et

2127 5105 2343 5168 dicens,
2379 5105 2512 5159 Odia
2552 5104 2807 5161 habebatis
2834 5107 2886 5161 in
2918 5109 3076 5177 portis
3116 5120 3382 5181 arguentes
3409 5126 3429 5162 :
3454 5112 3689 5165 continuo

2126 5195 2424 5264 subjuusit,
2458 5193 2526 5249 Et
2547 5213 2679 5250 nunc
2710 5197 2876 5266 ponite
2898 5198 2949 5251 in
2975 5198 3208 5252 cordibus
3243 5201 3418 5254 vestris
3448 5218 3482 5253 a
3506 5202 3585 5254 die
3609 5201 3687 5252 lto:

2126 5297 2172 5340 et
2209 5303 2385 5357 supra,
2425 5288 2715 5356 priusquam
2754 5299 3019 5359 poneretur
3055 5289 3187 5361 lapis
3223 5308 3373 5361 super
3405 5293 3618 5363 lapidem
3643 5293 3686 5345 ut

2127 5378 2313 5446 ιεηιριο
2342 5376 2587 5442 Domini;
2626 5380 2713 5449 qui
2753 5382 2903 5433 eratis
2939 5396 3053 5433 cum
3092 5382 3357 5437 mittebalis
3390 5384 3443 5438 in
3481 5382 3684 5454 capsella

2127 5468 2305 5539 riginti
2329 5477 2440 5523 sata
2466 5469 2641 5523 hordei
2661 5511 2675 5535 ,
2705 5479 2754 5524 et
2782 5470 2966 5539 ﬁebant
2994 5473 3160 5526 decem
3187 5482 3298 5527 sata
3321 5513 3337 5536 ,
3369 5484 3415 5527 et
3444 5475 3684 5528 intrahens

2127 5559 2180 5612 in
2205 5561 2432 5614 torcular
2454 5561 2724 5615 exhaurire
2744 5563 3107 5634 quinquaginta
3131 5563 3427 5632 amphoras,
3450 5576 3497 5619 et
3520 5566 3683 5634 ﬁebant

2129 5651 2321 5721 uiginti.
2356 5650 2589 5709 Percussi
2618 5668 2702 5709 ros
2740 5654 3127 5724 infecunditate,
3157 5662 3200 5707 ct
3229 5656 3360 5707 uenti
3384 5657 3682 5727 corruptione

2231 5907 2246 5947 ί
