3778 6148
23 290 143 345 ’Βῖδ

35 418 82 459 et
120 399 391 474 grandine
418 398 585 450 omnia
626 407 778 462 Opera
804 397 983 451 uestra,
1031 394 1080 440 et
1125 400 1226 439 non
1264 383 1381 437 estis
1423 379 1645 435 conversi

37 471 255 556 adure,
292 489 421 542 dicit
458 485 722 539 Dominus.
754 477 1052 536 Constituite
1099 475 1251 546 igitur
1291 471 1445 526 corda
1487 478 1650 524 vestra

43 602 71 638 a
98 583 182 637 die
209 583 314 634 hoc
350 588 399 632 et
423 565 674 644 deinceps,
704 589 734 625 a
760 579 940 642 quarta
965 577 1011 621 et
1035 565 1267 620 vicesima
1295 563 1415 616 noni
1443 560 1646 624 mensis,

43 688 86 727 et
111 692 142 725 a
175 673 264 726 die
293 686 405 742 qua
443 665 710 739 fundatum
740 671 812 715 est
857 659 1098 728 templum
1135 655 1375 716 Domini,
1405 652 1572 724 ponite
1598 650 1652 702 in

43 765 289 821 cordibus
322 761 500 814 uestris
525 800 541 825 ,
583 756 628 812 si
655 755 821 809 adhuc
849 759 1173 824 cognoscetur
1209 748 1263 801 in
1303 762 1422 800 area
1443 787 1458 811 ,
1498 752 1584 797 aut
1609 740 1654 796 si

46 858 158 910 ritis
178 895 194 920 ,
233 861 328 906 aut
377 850 596 912 malum,
636 854 723 898 aut
752 845 877 913 ﬁcus
899 883 912 905 ,
942 851 1027 894 aut
1057 839 1248 894 malum
1276 846 1542 907 granatum
1567 876 1580 896 ,
1607 841 1654 887 et

37 949 189 1018 ligna
218 944 458 1011 oleaeque
487 953 585 991 non
616 940 839 1007 fecerunt
869 932 1088 1001 fructum
1108 971 1123 995 ,
1159 945 1190 980 a
1217 927 1298 979 die
1325 925 1420 978 hoc
1449 923 1656 977 benedi-

52 1015 404 1108 canr(Aggtsi
432 1049 445 1086 ι
473 1041 518 1085 ει
546 1029 626 1100 ιι).
672 1029 806 1082 Ecce
836 1025 951 1093 ipso
976 1022 1061 1078 die
1086 1022 1246 1077 etiam
1273 1015 1514 1074 benedici
1547 1030 1660 1069 me-

38 1105 317 1184 ruerunt.
364 1121 670 1178 Benedictio
696 1133 823 1188 ergo
862 1115 982 1170 hinc
1027 1120 1154 1184 puto
1196 1108 1337 1180 quod
1367 1124 1470 1163 non
1500 1105 1660 1176 perti-

44 1231 182 1276 neat
229 1217 302 1270 a'd
358 1216 514 1279 illos,
566 1211 631 1265 ad
680 1222 904 1280 quorum
965 1201 1354 1259 immunditiam
1415 1196 1663 1268 prohibet

59 1309 241 1365 accedi
265 1332 298 1373 ,-
316 1307 414 1360 sed
442 1303 506 1357 ad
539 1303 658 1356 illos
688 1299 856 1353 bonos
883 1296 971 1365 qui
1007 1292 1353 1364 prohibentur
1378 1287 1659 1342 accedere.

49 1402 115 1455 “lu
144 1414 257 1454 uno
288 1411 426 1467 ergo
451 1395 664 1448 luerunt
686 1401 738 1444 et
765 1386 1008 1458 permixti
1037 1393 1090 1439 et
1115 1381 1342 1452 separati
1371 1398 1383 1433 :
1416 1375 1661 1447 permixti

64 1491 282 1562 quidem
336 1466 606 1554 corporali
656 1489 822 1540 tactu,
870 1474 1099 1545 separati
1147 1481 1325 1526 autem
1375 1466 1666 1523 voluntatis

54 1557 347 1636 abscessu.
381 1576 485 1632 Sed
525 1587 673 1628 more
713 1585 811 1625 suo
837 1568 1110 1639 Scriptura
1152 1563 1381 1632 loquitur
1401 1602 1415 1626 ,
1445 1574 1562 1629 qua:
1590 1557 1666 1611 sic

68 1673 240 1742 arguit
282 1669 792 1734 malos,‘tanquam
850 1674 1036 1714 omnes
1082 1658 1135 1711 in
1182 1672 1247 1710 eo
1300 1651 1496 1724 populo
1543 1649 1666 1704 mali

74 1741 297 1828 sinuet
347 1760 427 1815 sic
470 1758 777 1813 consolatur
825 1752 1026 1814 bonos,
1076 1759 1323 1817 tanquam
1369 1758 1554 1797 (mines
1598 1741 1666 1795 ibi

77 1856 205 1909 tales
244 1839 381 1906 sint.
427 1850 529 1904 Pro
572 1847 722 1900 nobis
761 1858 888 1913 ergo
918 1839 1150 1910 episc0pi
1183 1835 1383 1899 vestri,
1414 1833 1573 1888 etiam
1617 1832 1668 1885 in

80 1962 139 1998 co
171 1941 321 2014 quod
368 1949 486 2010 post
506 1935 857 1992 Collationem
885 1931 1005 1984 victi
1042 1926 1322 1996 scripsisse
1349 1925 1366 1956 ¹
1401 1923 1667 1987 dicuntur,

73 2034 255 2104 uggaei
288 2029 625 2102 prophetiam
673 2031 995 2096 posuerunt,
1021 2018 1163 2074 unde
1207 2031 1304 2071 nos
1341 2028 1669 2070 commemo-

82 2102 260 2179 rarent
289 2119 601 2178 evidentius
644 2115 870 2187 probare
909 2110 1050 2182 quod
1081 2109 1306 2163 dicimus
1332 2148 1346 2172 ,
1379 2105 1499 2174 quia
1529 2112 1582 2157 et
1619 2102 1670 2156 in

82 2232 182 2271 uno
213 2215 437 2286 p0pttlo,
468 2213 518 2266 in
543 2226 648 2263 uno
677 2206 894 2276 templo,
926 2203 1026 2258 sub
1050 2200 1252 2256 eisdem
1283 2194 1670 2261 sacerdotibus,

83 2309 215 2363 inter
242 2305 440 2362 eadem
480 2308 834 2359 sacramenta,
856 2293 1173 2350 hominibus
1212 2287 1457 2344 dissimili
1491 2287 1677 2340 volun-

83 2408 186 2452 tate
216 2396 523 2450 \iveutibus
547 2405 598 2446 et
627 2389 852 2444 diversis
883 2385 1117 2440 moribus
1143 2391 1194 2436 et
1223 2377 1668 2448 discrepantibus,

87 2503 180 2543 nec
222 2502 403 2542 causa:
447 2497 605 2538 causa
630 2523 647 2546 ,
680 2493 777 2534 nec
823 2490 1066 2548 persome
1095 2480 1282 2542 potest
1317 2467 1676 2539 .praejudieare

91 2596 336 2651 persona.

153 2667 384 2724 CAPUT
419 2662 557 2720 XXL
585 2691 655 2703 -—
678 2661 766 2716 55.
795 2656 929 2712 Illud
958 2656 1116 2710 etiam
1158 2650 1296 2722 quod
1343 2665 1404 2704 ex
1435 2644 1676 2714 Apostoli

40 2819 42 2823 _
86 2759 347 2829 Epistola,
377 2755 593 2824 scriptis
619 2751 728 2806 suis
755 2751 912 2805 etiam
942 2745 1100 2801 modo
1120 2746 1561 2802 commemorant,
1592 2736 1678 2789 ubi

93 2850 193 2913 ait,
226 2847 406 2902 Nolite
439 2847 621 2916 jugum
659 2842 841 2894 ducere
884 2853 998 2890 cum
1037 2830 1323 2902 inﬁdelibus
1347 2845 1366 2882 :
1398 2843 1510 2892 aute
1549 2825 1681 2878 enim

99 2937 414 3007 participatio
445 2935 546 2990 luci
573 2932 638 2985 ad
665 2929 888 2984 tenebras
921 2925 984 2997 (1|
1011 2924 1126 2978 Cor.
1153 2938 1223 2988 τι,
1256 2920 1385 2990 ΜΠ
1411 2928 1462 2972 et
1491 2925 1680 2970 caetera

97 3047 207 3100 qua:
245 3045 411 3100 supra
452 3021 992 3082 commemora\‘imus
1012 3060 1026 3081 ,
1057 3027 1108 3071 et
1135 3012 1400 3086 quomodo
1432 3009 1685 3066 ret-tein-

106 3122 496 3192 telligcrentur,
523 3115 884 3177 ostendimus,
915 3109 1041 3180 quid
1085 3105 1228 3160 aliud
1270 3112 1464 3174 agunt,
1499 3100 1596 3154 nisi
1631 3107 1687 3152 ut

105 3228 194 3267 nos
216 3189 645 3268 commemorent
684 3205 875 3276 quibus
919 3203 1020 3256 hoc
1060 3198 1344 3268 Apostolus
1379 3189 1685 3263 scripserit?

102 3303 157 3355 lu
183 3307 370 3358 eodem
404 3301 600 3372 quippe
637 3299 752 3364 ipso
775 3292 982 3364 .p0pulo
1011 3289 1404 3344 Corinthiorum
1434 3282 1571 3353 quod
1603 3281 1686 3334 di-

102 3395 266 3447 cimus
293 3394 760 3451 demonstramus;
794 3401 859 3438 ne
890 3383 1021 3436 forte
1047 3379 1368 3433 arbitrentur
1395 3372 1688 3442 Propheta-

112 3502 218 3540 rum
249 3482 617 3540 tantummodo
643 3480 806 3534 moris
838 3477 1017 3542 fuisse,
1047 3483 1097 3528 et
1129 3489 1230 3526 non
1259 3470 1324 3524 ad
1350 3469 1480 3522 Novi
1509 3467 1550 3520 Τ
1555 3475 1694 3521 esta-

113 3577 265 3629 meuti
288 3618 302 3640 ,
332 3574 427 3630 sed
467 3572 532 3627 ad
562 3569 768 3626 Veteris
797 3563 1234 3621 consuetudinem
1281 3559 1572 3630 pertinere,
1617 3555 1695 3609 sic

115 3681 327 3736 arguere
360 3660 840 3734 reprehensihiles,
879 3655 1027 3726 quasi
1075 3666 1262 3706 outnes
1303 3650 1353 3703 in
1397 3662 1461 3700 eo
1504 3646 1695 3716 populo

115 3765 431 3826 arguantur;
463 3763 515 3808 ct
544 3753 619 3806 sic
648 3749 842 3818 alloqui
871 3743 1162 3799 laudabiles
1183 3781 1197 3805 ,
1229 3740 1377 3810 quasi
1409 3752 1594 3790 omnes
1625 3736 1694 3789 ibi

121 3846 416 3902 laudentur.
447 3845 585 3898 Ecce
611 3851 662 3896 et
689 3839 753 3894 ad
780 3835 1085 3892 Corinthios
1109 3833 1185 3886 sic
1215 3831 1497 3900 Apostolus
1527 3827 1697 3897 Iani-

123 3947 199 3991 tur
225 3957 238 3993 :
267 3939 463 3992 Paulus
490 3944 695 3990 vocatus
733 3929 989 4000 apostolus
1015 3925 1200 3981 Christi
1227 3922 1352 3977 Jesu
1394 3938 1481 3992 per
1521 3921 1699 3974 rolun-

127 4045 263 4086 tatem
295 4035 390 4088 Dei
412 4075 428 4099 ,
462 4043 518 4086 et
561 4030 830 4087 Sosthenes
875 4030 1059 4098 frater,
1095 4023 1335 4078 Ecclesia’
1355 4021 1454 4075 Dei
1493 4035 1605 4088 qute
1630 4030 1700 4072 est

127 4123 345 4178 C0:iuthi
369 4167 378 4188 ,
411 4120 738 4189 sanctiﬁcatis
767 4118 816 4172 in
848 4115 1044 4171 Christo
1071 4112 1230 4178 Jesu,
1271 4112 1455 4165 vocatis
1493 4109 1698 4172 sanctis,

127 4230 232 4266 cum
272 4215 502 4268 omnibus
543 4213 626 4281 qui
663 4214 894 4264 invocant
926 4223 1103 4261 nomen
1136 4203 1346 4258 Domini
1384 4203 1540 4256 nostri
1579 4199 1703 4252 Jesu

131 4305 308 4360 Christi
336 4312 388 4361 iu
417 4307 552 4360 omni
583 4306 692 4359 loco
730 4306 953 4371 ipsorum
988 4309 1035 4354 et
1064 4307 1232 4353 nostro
1256 4313 1281 4352 .:
1306 4295 1469 4367 gratia
1497 4293 1630 4348 vobis
1657 4301 1706 4346 et

133 4413 226 4464 pax
251 4416 278 4448 (ι
304 4399 410 4452 Deo
439 4397 590 4450 Patre
615 4404 781 4448 nostro
809 4403 853 4446 et
878 4391 1092 4445 Domino
1115 4387 1238 4442 Jtsu
1261 4385 1478 4440 Christo.
1506 4382 1706 4438 Gratias

135 4502 222 4554 ago
255 4486 356 4541 Deo
387 4504 493 4540 meo
523 4502 717 4554 semper
746 4501 836 4555 pro
867 4482 1004 4535 vobis
1023 4522 1036 4545 ,
1065 4480 1117 4532 in
1145 4477 1308 4549 gratia
1334 4475 1430 4528 Dei
1453 4489 1566 4545 qute
1590 4475 1709 4526 data

137 4588 198 4629 est
239 4580 370 4634 vobis
398 4581 448 4632 in
476 4578 672 4633 Christo
698 4575 822 4628 Jesu
841 4616 854 4637 ,
881 4574 999 4638 quia
1042 4573 1093 4624 in
1135 4568 1361 4623 onmibus
1389 4567 1561 4620 divites
1590 4564 1711 4633 facti

139 4669 244 4721 estis
269 4671 319 4724 in
350 4671 462 4734 illo,
496 4671 543 4722 iu
572 4669 705 4721 omni
732 4667 876 4720 verbo
907 4675 950 4718 et
977 4665 1027 4716 in
1055 4662 1191 4716 omni
1215 4659 1456 4722 scientia;
1485 4658 1611 4711 sicut
1643 4665 1714 4708 te-

141 4759 418 4815 stimonium
444 4759 628 4812 Christi
657 4758 1007 4827 conﬁrmatum
1037 4763 1108 4807 est
1137 4754 1185 4805 in
1214 4752 1348 4804 vobis
1369 4790 1384 4816 ,
1413 4750 1482 4802 ita
1512 4758 1564 4801 ut
1591 4748 1716 4800 nihil

145 4850 268 4904 vobis
297 4854 422 4906 desit
456 4854 508 4905 in
552 4851 658 4903 ulla
685 4849 864 4919 gratia.
900 4846 1030 4913 Quis
1061 4845 1173 4898 hinc
1201 4842 1424 4895 audiens
1452 4840 1634 4893 credat
1663 4838 1715 4891 in

149 4937 370 4996 Ecclesia
393 4939 784 4997 Corinthiorum
809 4953 927 4991 esse
953 4935 1157 5005 aliquos
1185 4931 1458 5002 reprohos,
1483 4928 1720 4998 quando-

150 5030 350 5096 quidem
381 5033 532 5086 verba
566 5031 662 5084 ista
691 5030 765 5083 sic
793 5035 983 5082 sonant
1004 5067 1018 5091 ,
1045 5025 1184 5079 velut
1213 5023 1277 5076 ad
1305 5036 1494 5075 omnes
1522 5021 1718 5073 directa

151 5123 213 5172 sit
249 5121 343 5176 ista
375 5121 642 5177 laudatio?
674 5121 738 5176 Et
779 5131 951 5174 tznnen
987 5115 1141 5186 paulo
1174 5124 1290 5184 post
1315 5113 1475 5176 dicit,
1507 5111 1722 5164 Obsecro

156 5219 331 5277 autem,
361 5213 540 5280 fratres
560 5253 575 5278 ,
607 5221 658 5264 ut
685 5211 901 5278 idipsum
922 5206 1098 5260 dicatis
1124 5219 1314 5267 omnes,
1339 5213 1382 5254 et
1416 5218 1514 5254 non
1544 5201 1642 5253 sint
1671 5201 1724 5252 in

158 5297 283 5352 vobis
306 5302 596 5354 schismata.
627 5299 830 5353 Rursus
861 5307 1107 5365 tanquam
1141 5294 1190 5347 in
1223 5292 1322 5346 hoc
1355 5289 1622 5344 horrendo
1653 5289 1728 5340 vi-

161 5386 228 5439 tii
258 5392 391 5446 velut
421 5405 606 5445 omnes
629 5404 856 5458 arguens
885 5395 1044 5455 atque
1086 5386 1363 5452 inerepans
1382 5422 1398 5447 ,
1430 5379 1591 5442 dicit,
1640 5376 1729 5431 Di-

222 5567 233 5595 '
272 5569 402 5630 aditi,
425 5567 759 5630 subscripsisse
781 5576 868 5630 {ac
893 5559 1032 5623 [aulo
1050 5559 1315 5630 rost.._unde
1331 5561 1696 5630 commentortmt
1712 5593 1729 5616 ,

171 5631 214 5732 at
249 5619 620 5688 infra,'dirersi.s'
677 5619 906 5676 maribus
937 5619 1279 5680 separantibus.
1334 5619 1628 5679 castigantur
1670 5629 1734 5664 ex

205 5701 263 5732 $8.

205 5701 263 5736 $3.

1471 262 1680 322 LIBER
1721 259 1918 320 UNUS.

3225 263 3339 322 sit
3429 331 3442 346 ε

1757 378 1889 432 visus
1917 387 1989 433 est
2027 379 2296 434 Christus?
2335 378 2598 451 Numquid
2626 379 2822 436 Paulus
2851 382 3124 450 cruciﬁxus
3149 393 3223 437 est
3249 398 3343 451 pro

1756 468 1932 524 vobis?
1957 481 2041 523 aut
2070 472 2120 523 in
2151 471 2349 524 nomine
2365 470 2528 525 Pauli
2556 471 2798 538 baptizati
2822 473 2974 527 estis?
3003 473 3136 528 Puto
3164 483 3340 528 autem

1758 574 1852 614 eos
1875 561 1962 629 qui
1993 561 2135 614 ineo
2167 561 2628 629 populodicehant
2650 604 2665 628 ,
2698 562 2808 633 Ego
2837 579 2946 618 sum
2976 562 3204 627 Christi;
3228 580 3344 618 sum

1730 650 1973 708 .duxisse
1999 651 2182 721 iugum
2213 667 2332 705 cum
2363 654 2440 705 eis
2467 653 2552 719 qui
2580 652 2852 717 dicebant,
2885 652 2992 723 Ego
3027 671 3138 706 smn
3170 652 3342 716 Pauli,

1759 758 1850 813 ego
1875 752 2040 796 autem
2075 736 2276 813 Apollo,
2307 759 2396 814 ego
2425 759 2536 797 vero
2563 742 2744 814 Cephce
2773 743 2814 812 (I
2844 743 2959 799 Cor.
2991 762 3035 810 ι,
3070 747 3219 810 145)
3249 762 3262 795 :
3293 756 3347 798 et

1751 841 1937 887 tamen
1965 848 2152 888 omnes
2194 832 2259 887 ad
2299 849 2458 886 unum
2490 834 2656 888 altare
2685 835 3002 888 accedebant
3026 877 3041 897 ,
3075 845 3127 890 et
3157 837 3342 890 eadem

1760 924 2102 980 Sacramenta
2150 925 2639 988 comnnmicabaut,
2689 925 2774 994 qui
2823 926 3006 979 eadem
3061 927 3184 979 vitia
3241 941 3345 978 non

1763 1018 2247 1073 commnnicabant.
2285 1017 2374 1071 llis
2404 1019 2544 1071 enim
2571 1017 2861 1071 Corinthiis
2899 1019 3057 1072 etiam
3100 1017 3223 1072 illud
3253 1019 3348 1070 di-

1763 1119 1906 1162 ctum
1937 1117 2016 1162 est
2040 1149 2053 1172 ,
2089 1107 2187 1173 Qui
2215 1108 2484 1160 manducet
2513 1118 2558 1160 et
2586 1108 2703 1160 bibit
2731 1109 2954 1178 indigne,
2979 1110 3231 1179 judicium
3257 1109 3350 1162 sibi

1765 1199 2039 1253 manducat
2065 1208 2110 1251 et
2125 1198 2260 1252 bibit
2301 1196 2410 1268 (Id.
2442 1213 2492 1251 st
2513 1238 2528 1261 ,
2555 1197 2671 1267 29).
2697 1198 2830 1262 Quid
2862 1205 3003 1252 enim
3034 1198 3170 1252 aliud
3205 1204 3352 1268 Apo-

1767 1291 1936 1345 stolus
1966 1291 2066 1344 nisi
2109 1291 2240 1344 istos
2278 1290 2590 1359 vaniloquos
2617 1289 2916 1358 cogitabat,
2946 1299 3002 1344 nt
3029 1291 3074 1342 ei
3109 1307 3212 1344 non
3241 1290 3349 1343 suf-

1760 1383 1952 1437 ﬁceret
1973 1382 2170 1447 dicere,
2189 1383 2443 1451 judicium
2467 1382 2737 1435 manducat
2757 1393 2802 1436 et
2818 1382 2962 1448 bibit,
2994 1383 3090 1436 nisi
3115 1384 3352 1448 adderet,

1768 1473 1862 1526 sibi
1887 1489 1906 1527 :
1933 1489 2000 1528 ne
2029 1473 2128 1527 hoc
2154 1474 2310 1527 etiam
2337 1473 2401 1525 ad
2432 1472 2549 1526 illos
2577 1474 2884 1541 pertineret,
2909 1473 2999 1542 qui
3022 1473 3219 1543 pariter
3239 1474 3357 1540 qui-

1771 1563 1912 1628 dem,
1947 1564 2039 1618 sed
2071 1579 2175 1618 non
2202 1563 2458 1633 judicium
2489 1563 2916 1616 manducahant?

1844 1655 1933 1709 54.
1968 1653 2034 1708 -Ιιι
2065 1655 2194 1724 ipsis
2219 1654 2376 1708 etiam
2407 1652 2692 1707 Corinthiis
2723 1654 2791 1707 ibi
2823 1661 2973 1707 erant
3002 1654 3088 1723 qui
3119 1669 3222 1708 non
3240 1670 3361 1710 cre-

1772 1743 1970 1798 debant
2014 1743 2456 1798 resurrectionem
2503 1756 2868 1808 mortuorum,
2914 1759 3031 1812 qua:
3069 1744 3360 1812 singularis

1773 1835 1907 1889 ﬁdes
1934 1844 2016 1889 est
2035 1834 2493 1898 Christianorum;
2526 1834 2664 1902 quod
2693 1835 2769 1888 eis
2797 1835 2862 1888 ita
2893 1835 3015 1888 dicit
3039 1837 3357 1902 Apostolus:

1776 1923 1836 1979 Si
1865 1935 2029 1978 autem
2058 1922 2287 1978 Christus
2331 1927 2635 1992 prcedicatur
2677 1925 2812 1994 quod
2853 1925 3121 1978 resurrexit
3160 1942 3190 1978 a
3229 1942 3364 1978 mor-

1775 2016 1908 2080 tuis,
1935 2015 2620 2087 quomododicunt-quidam
2650 2016 2702 2068 in
2735 2016 2868 2068 vobis
2909 2017 3026 2084 quia
3066 2017 3363 2070 resurrectio

1775 2115 2087 2159 mortuorum
2115 2122 2214 2158 non
2235 2106 2349 2159 est?
2373 2105 2485 2158 Non
2510 2105 2662 2168 dixit,
2692 2104 2745 2156 In
2774 2105 2871 2158 hac
2894 2115 3054 2171 terra,
3083 2106 3164 2158 vol
3189 2107 3240 2159 in
3265 2105 3366 2160 hoc

1777 2196 2010 2260 mundo;
2041 2197 2131 2250 sed
2153 2239 2166 2262 ,
2207 2196 2256 2248 in
2289 2196 2454 2262 vobis,
2489 2196 2675 2265 inquit.
2708 2195 2890 2266 Neque
2919 2197 3060 2250 enim
3084 2208 3270 2266 posset
3293 2195 3367 2251 de

1781 2290 1980 2345 Christi
2029 2289 2420 2342 resurrectione
2468 2287 2846 2356 pra-scribere,
2893 2286 2991 2340 nisi
3031 2286 3139 2354 jam
3182 2287 3367 2356 utique

1779 2379 2127 2443 Christianis,
2161 2379 2351 2448 quibus
2381 2378 2447 2432 de
2479 2379 2590 2448 ipsa
2632 2377 3023 2431 resurrectione
3048 2377 3251 2430 Christi
3289 2377 3372 2430 di-

1780 2473 1874 2537 cit,
1903 2470 1993 2526 Sic
2019 2471 2376 2540 praedicamus,
2399 2479 2454 2522 ct
2473 2471 2550 2523 sic
2577 2467 2859 2522 credidistis
2886 2465 2995 2531 (Id.
3021 2483 3110 2528 xv,
3143 2466 3227 2532 l2,
3259 2467 3368 2538 11).

1779 2562 1931 2616 Nunc
1977 2561 2314 2614 attendamus
2363 2559 2522 2612 set-ba
2564 2558 2694 2622 illa,
2746 2557 2938 2626 quibus
2977 2557 3370 2611 Corinthiorum

1784 2651 2077 2705 Ecclesium
2110 2651 2161 2702 in
2195 2648 2446 2718 Epistola:
2479 2648 2736 2717 principio
2765 2648 2840 2700 sic
2872 2647 3084 2713 laudat,
3112 2655 3174 2700 ut
3209 2647 3371 2710 dicat,

1785 2742 1987 2796 Gratias
2026 2758 2122 2812 ago
2163 2740 2272 2794 Deo
2311 2756 2420 2792 meo
2458 2755 2653 2807 semper
2694 2737 2981 2806 probabis,
3009 2739 3060 2790 iu
3087 2738 3252 2808 gratia
3281 2737 3376 2792 Dei

1783 2851 1898 2907 qua:
1925 2834 2045 2886 data
2075 2841 2143 2887 est
2170 2833 2305 2885 vobis
2332 2833 2383 2884 in
2411 2831 2606 2886 Christo
2633 2831 2758 2884 Jesu
2777 2873 2791 2896 ,
2825 2831 2942 2901 quia
2967 2830 3020 2882 in
3042 2831 3272 2884 omnibus
3297 2832 3377 2884 di-

1786 2927 1907 2978 uites
1933 2924 2052 2994 [acti
2078 2923 2192 2976 estis
2214 2923 2265 2976 in
2286 2922 2394 2986 illo,
2421 2921 2634 2974 inomni
2660 2921 2802 2973 verbo
2826 2931 2872 2972 et
2889 2920 2944 2972 in
2967 2920 3104 2972 omni
3123 2920 3373 2981 scientia;

1787 3018 1915 3071 sicut
1943 3014 2282 3068 testimonium
2309 3013 2490 3066 Christi
2521 3013 2882 3079 conﬁrmatum
2919 3023 2990 3065 est
3024 3011 3076 3064 in
3113 3009 3276 3072 vobis,
3307 3011 3379 3063 ita

1782 3121 1842 3164 ut
1870 3108 1998 3163 nihil
2025 3107 2160 3160 vobis
2188 3106 2314 3160 desit
2353 3105 2405 3158 in
2434 3105 2539 3158 ulla
2567 3105 2751 3174 gratia.
2782 3103 2918 3157 Ecce
2941 3104 3022 3156 sic
3048 3112 3198 3156 erant
3227 3101 3378 3157 dilati

1791 3204 1845 3258 in
1872 3203 2086 3257 Christo
2117 3203 2170 3257 in
2195 3201 2339 3256 omni
2369 3200 2529 3254 verbo
2571 3207 2625 3254 et
2654 3201 2704 3251 in
2734 3198 2878 3251 omni
2913 3197 3166 3262 scientia,
3201 3197 3272 3249 ita
3302 3196 3382 3249 eis

1794 3294 1925 3349 nihil
1952 3294 2136 3348 deerat
2165 3293 2217 3346 in
2248 3291 2348 3346 ulla
2374 3291 2564 3359 gratia,
2589 3298 2645 3342 ut
2671 3289 2722 3341 in
2753 3288 2857 3342 illis
2877 3295 3062 3340 essent
3085 3287 3172 3354 qni
3198 3299 3383 3339 resur-

1795 3388 2086 3442 rectionem
2134 3393 2464 3439 mortuorum
2506 3381 2680 3435 adhuc
2725 3390 2891 3448 usque
2936 3393 3037 3430 non
3080 3376 3380 3430 crederent.

1797 3478 1932 3533 Puto
1957 3487 2133 3531 autem
2165 3474 2306 3544 quod
2337 3473 2420 3527 isti
2451 3471 2641 3542 quibus
2672 3469 2801 3523 nihil
2834 3468 3016 3522 deerat
3054 3467 3103 3519 in
3132 3464 3235 3519 ulla
3266 3480 3386 3534 gra-

1800 3570 1868 3624 tia
1890 3610 1905 3634 ,
1935 3582 2038 3622 non
2081 3565 2346 3620 ducebant
2388 3563 2570 3632 jugum
2616 3575 2736 3614 cum
2776 3558 2856 3612 eis
2881 3559 2966 3625 qui
2997 3563 3386 3610 resurrecturos

1801 3670 2042 3715 mortuos
2089 3673 2195 3712 non
2241 3655 2548 3710 credebant.
2583 3653 2720 3706 Ecce
2750 3647 3017 3720 quomodo
3056 3663 3163 3701 non
3190 3646 3390 3702 ducunt

1796 3752 1979 3820 iugum
2028 3763 2148 3802 cum
2194 3746 2530 3807 inﬁdelibus,
2575 3741 2815 3813 quamvis
2855 3739 3028 3794 eidem
3071 3738 3262 3808 populo
3292 3738 3391 3792 mi-

1801 3852 2071 3907 sceantur,
2104 3849 2158 3894 et
2185 3841 2284 3894 sub
2313 3837 2514 3893 eisdem
2541 3833 2940 3894 sacerdotibus.
2973 3831 3172 3886 eisdem
3199 3830 3388 3887 Sacra-

1796 3932 1995 3987 tuentis
2023 3931 2346 3985 imbuuntur.

1879 4026 1967 4081 35.
2004 4023 2240 4093 Denique
2263 4023 2375 4090 ipse
2398 4020 2701 4089 Apostolus,
2727 4033 2793 4070 ne
2816 4016 2936 4069 huic
2961 4012 3254 4069 inlidelitati
3275 4027 3395 4066 con-

1807 4117 2100 4176 sentirent,
2129 4127 2354 4183 quarunt
2390 4111 2498 4179 jam
2541 4110 2670 4162 lides
2711 4107 2921 4160 tenebat
2952 4106 3395 4158 resurrectionem

1810 4217 2138 4263 mortuorum
2159 4246 2174 4269 ,
2210 4219 2312 4257 non
2350 4202 2428 4254 eis
2464 4199 2718 4269 praecepit
2747 4195 3076 4265 corporalem
3108 4192 3397 4262 Separatio-

1811 4316 1931 4356 nem
1963 4317 1976 4354 :
2013 4297 2162 4352 multi
2203 4295 2398 4364 quippe
2441 4300 2592 4344 erant
2624 4309 2638 4344 :
2667 4304 2771 4343 non
2818 4289 2956 4341 sicut
2997 4285 3084 4339 ille
3127 4299 3265 4338 unus
3305 4285 3398 4354 qui

1813 4404 2033 4447 uxorem
2062 4388 2229 4457 patris
2255 4383 2334 4438 sui
2373 4382 2572 4442 habuit,
2601 4395 2758 4449 quem
2787 4377 3037 4432 liberiore
3064 4375 3400 4444 correptione

1814 4492 1871 4538 et
1899 4474 2448 4536 excommunicatione
2485 4470 2690 4541 judicat
2731 4467 2946 4538 dignum
2990 4465 3098 4535 (Id.
3130 4481 3184 4530 v,
3218 4464 3354 4533 1-5)
3385 4484 3398 4519 :

1815 4573 1970 4641 longe
1997 4570 2151 4623 aliter
2176 4567 2297 4628 iste,
2327 4562 2482 4618 aliter
2510 4561 2697 4614 vitiosa
2722 4557 2952 4615 cur:mda
2983 4565 3038 4611 et
3061 4555 3294 4609 sananda
3321 4565 3402 4609 est

1818 4660 2134 4724 multitudo,
2174 4674 2241 4712 ne
2270 4656 2406 4710 forte
2440 4655 2484 4708 si
2517 4654 2664 4723 plebs
2705 4668 2731 4704 a
2765 4651 2918 4721 plebe
2959 4657 3268 4719 separetur,
3309 4662 3405 4716 per

1821 4751 2121 4811 schismatis
2152 4749 2300 4803 nefas
2326 4747 2485 4801 etiam
2518 4745 2746 4798 triticum
2781 4740 3098 4796 eradicetur.
3144 4737 3250 4792 Eos
3276 4753 3406 4805 ergo

1823 4849 1908 4918 qui
1935 4847 2042 4914 jam
2073 4841 2357 4896 credebant
2385 4835 2828 4893 resurrectionem
2860 4839 3208 4890 mortuorum,
3232 4827 3298 4881 ab
3325 4827 3409 4881 his

1824 4941 1910 5009 qui
1941 4953 2056 4991 eam
2091 4936 2140 4988 in
2168 4932 2354 4988 eodem
2385 4928 2578 4998 populo
2608 4941 2711 4978 non
2742 4921 3049 4982 credebant,
3082 4935 3186 4972 non
3215 4933 3408 4988 corpo-

1829 5029 2010 5084 raliter
2036 5025 2319 5094 Apostolus
2347 5026 2556 5088 separat
2581 5035 2592 5069 :
2623 5015 2714 5069 sed
2746 5024 2920 5066 tamen
2952 5009 3301 5079 spiritualiter
3325 5023 3411 5063 se-

1831 5135 2018 5192 parare
2045 5133 2146 5171 non
2176 5121 2382 5176 cessat,
2411 5111 2592 5164 dicens
2613 5149 2626 5167 .
2662 5105 2834 5160 Nolite
2860 5103 3061 5168 seduci,
3090 5111 3414 5170 corrumpunt

1832 5228 1994 5266 mores
2024 5210 2176 5262 bonos
2213 5204 2460 5274 colloquia
2497 5201 2630 5254 mula
2671 5197 2778 5268 (Id.
2811 5212 2907 5259 xv,
2939 5195 3055 5266 55).
3086 5195 3199 5250 Non
3231 5209 3413 5248 eorum

1835 5316 2201 5372 congressum,
2225 5296 2316 5352 sed
2343 5309 2658 5349 consensum
2685 5293 2854 5355 timet,
2883 5305 2948 5343 nc
2971 5290 3122 5343 malis
3142 5284 3416 5352 colloquiis

1837 5390 2240 5448 accommodent
2271 5388 2448 5451 ﬁdem,
2479 5399 2596 5454 qua:
2626 5389 2974 5448 corrumpunt
3016 5392 3188 5432 mores
3227 5375 3416 5428 honos.

1841 5485 2072 5540 Moribus
2110 5495 2236 5549 ergo
2276 5493 2403 5540 eos,
2446 5493 2548 5529 non
2589 5473 2842 5528 altaribus
2873 5471 3120 5524 admonet
3162 5465 3416 5534 separari.

1841 5577 2119 5631 Pnsn'emo
2159 5579 2439 5636 antequam
2481 5568 2558 5620 eis
2597 5566 2707 5618 lucc
2735 5561 3018 5632 Apostolus
3048 5558 3339 5616 scriberet,
3369 5556 3422 5606 in

1845 5665 2030 5720 eadem
2058 5660 2288 5714 lict-teda
2317 5667 2484 5722 erant,
2517 5657 2601 5727 qui
2631 5653 3068 5710 resurrectionem
3097 5657 3427 5702 mortuorum
