3784 6192
390 237 496 292 675

391 363 496 400 non
518 342 828 406 credebant,
857 340 908 393 in
930 354 1031 408 qua
1052 347 1203 392 erant
1223 336 1414 405 quibus
1437 333 1563 388 nihil
1585 332 1767 386 deerat
1792 331 1843 384 in
1865 328 1972 382 ulla

393 435 562 505 gratia
592 451 606 487 :
635 441 690 487 et
719 431 792 485 illi
822 430 951 484 istos
995 425 1305 482 infidelitate
1343 439 1436 478 sua
1473 437 1578 478 non
1610 421 1972 492 inquinabaot,

391 525 516 595 quia
549 523 632 578 isti
672 521 773 574 illis
809 519 875 573 ad
915 517 1157 572 eamdem
1199 515 1562 570 inﬁdelitatem
1604 528 1708 567 non
1747 525 1975 566 consen-

397 615 619 668 tiebant.
645 611 784 665 Ecce
805 608 1072 678 quomodo
1092 607 1184 662 illo
1206 623 1307 659 uou
1333 605 1622 670 acceditur,
1647 620 1714 658 ne
1738 602 1978 673 quisquis

397 704 709 768 accesserit,
745 700 1046 770 inquinetur
1080 717 1092 753 :
1123 714 1248 753 ecce
1286 697 1552 768 quomodo
1581 696 1724 749 nulla
1765 694 1978 764 partici-

395 796 538 863 patio
565 804 642 847 est
673 792 854 846 lumini
882 791 947 845 ad
977 791 1220 844 tenebras
1245 807 1256 842 :
1281 804 1404 842 ecce
1429 786 1716 858 quomodo,
1739 785 1981 856 quamvis

394 885 532 938 intra
562 884 745 937 eadem
790 883 919 935 retia
960 890 1140 933 natent
1188 881 1389 948 pisces,
1439 879 1646 947 utrique
1689 892 1787 931 nec
1822 890 1978 930 causa

391 989 568 1029 causa:
598 972 924 1042 pra-jndieat.
958 987 1054 1024 nec
1081 985 1303 1039 persona
1335 983 1597 1038 persone.

467 1065 555 1120 '56.
588 1064 737 1132 Quod
765 1079 886 1117 cum
921 1063 990 1116 ita
1016 1063 1105 1126 sit,
1138 1076 1256 1130 qua:
1283 1070 1386 1112 tam
1415 1060 1576 1113 cruda
1599 1057 1840 1120 stultitia,
1865 1055 1984 1124 quis

397 1165 507 1210 tam
540 1155 744 1210 ferreus
769 1153 947 1208 cordis
976 1166 1196 1206 somnus
1226 1168 1329 1204 non
1358 1151 1685 1214 excutiatur,
1716 1149 1984 1217 possitque

397 1246 683 1316 aliquando
726 1243 960 1306 sentire,
993 1242 1258 1297 Czeciliaui
1303 1256 1515 1295 causam
1561 1239 1827 1293 catholico
1870 1237 1984 1292 orbi

399 1348 690 1402 terrarum,
720 1337 803 1390 cui
837 1349 940 1387 non
970 1333 1327 1388 communicat
1353 1348 1472 1399 pars
1498 1330 1701 1393 Donati,
1733 1327 1986 1398 prmjudi-

398 1445 525 1484 care
561 1443 666 1481 non
707 1440 884 1495 posse,
917 1425 960 1478 si
989 1440 1090 1477 non
1117 1422 1424 1492 pra‘judicat
1452 1423 1586 1490 parti
1612 1418 1803 1473 Donati
1827 1433 1986 1472 causa

401 1519 729 1582 Maximiani,
757 1516 837 1570 vel
869 1517 1040 1584 potius
1064 1529 1220 1568 causa
1244 1513 1494 1566 Feliciani
1524 1524 1576 1565 et
1597 1511 1848 1565 Primiani
1877 1525 1990 1562 mo-

401 1611 471 1663 do
495 1607 926 1676 conjunctorum,
958 1605 1112 1672 paulo
1147 1613 1269 1656 ante
1312 1603 1538 1656 invicem
1578 1599 1988 1654 damnatorum?

399 1698 608 1754 Sufﬁcit
653 1704 824 1758 certe,
868 1704 923 1748 ιιι
967 1693 1258 1748 secundum
1309 1693 1450 1760 ipsos
1494 1693 1807 1760 loquamur,
1847 1688 1989 1759 quod

401 1793 574 1860 pisces
608 1789 728 1841 mali
766 1787 864 1841 sub
901 1787 1147 1840 fluctibus
1176 1785 1445 1838 latitantes
1475 1784 1687 1854 ignaros
1726 1797 1832 1835 non
1873 1779 1990 1850 pol-

400 1884 552 1936 luunt
601 1883 909 1950 piscatores.
963 1878 1215 1944 Quamvis
1261 1890 1365 1929 non
1412 1876 1481 1928 sit
1527 1874 1594 1929 de
1641 1872 1991 1944 piscatoribus

401 1971 654 2042 quaestio,
687 1985 821 2039 quos
855 1968 1077 2023 fortasse
1124 1967 1175 2020 in
1224 1966 1309 2020 illa
1350 1965 1696 2020 similitudine
1736 1963 1992 2019 Dominus

403 2065 638 2134 Angelos
668 2062 889 2134 intelligi
917 2061 1102 2115 voluit.
1140 2059 1304 2130 Magis
1329 2059 1470 2113 enim
1508 2057 1887 2112 attendendum
1911 2063 1996 2110 est

403 2155 542 2211 intra
571 2155 683 2224 ipsa
710 2155 838 2208 retia
867 2153 1040 2220 pisces
1068 2152 1236 2204 honos
1263 2165 1291 2203 a
1319 2149 1474 2202 malis
1499 2164 1602 2201 non
1632 2161 1788 2216 posse
1816 2160 1995 2200 macu-

406 2247 528 2302 lari.
576 2247 756 2315 Neque
799 2243 940 2298 enim
989 2252 1044 2296 et
1087 2241 1184 2310 ipsi
1226 2256 1330 2293 non
1353 2240 1534 2293 vident
1573 2239 1796 2292 invicem
1836 2236 1994 2290 simul

407 2345 680 2398 natantes,
710 2335 846 2388 sicut
873 2349 901 2386 a
933 2330 1282 2400 piscatoribus
1311 2330 1448 2382 intra
1477 2343 1665 2396 aquam
1707 2327 1860 2395 positi
1889 2342 1994 2380 non

407 2430 674 2483 videntur.
708 2425 813 2480 Sed
836 2465 848 2486 ,
892 2434 947 2476 ut
985 2423 1128 2485 dixi,
1161 2420 1358 2475 sufﬁcit
1395 2435 1571 2474 causa:
1601 2428 1829 2483 nostrte,
1855 2418 1996 2488 quod

409 2519 534 2573 mali
567 2534 670 2570 non
701 2515 963 2584 polluunt,
989 2527 1214 2580 quorum
1252 2511 1385 2564 mala
1427 2509 1562 2563 facta
1595 2511 1923 2564 uescinntur.

478 2608 704 2664 CAPUT
749 2606 913 2661 X.\'ll.
944 2634 1016 2644 —
1046 2606 1132 2658 57.
1173 2599 1412 2658 Fuerunt
1448 2605 1464 2634 ¹
1503 2603 1716 2672 quidam
1760 2612 1998 2672 tempore

409 2699 678 2754 Cmciliani
721 2698 857 2752 beati
903 2695 1128 2765 paciﬁci,
1166 2695 1254 2763 qui
1294 2709 1446 2757 eum,
1489 2693 1696 2746 etiamsi
1742 2693 1998 2746 innocens

411 2807 517 2846 non
548 2799 711 2855 esset,
743 2791 975 2842 scientes
1010 2801 1106 2855 pro
1143 2785 1403 2840 catholica
1446 2784 1646 2836 unitate
1688 2783 1995 2847 tolerarent,

411 2901 531 2940 cum
561 2899 682 2938 eum
711 2882 951 2936 viderent
979 2888 1053 2932 tot
1085 2877 1276 2947 ignotis
1307 2876 1574 2945 gentibus,
1610 2890 1702 2942 per
1729 2889 1861 2943 quas
1888 2873 1998 2942 ipsa

413 2977 590 3030 unitas
644 2974 930 3034 dilatatur,
988 2969 1455 3023 Sacramentorum
1518 2963 2000 3034 participandorum

413 3066 789 3123 comnumioue
816 3062 1122 3122 cohmrere;
1152 3060 1336 3127 eisque
1366 3057 1523 3111 talem
1552 3071 1654 3108 non
1679 3069 1833 3124 posse
1853 3070 2006 3108 mon-

415 3157 611 3221 strari,
642 3155 851 3224 qualem
898 3150 998 3220 ipsi
1039 3165 1161 3204 eum
1204 3163 1323 3202 esse
1362 3155 1744 3215 cognoscerent
1775 3163 1787 3198 :
1817 3145 1914 3212 ipsi
1946 3160 2005 3199 se

417 3259 603 3305 contra
632 3249 759 3300 istas
783 3244 1076 3299 calumnias
1097 3240 1444 3296 defenderent
1470 3238 1644 3292 verbis
1671 3237 1809 3291 beati
1835 3246 1888 3291 et
1914 3251 2007 3306 pa-

415 3341 552 3397 ciﬁci
571 3337 842 3410 Cypriani,
868 3337 1265 3401 clamarentqne
1287 3332 1511 3384 ﬁdenter
1528 3339 1582 3383 et
1601 3329 1858 3394 dicerent,
1883 3327 2007 3382 Ideo

417 3440 635 3501 propter
674 3427 1015 3483 Crucilianum
1061 3439 1165 3476 non
1211 3422 1507 3476 deserimus
1551 3422 1806 3473 unitatetn
1832 3458 1848 3484 ,
1885 3418 2007 3487 quia

415 3522 505 3575 etsi
536 3519 766 3573 videntur
793 3517 846 3569 in
873 3513 1105 3568 Ecclesia
1134 3530 1240 3566 esse
1265 3512 1462 3564 zizania
1480 3553 1494 3574 ,
1531 3527 1631 3563 non
1659 3520 1823 3562 tamen
1846 3510 2008 3576 impe-

417 3614 517 3668 diri
543 3613 683 3666 debet
713 3618 798 3663 aut
825 3609 949 3677 ﬁdes
978 3617 1064 3660 aut
1093 3606 1314 3659 clmritas
1348 3614 1561 3668 nostra;
1587 3613 1640 3655 ut
1666 3602 1903 3671 quoniam
1930 3600 2008 3652 zi-

419 3703 570 3758 sania
597 3718 702 3755 esse
729 3700 783 3752 in
817 3698 1040 3752 Ecclesia
1069 3697 1319 3750 cernimus
1337 3735 1354 3759 ,
1392 3693 1488 3763 ipsi
1519 3693 1581 3744 de
1609 3690 1838 3745 Ecclesia
1876 3706 2011 3743 rece-

421 3797 603 3847 damus
635 3791 824 3860 (Epist.
849 3788 916 3840 ad
939 3785 1267 3856 Maximum).
1299 3785 1520 3838 Istorum
1547 3783 1780 3851 paciﬁca
1807 3781 2014 3850 patien—

421 3884 512 3937 tia:
540 3879 850 3935 conveniret
879 3876 1279 3946 praeclarissima
1325 3875 1439 3927 laus
1479 3873 1597 3935 illa,
1629 3888 1732 3942 qua
1771 3871 2012 3926 laudatur

422 3971 646 4041 angelus
675 3967 922 4022 Ecclesia:
962 3980 1080 4033 qua:
1119 3974 1201 4018 est
1241 3962 1433 4032 Ephesi
1475 3962 1652 4032 (quem
1683 3976 1841 4015 nemo
1869 3970 2014 4015 recte

423 4061 730 4130 intelligens
754 4057 959 4112 dubitat
985 4055 1148 4122 ipsius
1171 4053 1423 4108 Ecclesia:
1449 4065 1658 4121 gestare
1683 4052 2012 4122 personam),

423 4154 508 4209 cui
543 4151 666 4206 dicit
700 4151 750 4204 in
777 4148 1094 4219 Apocalypsi
1124 4147 1350 4216 Spiritus
1371 4186 1386 4211 ,
1420 4145 1540 4199 Scio
1570 4160 1724 4213 opera
1748 4154 1835 4197 tua
1862 4154 1907 4196 et
1931 4145 2012 4197 la-

426 4250 593 4303 borem
622 4255 668 4299 et
699 4245 1007 4313 patientiam,
1036 4252 1080 4296 et
1104 4243 1224 4313 quia
1252 4259 1351 4295 non
1380 4252 1518 4311 potes
1547 4243 1791 4295 sustinere
1817 4241 2016 4306 "talos;

426 4349 474 4393 et
500 4337 698 4392 tentasti
725 4351 809 4389 eos
837 4335 923 4402 qui
951 4350 1004 4386 se
1031 4334 1202 4386 dicunt
1239 4333 1490 4404 apostolos
1519 4349 1624 4386 esse
1644 4373 1658 4394 ,
1684 4341 1729 4386 et
1752 4349 1851 4386 non
1877 4342 2012 4398 sunt,

427 4443 477 4487 et
503 4431 733 4486 invenisti
758 4445 841 4484 eos
869 4429 1166 4491 mendaces;
1191 4438 1236 4480 et
1263 4428 1553 4494 patientiam
1579 4427 1728 4480 habes
1746 4467 1761 4490 ,
1789 4436 1834 4480 et
1859 4427 2016 4479 susti-

428 4525 584 4578 nuisti
614 4538 696 4577 eos
727 4529 931 4591 propter
955 4533 1136 4572 nomen
1162 4533 1349 4582 meum,
1376 4526 1422 4569 et
1448 4533 1546 4570 non
1577 4517 1799 4587 defeciin
1829 4515 2012 4586 (Apoc.

427 4633 465 4672 ιι
487 4657 502 4683 ,
529 4615 587 4679 2,
610 4615 686 4683 5).
713 4613 803 4667 Sic
830 4612 905 4666 illi
935 4611 1214 4664 laudentur
1235 4611 1277 4673 ’,
1308 4609 1394 4678 qui
1423 4611 1472 4662 in
1503 4610 1599 4663 ista
1629 4609 1732 4662 vita
1752 4607 2018 4662 Cmciliani

432 4717 671 4776 tempore
710 4706 956 4769 fuerunt,
999 4704 1085 4772 qui
1131 4711 1348 4772 prepter
1377 4717 1569 4755 nomen
1602 4700 1846 4765 Domini,
1876 4700 2018 4770 quod

430 4802 569 4854 sicut
609 4806 932 4868 unguentum
977 4794 1200 4849 eﬁ’nstim
1249 4809 1343 4862 per
1385 4793 1797 4848 innumerabiles
1834 4801 2020 4862 gentes

435 4900 546 4944 toto
570 4890 676 4957 jam
700 4889 830 4943 orbe
858 4887 1142 4957 fragrahat,
1174 4901 1277 4939 non
1301 4885 1612 4948 deficerent,
1638 4885 2021 4953 patientissime

437 4982 746 5038 sustinendo
771 4983 930 5036 etiam
960 4994 1116 5049 quem
1147 4979 1344 5032 malum
1376 4986 1592 5032 nossent
1621 4995 1634 5031 :
1661 4977 1705 5030 si
1737 4976 1905 5029 malus
1933 4975 2022 5030 ille

439 5080 614 5134 esset,
647 5071 736 5139 qui
762 5085 944 5124 eorum
973 5071 1174 5138 judicio
1203 5070 1320 5124 aliis
1345 5069 1735 5134 demonstrari,
1767 5077 1824 5123 et
1846 5068 1914 5122 ab
1943 5067 2022 5122 eis

440 5163 589 5218 avelli
617 5163 956 5231 separarique
985 5178 1090 5216 non
1124 5170 1320 5231 posset.
1354 5161 1540 5216 Nostra
1583 5162 1682 5215 alia
1722 5174 1879 5215 causa
1917 5168 2017 5226 est,

442 5268 689 5325 srrogare
717 5253 870 5307 nobis
898 5253 1104 5307 laudem
1135 5251 1292 5324 hujus
1321 5253 1586 5321 patientiae
1611 5267 1714 5305 non
1743 5251 2020 5306 debemus.

442 5347 552 5400 Non
584 5345 725 5400 enim
760 5358 1039 5414 possumus
1067 5344 1280 5406 dicere.
1319 5359 1420 5398 nos
1463 5359 1558 5414 pro
1595 5359 1728 5415 pace
1768 5343 2025 5398 tolerasse

443 5437 578 5507 quod
605 5436 669 5491 ad
691 5445 926 5490 nostram
949 5436 1304 5506 cognitionem
1333 5450 1552 5506 prorsus
1572 5451 1677 5491 non
1703 5435 1874 5505 potuit
1898 5450 2023 5506 per-

501 5572 516 5601 ¹
554 5569 656 5620 Sola
682 5570 830 5619 editio
851 5575 982 5626 ιον..
1006 5568 1198 5679 {gerum

501 5633 518 5662 ι
555 5638 616 5678 tta
643 5641 744 5679 MSS.
767 5638 820 5679 Αι
844 5630 978 5679 editi.
1057 5629 1198 5679 udam

498 5633 518 5662 ⁸
555 5638 616 5678 tta
643 5641 744 5680 uss.
767 5638 820 5680 Αι
844 5630 978 5693 editi,
1007 5629 1286 5679 laudantur.

1140 231 1229 283 AD
1271 225 1692 282 DUNATISTAS
1732 221 1900 276 l‘UST
1940 218 2438 287 COLLATIUNEM,
2480 222 2536 277 S.
2578 223 2945 279 AUGUSIINI

3569 228 3678 285 676

2087 329 2284 382 venire.
2316 329 2477 386 Nobis
2505 332 2767 388 Cteciliani
2808 350 2967 389 causa
2997 336 3094 390 sub
3120 336 3374 397 ﬂuctibus
3405 338 3507 394 fuit
3533 359 3549 393 :
3582 358 3691 399 vox

2083 429 2262 475 nostra
2288 422 2404 476 talis
2431 434 2532 486 est,
2558 425 2729 494 qualis
2755 413 3160 482 eltristianarum
3183 433 3427 499 gentium
3455 443 3686 487 οτι-18ης

2084 525 2235 577 rum,
2266 523 2446 566 contra
2481 531 2609 582 quas
2655 517 2738 570 isti
2781 511 2887 572 non
2933 518 3251 574 invenerunt
3287 523 3512 576 omnino
3542 529 3690 594 quod

2084 599 2343 655 dicerent.
2376 603 2754 660 Verumtamen
2786 607 3015 676 ignotam
3045 611 3312 664 Czuciliani
3337 627 3560 666 causam
3594 632 3686 669 re-

2085 701 2169 746 cte
2192 694 2458 750 credimus
2481 697 2694 765 bonam,
2719 715 2874 769 quem
2897 701 3062 756 semel
3089 701 3423 757 inimicorum
3452 703 3687 760 factione

2085 785 2426 853 damnatum,
2478 789 2605 858 ipsis
2641 802 2816 846 autem
2847 795 3220 850 accusantibus
3263 797 3423 852 tertio
3459 799 3686 867 legimus

2087 875 2410 930 absolutum.
2441 881 2544 932 Aut
2579 881 2797 935 credant
2837 884 2920 936 isti
2958 893 3170 938 centum
3213 885 3378 940 ferme
3415 889 3690 957 episcopis

2089 967 2250 1034 partis
2281 967 2466 1022 Donati
2497 969 2564 1024 de
2589 971 2898 1027 criminibus
2928 973 3199 1042 Primiani,
3231 986 3284 1030 et
3316 987 3443 1032 tunc
3469 994 3570 1032 nos
3593 995 3690 1032 co-

2088 1067 2214 1126 gant
2236 1058 2454 1113 credere
2480 1063 2807 1131 septuaginta
2837 1064 3124 1132 majoribus
3149 1067 3259 1120 suis
3279 1067 3348 1122 de
3368 1068 3693 1123 criminibus

2089 1145 2376 1202 C:eciliani.
2407 1151 2553 1215 Quod
2579 1162 2754 1206 autem
2783 1154 2967 1209 dicunt
2987 1155 3329 1212 C:eciliauum
3352 1160 3563 1230 objecta
3586 1164 3687 1215 silui

2092 1238 2144 1292 in
2177 1240 2264 1293 illo
2294 1242 2521 1296 concilio
2558 1244 2776 1298 crimina
2822 1262 2940 1300 cum
2982 1247 3175 1302 absens
3219 1249 3409 1316 fuerit,
3461 1255 3692 1306 tacendo

2093 1329 2333 1386 ﬁrmasse
2364 1350 2376 1385 :
2411 1332 2636 1388 firmavit
2677 1351 2804 1405 ergo
2842 1347 2893 1390 et
2925 1337 3222 1393 Primianus
3264 1341 3527 1408 crimina,
3570 1362 3693 1413 qua:

2092 1436 2121 1475 a
2151 1433 2361 1477 ccntum
2407 1425 2674 1496 episc0pis
2723 1429 2821 1482 sibi
2868 1430 3074 1499 objecta
3118 1447 3216 1486 nec
3259 1443 3448 1502 postea
3496 1435 3690 1490 saltem

2093 1514 2389 1569 ostenditur
2413 1516 2651 1572 diluisse.

2166 1605 2253 1660 58.
2296 1606 2399 1662 Sed
2430 1607 2706 1675 videlicet,
2738 1627 2830 1664 nec
2859 1615 3010 1664 causa
3041 1628 3206 1666 causcc
3230 1615 3535 1684 prarjudicat
3555 1659 3571 1680 ,
3601 1634 3692 1668 nec

2095 1711 2310 1763 persona
2331 1713 2579 1765 pet-some,
2605 1715 2670 1754 ne
2694 1716 2815 1769 pars
2837 1702 3022 1756 Donati
3045 1704 3314 1760 minuatur
3338 1724 3351 1760 :
3375 1707 3694 1778 prmjudicit

2095 1795 2304 1854 autem,
2337 1797 2394 1841 ut
2421 1787 2616 1846 Christi
2647 1791 2931 1848 hmreditas
2969 1793 3253 1850 dividatur.
3295 1799 3378 1851 An
3406 1814 3538 1853 vero
3568 1799 3692 1853 (Σειιο

2095 1877 2273 1933 ciliani
2315 1895 2474 1935 causa
2518 1897 2623 1936 non
2670 1884 2974 1952 prtejudicat
3005 1886 3187 1939 ttnitati
3218 1886 3498 1942 catholica:
3526 1905 3690 1958 quam

2099 1977 2372 2035 tenemus,
2420 1978 2477 2026 et
2512 1972 2662 2041 cujus
2707 1974 2962 2028 societate
2999 1975 3324 2045 gaudemus,
3366 1993 3490 2031 cum
3531 1977 3694 2032 fuerit

2097 2061 2410 2117 Carcilianus
2432 2063 2863 2134 Carthaginensis
2883 2067 3195 2136 episc0pus;
3225 2079 3277 2122 et
3303 2060 3613 2138 pra-judicat
3637 2071 3690 2125 ei

2098 2167 2255 2206 causa
2280 2152 2486 2208 Novelli
2515 2154 2818 2226 Tyzicensis
2837 2198 2851 2221 ,
2882 2156 3115 2210 Faustini
3142 2158 3518 2222 Tuburbitani,
3555 2176 3692 2229 quos

2100 2259 2197 2299 nec
2235 2246 2564 2300 aceusandos
2599 2254 2781 2316 postea
2812 2247 2947 2301 sicut
2974 2247 3318 2303 Caecilianum
3353 2248 3693 2318 Felicemque

2102 2345 2452 2404 putaverunt;
2484 2353 2705 2408 quorum
2753 2339 3000 2404 nomina,
3047 2339 3156 2394 imo
3193 2355 3321 2395 vero
3364 2342 3595 2410 ipsarum
3635 2343 3690 2394 in

2101 2429 2293 2499 quibus
2321 2428 2531 2484 fuerunt
2557 2429 2826 2484 civitatum
2851 2430 3061 2484 nomina
3085 2472 3098 2494 ,
3127 2445 3225 2485 nec
3254 2432 3519 2487 universre
3546 2432 3690 2486 Afri-

2102 2533 2178 2572 cae
2207 2527 2327 2571 nota
2355 2527 2496 2581 sunt,
2536 2527 2627 2572 aut
2657 2518 2880 2574 fortasse
2913 2535 3012 2574 nec
3037 2519 3296 2575 universa:
3319 2521 3689 2575 l’roeonsulari

2102 2608 2432 2678 provineizn?
2459 2610 2598 2664 Ecce
2626 2625 2850 2678 quorum
2891 2609 3264 2679 pisciculorum
3283 2652 3296 2675 ,
3329 2612 3537 2666 etiamsi
3566 2614 3690 2665 mali

2105 2698 2344 2766 fuerunt,
2381 2709 2484 2754 tam
2532 2701 2582 2754 in
2627 2700 2885 2772 profundo
2932 2702 3206 2756 latentium
3249 2717 3466 2757 causam
3510 2705 3690 2758 volunt

2105 2791 2454 2860 pra-judicare
2474 2807 2650 2846 causa:
2674 2801 2832 2846 tanta:
2855 2791 3180 2862 piscationis,
3204 2792 3355 2861 cujus
3379 2795 3531 2863 plena
3560 2797 3690 2848 retia

2108 2891 2217 2937 toto
2243 2882 2372 2937 orbe
2397 2881 2585 2936 diffusa
2625 2892 2782 2948 sunt,
2814 2883 2902 2952 qui
2944 2881 3174 2952 piscibus
3206 2882 3356 2952 juxta
3390 2883 3692 2937 natantibus

2106 2975 2191 3029 vix
2237 2976 2346 3030 noti
2394 2991 2513 3030 esse
2557 2971 2860 3045 potuerunt.
2899 2974 3007 3030 Cur
3045 2984 3221 3029 autem
3263 2990 3367 3029 non
3412 2976 3691 3030 credamus

2108 3066 2266 3121 etiam
2296 3067 2425 3120 istos
2451 3067 2759 3121 innocentes
2784 3066 2979 3129 fuisse;
3007 3065 3218 3136 quando
3248 3081 3345 3120 nec
3370 3067 3604 3119 accusari
3626 3066 3692 3119 ab

2108 3157 2215 3222 eis,
2245 3157 2379 3210 sicut
2409 3157 2514 3210 dixi
2534 3199 2547 3220 ,
2579 3167 2759 3226 postea
2793 3167 3132 3222 meruerunt,
3160 3165 3214 3211 et
3244 3157 3333 3210 ille
3367 3157 3571 3225 purgari
3601 3171 3690 3222 po-

2112 3247 2244 3312 tuit,
2277 3262 2433 3316 quem
2473 3247 2701 3316 majores
2729 3262 2910 3301 eorum
2943 3246 3204 3301 malorum
3233 3247 3470 3300 ninnium
3499 3246 3688 3299 fontem

2112 3337 2164 3390 in
2189 3337 2397 3391 concilii
2429 3337 2568 3391 illius
2596 3337 2804 3391 inimica
2836 3336 3226 3406 conspiratione
3255 3337 3544 3391 dixerunt?

2185 3428 2409 3482 CAPUT
2451 3427 2635 3481 XXlll.
2666 3458 2736 3466 —
2756 3429 2846 3482 39.
2881 3426 2984 3482 Sed
3016 3428 3270 3496 qualescu
3304 3443 3460 3496 mque
3487 3427 3567 3480 isti
3581 3426 3691 3480 fuc-

2114 3528 2256 3582 runt,
2281 3519 2404 3588 quid
2432 3519 2655 3587 pertinet
2676 3518 2740 3571 ad
2766 3518 2899 3571 nos?
2924 3517 3105 3587 Neque
3128 3519 3270 3572 enim
3303 3534 3432 3572 vere
3463 3533 3563 3572 non
3600 3535 3688 3571 no-

2116 3609 2196 3664 bis
2222 3609 2536 3673 concednnt,
2562 3618 2618 3663 ut
2645 3609 2865 3662 istorum
2892 3608 3070 3662 nescio
3100 3624 3325 3678 quorum
3354 3624 3513 3662 causa
3539 3618 3689 3677 atque

2116 3715 2340 3769 persona
2355 3715 2458 3752 non
2482 3699 2790 3768 pra‘judicet
2831 3713 3007 3753 causa:
3028 3707 3186 3767 atque
3240 3714 3484 3768 persona:
3514 3699 3688 3752 Eccle-

2115 3795 2207 3847 si:c
2234 3793 2526 3858 catholica',
2547 3793 2588 3845 si
2617 3808 2706 3845 nec
2735 3807 2887 3844 causa
2916 3807 3083 3844 causa:
3111 3791 3430 3860 prwjudicat,
3461 3806 3551 3844 nec
3577 3806 3688 3858 pero

2115 3901 2240 3938 soua
2270 3899 2514 3954 personae.
2545 3883 2606 3937 Et
2638 3892 2811 3936 tamen
2840 3881 3095 3950 objiciunt
3126 3881 3299 3948 nobis,
3321 3890 3374 3932 ut
3405 3879 3573 3933 adhuc
3604 3892 3688 3930 vos

2119 3979 2393 4042 seducunt,
2421 3976 2558 4044 quod
2586 3991 2770 4030 aurum
2818 3975 2980 4042 judici
3035 3971 3360 4032 dederimus.
3398 3982 3456 4026 ut
3484 3987 3574 4040 pro
3593 3987 3686 4023 no-

2119 4069 2392 4124 biscontra
2424 4069 2539 4120 illos
2572 4065 2886 4120 sententiam
2933 4064 3153 4118 diceret.
3183 4061 3290 4116 Vos
3317 4061 3497 4127 dicite,
3521 4062 3560 4114 si
3598 4075 3684 4129 po-

2121 4159 2292 4224 testis,
2325 4166 2578 4228 quantum
2593 4156 2720 4210 dare
2745 4155 3084 4209 debuerimus
3119 4152 3305 4206 electis
3335 4151 3688 4206 defensoribus

2121 4249 2384 4319 episcopis
2411 4249 2618 4304 vestris.
2645 4256 2700 4300 ut
2745 4257 2885 4300 tanta
2925 4255 3106 4299 contra
3130 4259 3186 4299 se
3216 4259 3311 4313 pro
3334 4244 3485 4297 nobis
3514 4243 3592 4296 vel
3620 4242 3687 4295 di-

2122 4343 2399 4397 cerentvcl
2433 4340 2748 4411 proferrent.
2781 4338 2941 4392 utsic
2962 4346 3179 4407 agerent
3200 4351 3415 4391 causam
3436 4344 3683 4395 nostram,

2122 4433 2198 4486 sic
2253 4432 2573 4500 perimcreut
2625 4429 2818 4481 suam?
2850 4427 3040 4493 Quanti
3071 4441 3249 4479 emere
3289 4425 3582 4488 debuimus,
3639 4432 3686 4475 ut

2125 4532 2243 4593 post
2285 4523 2445 4576 verba
2511 4519 2761 4574 Primiani
2807 4518 2995 4587 quibus
3041 4517 3270 4578 dixerat,
3302 4514 3572 4584 Indignum
3623 4521 3684 4566 est

2125 4624 2177 4667 ut
2208 4614 2261 4666 in
2303 4629 2458 4666 unum
2485 4611 2778 4665 conveniant
2804 4609 2899 4678 ﬁlii
2929 4618 3204 4677 martyrum
3230 4615 3276 4658 et
3303 4609 3562 4676 progenies
3589 4615 3682 4655 tra-

2125 4706 2366 4766 ditarum,
2425 4702 2666 4756 venirent
2719 4709 2916 4763 tamen,
2951 4706 3029 4752 'et
3073 4698 3123 4752 in
3182 4713 3345 4749 unum
3404 4696 3681 4750 nobiscum.

2125 4796 2266 4868 quod
2307 4794 2582 4864 indignum
2631 4809 2750 4847 esse
2796 4791 3058 4856 dixerant,
3101 4788 3486 4844 convenirent?
3515 4784 3682 4852 Quanti

2127 4902 2306 4942 emere
2333 4885 2637 4950 debuimus,
2670 4892 2727 4938 ut
2774 4897 2927 4936 more
2985 4879 3271 4934 forensium
3328 4879 3681 4931 adruentorum

2127 4977 2194 5032 de
2245 4975 2571 5046 temporibus
2620 4984 2673 5029 et
2701 4973 2910 5038 diebus,
2955 4971 3022 5024 de
3073 4969 3316 5038 personis
3353 4970 3513 5022 etiam
3555 4965 3681 5019 nobis

2129 5067 2475 5138 perscribere
2505 5073 2845 5126 conarentur,
2874 5071 2922 5115 et
2979 5060 3055 5113 sic.
3103 5058 3354 5112 omnibus
3386 5055 3683 5110 hominibus.

2130 5161 2285 5216 etiam
2332 5159 2433 5213 illis
2458 5157 2547 5226 qui
2601 5163 2811 5208 nostras
2853 5150 3241 5218 disputationes
3271 5147 3564 5214 intelligere
3599 5157 3681 5194 non

2130 5259 2366 5323 possent.
2395 5250 2524 5304 satis
2555 5254 2736 5317 aperte
2766 5247 3124 5297 monstrarent
3170 5253 3332 5308 quam
3366 5236 3552 5289 malam
3580 5246 3682 5286 cau-

2130 5359 2242 5399 sam
2275 5341 2552 5402 haberent,
2582 5353 2737 5409 quam
2771 5333 3009 5404 proferre
3053 5339 3107 5385 et
3131 5343 3288 5398 agere
3336 5328 3413 5380 sic
3461 5325 3682 5379 timebant

2131 5433 2268 5504 apud
2295 5448 2414 5488 eum
2442 5430 2695 5500 judicetn,
2725 5426 2876 5495 cujus
2908 5439 3030 5493 erga
3058 5438 3116 5476 se
3129 5419 3506 5490 benignitatem
3547 5426 3677 5486 atque

2131 5523 2391 5594 justitiam
2438 5529 2583 5575 tanto
2614 5516 2882 5588 prmconio
2914 5511 3277 5574 laudaveram,
3310 5518 3362 5562 et
3389 5508 3537 5576 cujus
3583 5521 3675 5558 tuo-

2138 5593 2247 5671 tum
2273 5613 2554 5672 adversum
2599 5625 2658 5666 se
2708 5607 2910 5664 nullmn
2943 5602 3116 5659 adhuc
3167 5599 3491 5656 senseram?
3519 5593 3680 5666 Quanti
