3778 6138
50 251 141 303 77

6 374 259 417 emere
298 354 603 417 debuimus,
635 358 693 405 ut
740 346 845 419 ipsi
872 343 1068 401 deinde
1115 340 1394 412 exigerent
1438 350 1543 391 non
1570 349 1659 389 se-

2 464 173 506 cum
215 448 309 520 agi
338 445 538 501 debere
578 439 876 498 forensibus
927 432 1190 499 formulis,
1235 428 1329 485 sed
1357 425 1548 520 divinis
1571 437 1666 494 pe-

4 550 153 595 tius
183 516 547 602 testimoniis,
573 541 631 588 et
668 530 736 587 de
764 524 1056 598 Scripturis
1082 521 1281 578 sanctis
1331 516 1578 574 similiter
1606 528 1666 569 se

12 640 443 700 responsuros
466 636 591 680 esse
637 617 1051 692 promitterent:
1080 621 1135 668 et
1179 624 1301 667 cum
1355 604 1664 663 mandatum

8 699 290 775 concilii
314 712 585 778 catholici,
637 709 779 782 quod
827 706 1212 768 obtuleramus,
1268 699 1547 755 recitatum
1578 708 1667 751 es-

20 820 152 875 set,
192 817 373 879 atque
398 807 451 862 in
482 819 549 861 eo
578 801 709 874 ipsis
740 800 900 855 etiam
931 792 1313 852 conﬁtentibus
1359 787 1664 849 claruisset,

22 874 151 955 nos
193 874 466 955 Ecclesia:
494 891 767 949 catholica:
797 884 1157 943 ‘AteStimoniis
1181 888 1485 939 sanctarum
1528 874 1674 933 Scri-

25 1001 362 1063 ptus-arum
386 1000 544 1058 agere
580 983 835 1048 voluisse,
868 994 1054 1035 rursus
1084 985 1345 1047 tanquam
1365 971 1518 1027 obliti
1538 967 1672 1040 quid

30 1059 158 1139 sibi
197 1082 425 1152 placere
461 1077 740 1139 dixissent,
783 1071 851 1127 ad
902 1068 1117 1127 easdem
1162 1066 1402 1121 forenses
1433 1059 1678 1134 prescri-

32 1173 299 1245 ptiones
322 1162 595 1242 perpleakis
645 1174 703 1220 et
742 1161 945 1219 odiosis
987 1153 1424 1216 contentionibus
1459 1165 1673 1207 remea-

30 1271 192 1320 rent
224 1261 256 1316 τ

129 1350 246 1407 40.
274 1346 474 1418 Quanti
500 1360 683 1403 emere
703 1342 1007 1409 debuimus,
1031 1345 1090 1394 ut
1112 1335 1558 1405 subscriptionem
1582 1345 1680 1386 no-

40 1451 350 1506 strarum,
397 1453 518 1510 quae
548 1437 603 1491 in
628 1434 818 1491 eodem
869 1429 1121 1487 mandato
1148 1424 1675 1489 demonstrabantur,

47 1530 483 1590 numerositate
518 1524 797 1592 common,
821 1523 1099 1593 exigerent
1136 1520 1296 1575 totius
1337 1514 1552 1572 concilii
1582 1527 1680 1569 no-

54 1624 171 1682 stri
198 1619 593 1696 praesentiam;
620 1630 689 1672 ex
715 1629 822 1686 quo
864 1611 1096 1668 concilio
1140 1607 1352 1664 nonnisi
1393 1606 1580 1661 decem
1626 1612 1681 1659 et

57 1724 209 1772 octo
261 1709 564 1769 secundum
611 1706 846 1763 edictum
908 1700 1212 1774 Cognitoris
1255 1698 1578 1761 aderamus,
1630 1701 1687 1750 et

60 1805 454 1880 quaestionem
497 1800 745 1858 falsitatis
783 1798 1075 1862 inferrent,
1127 1792 1267 1864 quod
1312 1791 1402 1847 alii
1444 1804 1540 1861 pro
1568 1788 1687 1844 aliis

64 1897 440 1956 subscribere
484 1890 817 1966 potuerunt?
844 1889 933 1945 Sic
967 1887 1111 1944 enim
1160 1890 1470 1957 perventum
1501 1889 1602 1945 est,
1630 1888 1689 1934 at

58 2000 284 2048 eorum
301 2000 520 2060 quoque
560 1996 816 2039 numerus
864 1984 1251 2040 recenseretur,
1300 1981 1355 2029 et
1397 1971 1497 2042 ipsi
1524 1970 1579 2025 in
1625 1984 1689 2025 ea

69 2079 338 2136 falsitate
360 2074 906 2149 deprehenderentur,
934 2067 1086 2139 cujus
1129 2067 1185 2121 in
1210 2081 1306 2121 nos
1333 2062 1690 2135 suSpicionem

74 2170 391 2228 intendere
413 2167 701 2222 voluerunt
730 2181 744 2219 :
766 2162 841 2217 ita
868 2169 928 2216 ut
951 2174 1056 2215 non
1102 2157 1273 2212 solum
1291 2154 1504 2225 quidam
1526 2154 1577 2208 in
1600 2167 1694 2209 eo-

71 2277 216 2319 rum
246 2258 505 2316 mandato
527 2256 833 2327 legerentur
849 2248 1231 2320 subscripsisse
1252 2262 1348 2317 pro
1359 2244 1692 2312 absentibus,

74 2355 182 2426 qui
212 2368 325 2410 nec
351 2348 723 2420 Carthaginem
767 2351 1061 2404 venerant;
1093 2354 1278 2397 verum
1305 2340 1471 2395 etiam
1502 2352 1696 2409 quem-

80 2445 223 2501 dam
264 2442 622 2500 recitatumet
649 2452 758 2493 non
790 2432 1218 2505 respondentem
1235 2445 1359 2486 cum
1402 2429 1454 2484 in
1506 2428 1699 2483 itinere

79 2532 375 2589 defecisse
395 2528 674 2592 dixissent,
727 2523 1117 2596 quazsitumque
1156 2519 1225 2574 ab
1252 2518 1331 2574 eis
1370 2525 1535 2583 esset,
1562 2531 1698 2587 quo-

84 2621 270 2679 modo
286 2618 435 2692 apud
472 2615 851 2686 Carthaginem
881 2610 1220 2668 subscribam
1268 2607 1501 2678 potuerit
1523 2605 1613 2676 qui
1648 2606 1700 2660 in

80 2713 307 2769 itinere
323 2710 435 2780 jam
460 2705 756 2771 defecerat;
788 2710 910 2774 post
933 2713 1152 2772 magnas
1189 2695 1463 2765 angustias
1491 2703 1703 2765 pertur-

93 2801 349 2859 bationis
368 2807 532 2869 atque
556 2792 909 2852 inconstantis
929 2800 984 2847 et
1007 2789 1168 2845 variae
1184 2783 1552 2857 responsionis
1569 2799 1702 2851 sum,

95 2908 214 2948 non
244 2889 576 2952 venientem,
599 2884 694 2941 sed
722 2892 1069 2955 posteaquam
1110 2876 1446 2946 subscripsit,
1480 2873 1548 2929 ad
1576 2890 1705 2945 pro-

100 2983 225 3054 pria
253 2988 589 3039 remeantem
635 2977 690 3031 in
744 2974 935 3029 itinere
984 2968 1248 3026 defecisse
1295 2975 1701 3022 asseverarcnt:

99 3070 314 3130 deinde
355 3069 454 3125 sub
503 3066 679 3123 divina
721 3060 1099 3120 testilicatione
1144 3056 1473 3128 interrogati,
1530 3064 1707 3110 utrum

102 3179 238 3220 eum
266 3166 543 3219 constaret
565 3157 728 3213 fuisse
751 3151 1077 3223 Carthagini,
1100 3148 1469 3206 vehementius
1484 3155 1706 3213 pertur-

105 3254 224 3309 bati
248 3251 519 3316 dicerent,
551 3246 707 3315 Quid,
749 3244 939 3300 sialius
980 3257 1034 3296 se
1057 3256 1149 3312 pro
1175 3238 1350 3293 eodem
1371 3237 1607 3307 apposuit
1634 3238 1654 3269 ¹
1681 3237 1704 3289 ?

108 3353 283 3416 atque
306 3343 385 3398 ita
400 3340 577 3396 verbis
592 3339 703 3394 suis
718 3334 1003 3391 falsitatem
1020 3346 1176 3401 quam
1194 3329 1350 3384 nobis
1375 3327 1705 3397 objecerant,

110 3435 170 3488 in
196 3447 304 3489 suo
331 3430 582 3487 mandato
628 3423 964 3497 apparuisse,
1018 3429 1073 3478 et
1119 3418 1415 3477 convictam
1453 3416 1711 3470 claruisse

112 3525 426 3581 ﬁrmarent.

183 3611 429 3676 CAPUT
466 3607 656 3666 XXIV.
691 3635 757 3648 -
781 3606 871 3661 4|.
895 3603 1087 3673 Quanti
1117 3615 1297 3657 emere
1320 3598 1623 3660 debuimus,
1657 3606 1715 3651 ut

116 3721 246 3762 cum
278 3702 487 3758 vellent
508 3699 575 3754 de
615 3696 997 3752 numerositate
1040 3690 1280 3762 gloriari,
1323 3689 1483 3745 etiam
1514 3688 1564 3741 in
1611 3687 1717 3741 hoc

118 3792 411 3852 mendacia
440 3805 535 3846 sua
588 3784 923 3858 proderent?
950 3783 1081 3839 Nam
1107 3796 1229 3836 cum
1277 3779 1547 3848 aliquanto
1597 3791 1712 3831 am-

123 3884 268 3955 plior
294 3889 604 3937 nostrorum
632 3887 886 3930 numerus
927 3870 1202 3935 adfuisset,
1244 3868 1551 3937 dictumque
1571 3880 1602 3920 a
1623 3879 1719 3919 no-

123 3975 210 4032 bis
232 3979 407 4037 esset,
446 3970 582 4024 alios
626 3974 841 4021 centum
865 3961 1035 4017 ferme
1085 3959 1365 4029 episcopos
1405 3956 1715 4022 catholicos,

118 4065 332 4137 partim
371 4066 645 4117 senectute
674 4098 692 4124 ,
737 4054 927 4126 partim
972 4050 1313 4115 valetudine,
1365 4047 1557 4118 partim
1624 4045 1709 4101 di-

127 4134 307 4211 versis
359 4146 760 4205 necessitatibus
812 4141 1094 4213 impeditos
1166 4153 1273 4194 non
1326 4138 1538 4192 venisse
1586 4134 1719 4190 Car-

130 4246 445 4318 thaginem;
492 4241 568 4296 illi
605 4238 708 4293 hoc
744 4235 961 4302 audito,
1001 4232 1166 4287 multo
1213 4230 1393 4300 plures
1442 4241 1571 4282 suos
1615 4241 1721 4281 non

132 4337 354 4396 venisse
380 4333 651 4388 dixerunt.
678 4327 829 4384 Sicut
869 4326 1031 4381 etiam
1073 4336 1213 4377 nunc
1252 4319 1370 4390 plus
1397 4334 1558 4388 quam
1588 4333 1722 4387 qua-

134 4427 453 4496 dringentos
472 4436 568 4492 per
587 4426 750 4474 totam
777 4414 1007 4470 Africam
1050 4427 1110 4468 se
1146 4425 1267 4467 esse
1285 4408 1572 4478 iactantes,
1593 4406 1726 4460 obli-

139 4518 178 4572 ti
226 4526 360 4573 sunt
408 4510 552 4583 quod
609 4508 664 4564 in
713 4519 809 4561 sua
863 4502 1070 4559 notoria
1095 4501 1116 4531 ³
1168 4506 1503 4571 posuerunt,
1558 4510 1728 4565 usque

138 4607 373 4665 adeoase
391 4615 580 4659 omnes
593 4598 803 4654 venisse
822 4593 1219 4664 Carthaginem,
1251 4598 1307 4644 ut
1330 4590 1407 4645 eis
1422 4587 1551 4642 solis
1575 4600 1730 4642 exec-

143 4698 250 4768 ptis
270 4708 410 4766 quos
433 4691 517 4748 vel
538 4691 590 4746 in
618 4687 847 4760 propriis
890 4684 1124 4750 sedibus,
1153 4682 1238 4737 vel
1272 4682 1322 4736 in
1351 4681 1538 4735 itinere
1564 4678 1732 4733 tenuit

144 4785 394 4859 corporis
421 4780 701 4854 agritudo,
738 4793 838 4834 nec
883 4775 1225 4849 gravissimos
1268 4787 1425 4827 senes
1463 4771 1733 4826 annositas

148 4890 203 4936 et
231 4880 387 4937 labor
430 4873 618 4947 prolixi
668 4869 874 4927 itineris
911 4865 1144 4939 potuerit
1187 4862 1468 4933 impedire.
1490 4862 1558 4916 Et
1586 4861 1735 4916 lectu:

150 4982 280 5028 sunt
315 4973 370 5025 in
419 4966 671 5024 mandato
709 4977 892 5019 eorum
948 4958 1385 5026 subscriptiones,
1427 4956 1560 5008 sicut
1601 4953 1735 5008 facta

147 5061 532 5138 supputatione
586 5053 862 5127 respondit
909 5050 1176 5113 Ofﬁcium,
1215 5047 1460 5102 ducentae
1516 5054 1733 5113 septua-

155 5133 302 5226 ginta
326 5143 959 5216 novcm‘,aunumcratis
998 5140 1157 5195 etiam
1203 5138 1337 5192 iisin
1367 5135 1558 5206 quibus
1598 5133 1741 5188 falsi-

223 5311 241 5340 ⁸
278 5311 421 5355 Forte
441 5302 521 5351 hic
542 5297 831 5370 addendum,
855 5305 1066 5345 causam.

225 5371 248 5401 ³
280 5376 411 5423 ιιεεη
429 5367 662 5425 apposuit.

228 5430 249 5462 ³
278 5408 416 5482 idid:
433 5408 643 5495 Wa.
667 5416 965 5477 manuscripti
1002 5426 1120 5464 vero
1150 5415 1426 5462 constanter
1451 5415 1552 5459 toto
1572 5409 1663 5458 hoc
1684 5408 1745 5458 li-

165 5490 269 5583 br?
287 5495 658 5609 gfcmnes
669 5548 798 5593 Mss,
812 5539 1030 5609 ducenta:
1045 5533 1341 5609 septuaginta
1360 5538 1484 5609 “:88;
1511 5539 1563 5609 ﬁt
1581 5533 1634 5609 in
1647 5530 1747 5603 cel.

169 5590 726 5671 htlonEIpartve—ﬁima,
750 5590 856 5671 cap.
882 5597 990 5671 2):),
1017 5590 1148 5671 etin
1166 5590 1436 5671 breviculo
1453 5590 1739 5649 Collationis,

172 5655 445 5735 WE};
470 5655 505 5717 φ
545 5655 623 5725 36,
647 5655 1107 5725 tegunturttuccuta'
1128 5655 1423 5722 septuaginta
1446 5667 1626 5703 ηοῐνίιι·

1482 218 1684 275 LIBER
1726 215 1925 273 UNUS.

3146 226 3152 231 ’
3232 215 3340 272 078

1769 342 1849 387 tas
1866 330 2193 402 deprehensa
2222 340 2322 397 est,
2353 340 2409 386 et
2434 332 2522 402 qui
2557 345 2651 401 pro
2679 329 2986 385 absentibus
3012 329 3347 402 subscripse-

1768 433 1905 489 rant,
1935 423 2076 494 quod
2105 421 2417 493 regritudine
2461 422 2658 477 detentt
2711 436 2816 477 non
2858 421 3125 493 potuerint
3165 420 3348 476 venire

1769 513 2159 586 Carthaginem.
2209 513 2487 582 Quomodo
2514 528 2643 585 ergo
2667 529 2849 569 verum
2887 524 2969 568 est
2996 513 3176 582 plures
3210 529 3345 584 qua-

1770 603 2063 675 dringentis
2087 619 2182 659 eos
2217 619 2357 670 esse,
2384 602 2597 674 quando
2625 603 2743 658 illos
2782 604 2924 657 solos
2966 602 3347 674 Carthaginem

1772 710 1879 750 non
1899 696 2106 751 venisse
2123 695 2387 759 dixerunt,
2419 709 2554 765 quos
2574 694 2821 750 valetudo
2845 694 3082 763 corporis
3111 693 3343 763 impedi-

1773 789 1850 843 vit
1880 806 1893 843 :
1931 802 2052 842 cum
2072 798 2126 843 et
2156 801 2251 856 pro
2290 787 2420 859 ipsis
2435 786 2747 855 quibusdam
2777 785 2864 840 alii
2892 785 3347 854 subscripserunt;

1775 886 1836 932 ut
1860 892 1965 932 non
1987 877 2231 933 dicamus
2268 876 2371 932 hoc
2418 891 2516 947 pro
2549 878 2797 931 omnibus
2826 876 3202 947 mgrotantibus
3228 890 3352 931 esse

1777 964 2015 1023 factum?
2043 970 2126 1022 An
2157 967 2292 1024 forte
2320 968 2398 1022 sic
2425 983 2519 1023 eos
2547 969 2813 1022 invaserat
2843 967 3157 1038 pestilentia,
3186 976 3243 1022 ut
3261 983 3355 1022 eo-

1776 1076 1897 1118 rum
1923 1061 2129 1115 tertiam
2162 1069 2362 1131 partem
2392 1069 2609 1130 repente
2642 1069 3002 1131 prosterneret
3021 1060 3045 1114 ?
3064 1060 3151 1116 Sic
3178 1070 3356 1115 autem

1778 1169 1811 1209 a
1837 1153 2061 1224 primate
2081 1168 2180 1207 suo
2204 1156 2220 1185 ¹
2255 1169 2348 1222 per
2404 1153 2707 1207 tractorium
2754 1152 3210 1217 fncrantevocati,
3254 1167 3355 1222 quo

1780 1242 2131 1315 pmtermissis
2176 1242 2405 1296 omnibus
2453 1252 2777 1313 properarent
2821 1243 3082 1296 convenire
3132 1240 3353 1297 Cartha-

1780 1336 1968 1407 ginem,
1991 1344 2045 1389 ut
2064 1335 2244 1389 scirent
2265 1350 2318 1388 se
2344 1334 2593 1405 decepisse
2616 1335 2636 1365 '
2658 1333 2793 1403 quod
2836 1332 3070 1388 haberent
3112 1334 3358 1404 optimum

1782 1426 1835 1480 in
1858 1443 2031 1492 causa,
2059 1425 2357 1497 quicumque
2382 1426 2548 1477 venire
2590 1424 2884 1478 noluissent.
2938 1424 3049 1478 lloc
3077 1433 3191 1479 erat
3212 1423 3360 1477 vide-

1785 1517 1908 1572 licet
1931 1516 2188 1586 Optimum
2216 1515 2268 1569 in
2303 1530 2483 1582 causa,
2541 1524 2598 1567 ut
2645 1515 2829 1584 ingens
2876 1529 3060 1568 eorum
3112 1529 3366 1568 numerus

1784 1613 2068 1680 appareret
2098 1605 2285 1676 :quasi
2304 1614 2450 1660 tanto
2488 1604 2607 1675 plus
2638 1605 2804 1673 prosit
2840 1604 2906 1659 ad
2935 1605 3130 1675 aliquid
3159 1604 3367 1660 facilius

1788 1697 2185 1762 inveniendum,
2215 1706 2415 1766 quanto
2442 1697 2612 1764 major
2640 1693 2799 1749 fuerit
2844 1695 3193 1765 quaerentium
3225 1694 3365 1748 mul-

1790 1788 1962 1846 titudo
1981 1802 2243 1843 caecorum
2264 1788 2278 1842 ε

1861 1881 1951 1937 42.
1978 1881 2167 1949 Quanti
2192 1878 2688 1946 emeredebuimus,
2718 1888 2774 1933 ut
2827 1880 2879 1933 in
2926 1878 3069 1934 diem
3120 1878 3370 1948 perendi-

1790 1990 1919 2030 num
1948 1973 2187 2043 utrisque
2212 1978 2450 2026 nostrum
2491 1970 2943 2026 consentientibus
2971 1969 3270 2037 cognitione
3285 1966 3370 2022 di-

1792 2066 1924 2131 lata,
1954 2064 2124 2136 pridie
2153 2078 2249 2133 per
2274 2063 2534 2118 notoriam
2580 2071 2839 2132 peterent,
2885 2070 2937 2117 ut
2984 2062 3084 2115 sibi
3131 2071 3369 2115 nostrum

1797 2156 2101 2214 mandatum
2129 2154 2198 2209 ab
2234 2154 2421 2210 Ofﬁcio
2444 2153 2714 2219 ederetur,
2743 2169 2846 2223 quo
2891 2153 3133 2207 instructi
3182 2151 3373 2207 adesse

1798 2255 2043 2320 possent;
2069 2254 2349 2302 causantes
2377 2244 2515 2315 quod
2538 2244 2936 2299 conscribendis
2953 2245 3116 2314 gestis
3145 2253 3251 2298 tam
3278 2259 3381 2297 an-

1798 2345 1952 2408 gusto
1979 2347 2219 2407 tempore
2255 2351 2539 2390 occurrere
2579 2350 2683 2389 non
2737 2345 2917 2404 posset
2955 2333 3249 2388 Officium?
3292 2334 3383 2389 Sic

1800 2432 1943 2485 enim
1987 2427 2181 2483 factum
2210 2435 2366 2481 estut
2409 2424 2652 2495 sequenti
2682 2423 2768 2477 die
2807 2424 3146 2493 cognitionis,
3188 2439 3378 2492 quatu-

1802 2519 1885 2574 vis
1936 2518 2185 2586 injustam
2228 2526 2469 2586 peterent
2500 2514 2541 2580 ³,
2572 2515 2876 2583 acciperent
2914 2512 3223 2569 dilationem
3254 2530 3267 2566 :
3294 2513 3385 2581 qui

1804 2608 2136 2665 considerata
2156 2622 2335 2668 causa,
2362 2622 2478 2676 qnze
2507 2605 2756 2660 mandato
2782 2613 2966 2659 nostro
2996 2615 3103 2658 tota
3145 2605 3387 2659 contine-
3463 2658 3466 2661 Α

1806 2700 1980 2765 batur,
2003 2712 2220 2767 magnas
2249 2696 2578 2766 patiebantur
2590 2694 2880 2764 angustias,
2901 2694 3344 2748 convincerentur
3362 2693 3387 2725 ’⁵

1810 2798 1986 2844 tamen
2037 2795 2219 2842 contra
2265 2795 2392 2841 suos
2445 2784 2630 2839 venire
2695 2798 3006 2839 consensus.
3051 2783 3186 2849 Quid
3245 2784 3387 2838 enim

1804 2881 2017 2950 iustius,
2048 2894 2205 2949 quam
2231 2886 2411 2948 petere
2440 2876 2743 2931 dilationem
2775 2883 2916 2929 tanta
2950 2876 3184 2930 veritatis
3215 2875 3384 2930 ﬁrmi-

1812 2980 1919 3027 tate
1944 2969 2228 3024 turhatos?
2265 2965 2413 3035 Quod
2426 2967 2505 3021 eis
2534 2966 2733 3021 utinam
2782 2966 3086 3035 profuisset,
3118 2976 3177 3020 ut
3208 2967 3387 3020 consi-

1811 3064 1998 3119 derato
2049 3059 2298 3115 mandato
2348 3068 2531 3113 nostro
2562 3099 2577 3123 ,
2635 3056 2720 3111 cui
2778 3056 3100 3126 respondere
3176 3056 3393 3112 minime

1812 3161 2117 3224 potuerunt,
2147 3150 2411 3218 corrigere
2438 3148 2610 3219 potius
2630 3148 2959 3216 pravitatem,
2983 3161 3139 3216 quam
3170 3146 3220 3200 in
3243 3146 3394 3201 dete-

1814 3244 1925 3298 rius
1947 3255 2141 3311 augere
2188 3239 2516 3293 maluissent.
2557 3236 2707 3291 Juste
2736 3236 2912 3304 itaque
2954 3235 3261 3289 dilationem
3302 3250 3395 3304 pe-

1817 3334 1998 3389 tebant
2026 3350 2040 3385 :
2067 3330 2160 3385 sed
2189 3330 2357 3399 pridie
2378 3344 2481 3382 non
2530 3327 2824 3381 debuerant
2850 3325 2900 3378 in
2933 3325 3137 3378 notoria
3184 3340 3278 3378 sua
3309 3324 3392 3379 di-

1814 3437 1957 3486 cere,
1988 3420 2107 3474 idco
2135 3420 2234 3473 sibi
2267 3426 2504 3471 nustrutn
2531 3416 2614 3469 cdi
2645 3415 2841 3469 debere
2868 3414 3194 3477 mandatum,
3225 3424 3282 3468 ut
3300 3429 3393 3485 pa-

1816 3514 1917 3569 rati
1945 3511 2011 3566 ad
2052 3511 2193 3565 diem
2245 3506 2591 3564 constitutum
2636 3504 2900 3570 venirent,
2921 3504 3043 3574 quia
3071 3513 3394 3574 exceptores

1817 3617 2100 3658 occurrere
2128 3614 2249 3654 cum
2281 3607 2552 3668 gesturum
2577 3593 2971 3664 conscriptione
2998 3609 3102 3648 non
3134 3602 3350 3663 possent
3378 3610 3393 3658 ;

1817 3703 1873 3749 et
1892 3695 2007 3763 ipso
2031 3691 2255 3745 actionis
2281 3689 2367 3743 die
2389 3702 2570 3741 rursus
2591 3685 2659 3742 de
2702 3685 2830 3756 ipsis
2849 3684 3241 3754 exceptoribus,
3274 3685 3395 3754 quia

1819 3799 1925 3839 non
1945 3790 2305 3844 occurrerant,
2331 3778 2467 3833 velle
2494 3777 2722 3832 causari.
2746 3775 2881 3844 Quid
2901 3791 2994 3831 eos
3023 3774 3091 3829 ad
3122 3775 3222 3829 hoc
3246 3790 3397 3829 com-

1819 3875 1974 3945 pulit,
2017 3872 2118 3927 nisi
2140 3871 2425 3926 vehcmeus
2455 3866 2800 3938 perturbatio,
2835 3881 2956 3922 cum
3000 3865 3241 3921 viderent
3266 3865 3342 3919 sic
3368 3880 3395 3917 a

1822 3966 1976 4022 nobis
2003 3979 2123 4019 esse
2158 3971 2328 4017 actam
2354 3974 2568 4015 causam
2610 3958 2661 4011 in
2705 3955 3095 4025 conscriptione
3145 3954 3401 4018 mandati,

1822 4065 1884 4109 ut
1930 4053 2332 4123 responsionem
2388 4050 2626 4103 invenire
2678 4061 2782 4099 non
2834 4043 3237 4114 possentiNam
3275 4044 3401 4098 illud

1823 4144 2007 4215 quanti
2036 4142 2318 4198 emendum
2347 4137 2463 4204 fuit,
2496 4146 2553 4190 ut
2591 4137 2759 4205 ipsam
2785 4141 3031 4204 peterent
3070 4133 3402 4194 dilationem,

1825 4245 1880 4291 et
1893 4234 2194 4302 acciperent
2221 4245 2312 4285 sex
2343 4228 2572 4289 dierum,
2611 4236 2666 4280 ut
2696 4240 2853 4279 nemo
2882 4232 3061 4293 posset
3089 4238 3181 4278 eos
3201 4223 3404 4286 dicere,

1827 4322 2064 4394 angustia
2095 4318 2348 4389 temporis
2384 4314 2685 4385 impeditos,
2716 4329 2821 4368 non
2852 4312 3085 4382 potuisse
3116 4322 3300 4367 nostro
3322 4328 3409 4366 re-

1829 4413 2093 4485 spondere
2118 4410 2364 4465 mandato
2384 4408 2409 4461 ?
2609 4435 2620 4445 ι

1903 4502 2131 4560 CAPUT
2166 4499 2337 4556 XXV.
2360 4528 2431 4539 —
2457 4498 2545 4552 4⁸5.
2572 4496 2690 4565 Ipso
2715 4510 2842 4549 vero
2880 4493 3037 4549 tertio
3065 4506 3259 4548 nosne:
3293 4494 3415 4548 Col-

1830 4595 2042 4653 lationis
2070 4593 2176 4660 die,
2205 4591 2383 4662 quanti
2423 4588 2704 4645 eluendum
2757 4586 2873 4653 fuit,
2901 4586 3042 4656 quod
3092 4586 3414 4640 inaniSsimis

1834 4696 1889 4743 et
1926 4684 2269 4755 supervacuis
2312 4695 2580 4735 morarum
2634 4675 3124 4746 interpositionibus
3171 4690 3230 4729 se
3271 4676 3415 4729 onmi

1835 4775 1996 4832 modo
2012 4772 2292 4843 pervenire
2308 4770 2371 4824 ad
2390 4784 2600 4826 causam
2624 4767 2761 4822 nolle
2783 4765 3166 4825 monstrabant.
3189 4773 3244 4820 et
3258 4780 3417 4834 quam

1838 4867 2032 4923 malam
2056 4878 2269 4919 causam
2303 4861 2576 4925 haberent,
2608 4859 2723 4927 ipso
2751 4872 2848 4910 suo
2871 4856 3057 4909 timore
3085 4855 3383 4910 ciamabant
3406 4874 3417 4909 :

1839 4972 2137 5032 quanquam
2165 4970 2349 5010 eorum
2379 4953 2537 5007 timor
2579 4952 2737 5005 ctiam
2773 4949 2826 5003 in
2862 4947 3219 5002 testimonium
3253 4949 3422 5001 mani-

1842 5050 2143 5107 festissima:
2173 5047 2317 5101 vocis
2344 5044 2537 5113 erupit,
2565 5042 2777 5113 quando
2803 5040 3076 5104 dixerunt,
3111 5040 3315 5096 Sensim
3339 5041 3423 5094 in-

1844 5142 2078 5196 ducimur
2092 5139 2143 5192 in
2168 5153 2411 5200 causam;
2438 5143 2493 5190 et
2540 5135 2645 5188 alio
2671 5134 2807 5196 loco,
2860 5130 3121 5198 Pervidet,
3158 5134 3421 5204 inquiunt,

1848 5240 2066 5304 potestas
2085 5238 2171 5283 tua
2192 5228 2376 5282 sensim
2422 5242 2512 5280 nos
2556 5225 2609 5278 in
2661 5239 2827 5277 causa:
2882 5224 3081 5277 interna
3134 5222 3357 5276 deduci?
3383 5220 3429 5275 0

1914 5388 1930 5418 ί
1969 5391 2067 5433 Am.
2093 5390 2145 5433 et
2166 5394 2347 5444 omnes
2362 5390 2487 5440 Mss,
2516 5392 2548 5429 a
2568 5376 2778 5444 primatu
2797 5390 2900 5428 suo.

1913 5450 1932 5480 ⁸
1956 5452 2111 5503 Forte,
2131 5441 2441 5504 decerpsisse,

1916 5510 1937 5541 ⁸
1967 5507 2039 5555 sic
2061 5501 2165 5553 MSS.
2192 5511 2246 5553 Αι
2264 5501 2396 5564 editi,
2421 5501 2596 5564 injuste
2618 5504 2840 5563 pelmtes.

1916 5569 1936 5600 ⁸
1969 5574 2098 5624 ιον..
2123 5578 2232 5615 cum
2253 5555 2657 5613 camince'rentur.
2691 5561 3030 5625 Expungimus.
3055 5569 3182 5616 cum,
3213 5566 3326 5618 quia
3344 5555 3434 5605 ab-

1857 5637 1933 5681 est
1956 5642 1983 5677 a
2008 5627 2263 5690 manuscri,
2282 5626 2358 5675 tis.
