3784 6188
373 236 481 292 679
556 249 560 253 ’

375 344 625 402 violentia
683 338 921 394 veritatis
947 377 963 401 ,
1005 332 1242 404 quolibet
1299 328 1588 400 equuleo‘,
1633 321 1958 395 quibuslibet

378 431 590 508 ungulis
617 433 803 487 fortior
822 428 888 483 ad
922 423 1320 495 exprimendam
1347 417 1776 477 confessionem!
1816 415 1962 508 tion-

376 503 667 600 gregantur
693 538 757 577 ex
795 520 1036 573 universa
1066 514 1243 568 Africa
1265 522 1341 567 tot
1370 509 1627 600 episeOpi,
1648 503 1956 600 ingrediun-

380 596 468 675 tur
482 596 861 683 Carthaginem
891 624 1013 663 eum
1040 615 1185 660 tanta
1213 601 1439 672 speciesi
1490 596 1716 669 agminis
1744 607 1956 663 pompa,

379 719 436 767 ιιι
464 720 571 764 tam
601 720 804 775 magna:
827 700 1056 757 civitatis
1079 696 1265 752 oculos
1309 695 1360 748 in
1405 707 1464 747 se
1513 688 1965 775 intentionemque

378 774 713 856 convertant.
741 792 840 858 Qui
861 792 1151 860 loquantur
1175 802 1269 855 pro
1300 782 1568 845 omnibus,
1611 779 1876 847 eliguntur
1898 774 1967 828 ab

378 888 646 947 omnibus.
680 885 852 938 Locus
872 882 1033 936 etiam
1066 894 1125 933 re
1156 886 1298 932 tanta
1329 875 1517 941 dignus
1548 871 1599 925 in
1633 869 1764 923 urbe
1788 864 1965 921 media

379 988 711 1053 procuratur.
737 974 956 1043 Utrique
969 965 1499 1036 conveniunt,jutlex
1530 970 1723 1053 praesto
1748 968 1851 1024 est,
1883 964 1965 1011 ta-

378 1051 517 1129 bula:
545 1077 743 1141 patent,
772 1078 1030 1136 suspensa
1073 1060 1313 1115 omnium
1366 1055 1527 1111 corda
1578 1051 1779 1107 exitum
1808 1055 1967 1141 tanta:

380 1161 695 1221 Collationis
720 1163 1050 1227 eXSpectant.
1083 1153 1233 1207 Tunc
1260 1166 1288 1203 a
1319 1145 1618 1204 lectissimis
1640 1152 1695 1199 et
1720 1140 1967 1197 disertis-

382 1256 536 1311 simis
562 1252 712 1317 viris,
739 1248 952 1320 quantis
997 1245 1196 1299 viribus
1221 1241 1301 1313 agi
1333 1238 1514 1295 debuit
1540 1234 1761 1305 aliquid,
1804 1233 1966 1287 tantis

382 1348 555 1418 agitur
578 1353 639 1400 ut
662 1353 849 1413 agatur
896 1338 1048 1392 nihil.
1079 1335 1333 1403 errunt
1359 1342 1617 1401 personas
1637 1325 1833 1380 forensi
1857 1338 1971 1378 mo-

384 1454 443 1494 re
472 1437 759 1499 discutere,
782 1434 836 1487 iu
867 1446 968 1501 qua
992 1426 1285 1498 quarstionc
1312 1436 1509 1476 annosa
1536 1419 1696 1473 etiam
1728 1426 1967 1485 tempora

388 1529 684 1599 litigatores
708 1531 987 1579 conterere
1016 1520 1431 1573 consueverunt.
1457 1509 1558 1563 Ista
1586 1508 1780 1578 quippe
1805 1506 1972 1599 actio-

390 1636 457 1677 ne
475 1595 780 1675 Uadtolicos
805 1611 1111 1667 mandatum
1160 1621 1315 1661 suum
1372 1601 1563 1658 divinis
1613 1595 1971 1668 potinstesti-

390 1710 583 1766 moniis
607 1722 764 1778 quam
795 1701 1094 1758 forensibus
1135 1694 1378 1751 formulis
1415 1689 1800 1759 conscripsisse
1845 1701 1973 1741 con-

391 1801 516 1859 fessi
536 1810 680 1865 sunt,
705 1806 758 1853 et
778 1793 1023 1850 similiter
1071 1804 1129 1847 se
1162 1787 1234 1865 de
1283 1783 1571 1852 Scripturis
1622 1792 1973 1865 reSponsuros

391 1909 512 1951 esse
549 1863 924 1962 promiserunt.
962 1883 1028 1938 Et
1058 1863 1307 1951 quoniam
1358 1873 1576 1929 mirifica
1627 1863 1973 1962 opitu'att'one

394 1958 746 2042 Deus—voluit,
773 1987 829 2032 ut
871 1990 991 2030 cum
1041 1976 1285 2041 quaerunt
1314 1978 1592 2036 personam
1619 1958 1878 2031 petitoris,
1909 1971 1976 2011 ne

393 2074 665 2129 veniretur
687 2067 752 2122 ad
779 2079 1014 2129 causam,
1056 2061 1167 2130 ipsa
1218 2055 1487 2125 inquisitio
1527 2049 1765 2122 petitoris
1803 2047 1977 2101 subito

394 2167 446 2219 in
477 2161 708 2218 medium
738 2157 972 2210 mitteret
1008 2165 1258 2211 causam;
1288 2145 1518 2200 clamant
1566 2138 1805 2210 praeclari
1861 2134 1959 2190 viri

395 2254 485 2326 qui
509 2252 572 2306 ad
595 2246 854 2320 agendum
876 2242 1191 2299 videbantur
1213 2236 1390 2297 electi,
1410 2248 1474 2287 ac
1499 2246 1557 2287 se
1586 2229 1760 2326 potius
1774 2227 1841 2326 ad

394 2319 655 2416 agendum
703 2339 904 2393 electos
946 2347 1069 2389 esse.
1123 2338 1404 2390 testantur,
1434 2332 1489 2380 et
1519 2322 1777 2377 invidiose
1815 2319 1979 2390 judiei

395 2411 809 2504 conqneruntttr.
841 2426 1037 2481 sensim
1087 2438 1145 2477 se
1182 2421 1233 2474 in
1281 2433 1457 2474 causa:
1498 2416 1703 2470 interna
1751 2411 1977 2504 deduci:

396 2527 547 2600 quasi
568 2521 761 2593 aliquid
778 2518 919 2573 aliud
940 2513 1306 2587 pnetermissis
1333 2508 1575 2563 omnibus
1598 2505 1679 2600 agi
1718 2503 1979 2600 debuerit,

398 2593 556 2689 quam
582 2613 709 2669 illud
733 2609 871 2681 quod
892 2616 1036 2662 tanto
1069 2612 1205 2674 post,
1254 2602 1334 2656 vel
1374 2614 1494 2654 sero
1535 2596 1623 2689 agi
1669 2593 1972 2689 nolebant;

401 2684 523 2780 quia
555 2717 823 2774 nunquam
851 2712 1068 2770 prorsus
1109 2695 1192 2763 agi
1246 2691 1510 2753 volebant,
1541 2686 1627 2740 ubi
1681 2684 1981 2780 vinci-nte-

402 2772 649 2855 tuebant!
684 2772 849 2863 Ilnjns
874 2789 1079 2843 timoris
1110 2783 1497 2856 apet-tiSsitttam
1527 2791 1709 2831 vocem
1762 2773 1885 2844 quis
1913 2772 1982 2827 de

402 2893 612 2947 illorum
654 2888 836 2940 clauso
880 2889 1093 2951 pectore
1118 2879 1412 2933 excuteret,
1441 2877 1494 2924 et
1526 2884 1629 2922 non
1666 2865 1787 2921 dico
1812 2865 1855 2918 si
1884 2878 1979 2918 eos

399 2980 554 3036 donis
596 2973 902 3045 largissimis
944 2969 1254 3030 ditaremus,
1282 2961 1376 3017 sed
1400 2960 1443 3014 si
1486 2972 1579 3014 eos
1601 2956 1770 3028 patuis
1798 2953 1987 3009 crude-

409 3071 626 3126 lissimis
653 3076 1021 3134 torqueremus
1038 3062 1062 3111 Υ

474 3162 564 3216 44.
592 3158 725 3213 Cum
755 3155 896 3209 enim
925 3162 1204 3221 personam
1236 3145 1519 3214 petitorum
1564 3137 1760 3194 forensi
1798 3136 1984 3191 tritura

405 3251 778 3322 conquirerent
791 3288 803 3305 .
827 3254 879 3299 et
894 3242 1132 3296 volentes
1151 3236 1434 3291 ostendere
1456 3248 1551 3286 nos
1568 3246 1686 3285 esse
1705 3229 1981 3299 petitores,

407 3354 467 3400 ut
487 3321 739 3413 personas
778 3343 985 3391 nostras
1013 3323 1584 3401 pertt‘titterenturjure
1612 3321 1898 3382 discutere,
1930 3326 1986 3371 et

406 3410 586 3490 moras
604 3425 985 3485 annosissimas
1029 3419 1287 3480 invenire,
1308 3416 1549 3485 legerunt
1608 3410 1842 3465 libellqu
1893 3421 1989 3460 no-

405 3537 571 3580 strum
602 3518 882 3591 aliquando
932 3509 1229 3584 pruenttsuli
1274 3508 1475 3569 datum,
1520 3520 1624 3574 quo
1652 3517 1745 3557 eos
1794 3498 1985 3570 petivi-

406 3633 524 3672 mus
543 3610 835 3673 conveniri,
865 3616 920 3661 ut
948 3606 1061 3675 ipsa
1088 3602 1228 3658 inter
1267 3615 1363 3655 nos
1390 3595 1617 3651 Collatio
1650 3604 1772 3647 tunc
1804 3593 1978 3653 ﬁeret,

405 3723 564 3778 quam
595 3704 750 3759 modo
770 3702 838 3757 ab
868 3699 1189 3768 Imperatore
1216 3703 1275 3750 ut
1318 3695 1467 3771 fieret
1487 3687 1907 3758 impetravimus,
1933 3694 1990 3738 ιιι

410 3814 479 3852 eo
510 3796 694 3852 libello
717 3808 813 3846 nos
833 3790 983 3860 quasi
1014 3788 1268 3858 petitores
1310 3797 1430 3838 esse
1470 3787 1828 3836 monstrarent
1856 3793 1870 3842 ;
1906 3792 1989 3831 re-

412 3903 664 3957 sponsum
683 3893 809 3937 esta
852 3880 1023 3942 nobis,
1056 3878 1174 3933 ideo
1227 3890 1325 3930 nos
1350 3889 1561 3943 semper
1609 3872 1837 3926 voluisse
1875 3868 1989 3922 fieri

414 3975 786 4037 Collationem,
835 3985 940 4024 non
958 3969 1045 4023 ubi
1086 3968 1164 4022 eis
1208 3964 1428 4021 crimina
1477 3964 1853 4033 objiceremus,
1893 3959 1986 4015 sed

424 4068 512 4123 ubi
555 4081 616 4120 ea
670 4080 788 4135 qum
837 4061 1011 4116 solent
1057 4059 1289 4128 objicere
1337 4069 1726 4126 purgaremns:
1776 4064 1992 4123 propter

420 4160 522 4215 hoc
548 4156 742 4227 quippe
763 4151 999 4209 haeretici
1021 4159 1076 4206 et
1103 4149 1171 4204 ab
1200 4147 1452 4203 Ecclesia:
1494 4146 1693 4200 unitate
1739 4143 1988 4215 separati,

417 4248 539 4316 quia
582 4246 805 4300 erimina
842 4241 1100 4312 objiciunt
1144 4254 1265 4309 qua:
1307 4237 1529 4308 probare
1579 4250 1683 4290 non
1744 4244 1990 4305 possunt.

418 4337 620 4394 Deinde
679 4335 801 4406 quia
853 4332 1129 4387 videbatur
1186 4329 1439 4399 Cognitur
1488 4335 1701 4381 secutus
1746 4325 1988 4379 ordinem

414 4440 735 4498 temporum,
774 4435 831 4479 ut
859 4423 1023 4494 gestis
1074 4437 1193 4491 qum
1244 4419 1651 4489 protuleramus,
1696 4415 1783 4470 ubi
1808 4423 1863 4471 et
1889 4413 1989 4483 ipsi

411 4518 549 4592 apud
582 4515 858 4588 perfectos
878 4511 1224 4568 Collationem
1276 4509 1590 4579 petiverant,
1624 4505 1744 4560 ideo
1775 4503 1994 4575 praefer-

412 4621 496 4669 ret
521 4609 753 4666 libellum
806 4615 1046 4660 nostrum
1094 4602 1161 4654 ab
1191 4601 1317 4669 ipsis
1367 4597 1653 4668 prolatum,
1699 4595 1819 4665 quia
1842 4603 1992 4665 gesta

416 4703 502 4759 illa
526 4698 853 4772 prtefectoria
899 4705 1139 4764 tempore
1178 4689 1509 4761 pra-cedebat
1541 4707 1554 4742 :
1589 4686 1838 4742 facillime
1894 4700 1995 4741 nos

415 4804 573 4865 atque
619 4788 914 4863 jusdssime
962 4786 1061 4839 hac
1105 4781 1387 4837 occasione
1426 4780 1599 4834 oblata
1643 4793 1673 4833 a
1706 4776 1993 4849 Cognitore

413 4883 831 4956 impetravimus,
862 4887 919 4931 ut
942 4877 984 4930 si
1014 4891 1075 4930 ea
1107 4872 1378 4944 praeferret
1407 4886 1525 4940 qua:
1579 4879 1817 4937 tempore
1846 4868 1993 4938 prio-

413 4987 612 5029 raesse
661 4977 954 5034 constaret,
1013 4963 1144 5020 illud
1191 4961 1405 5032 jnberct
1449 4959 1621 5030 potius
1652 4959 1882 5021 recitari,
1906 4959 1991 5012 ubi

414 5062 514 5135 ipsi
544 5060 683 5130 apud
712 5063 1084 5128 imperatorem
1115 5053 1521 5109 Constantinum
1570 5064 1663 5120 per
1703 5048 1991 5102 Anulinum

413 5151 785 5229 proetmsulcm
824 5156 1141 5202 accusarunt
1187 5143 1548 5207 Ca-eilimmm,
1579 5139 1729 5208 cujus
1768 5139 1990 5193 crimina

415 5252 612 5301 nostra:
654 5240 1012 5295 communioni
1057 5236 1332 5306 objiciunt,
1376 5247 1494 5303 quae
1546 5231 1853 5285 volebamus
1904 5232 1990 5286 illa

412 5335 708 5391 Collatione
738 5345 979 5401 purgare.
1033 5325 1265 5382 Proinde
1304 5332 1644 5394 posteaquam
1672 5320 1773 5391 legi
1802 5321 1985 5391 ccepit,

414 5427 666 5500 quoniatn
697 5424 801 5478 illic
827 5420 1157 5491 apertissime
1213 5417 1264 5470 in
1319 5415 1566 5468 omnibus
1618 5413 1988 5477 vincebantur,

412 5521 646 5575 clamare
695 5521 993 5583 owperunt,
1025 5508 1223 5564 Sensim
1279 5505 1567 5560 imlttcimnr
1595 5507 1647 5559 in
1674 5520 1876 5559 causam
1900 5521 1919 5560 :
1939 5514 1994 5560 et

472 5632 490 5664 ⁸
754 5630 802 5671 ,ιι
829 5622 963 5679 cliti,
989 5617 1169 5670 (ICILICO.

1089 224 1180 277 AD
1221 216 1646 278 DUNATISTAS
1686 210 1852 268 POST
1892 208 1978 264 C0

2104 206 2393 275 CI'IONEM,
2435 208 2493 264 S.
2535 206 2899 264 AUGUSTI.“

3592 211 3700 269 88¢

2072 319 2285 383 iterum,
2315 317 2551 374 Pervidet
2592 330 2811 389 potestas
2856 330 2943 375 tua
2966 320 3150 395 sensim
3191 336 3284 376 nos
3309 322 3366 376 in
3388 339 3590 378 causa
3612 326 3695 379 in-

2069 411 2254 465 teriora
2269 410 2467 465 deduci.
2495 410 2540 466 Ο
2590 428 2799 481 magna,
2823 411 2917 466 sed
2949 426 3056 466 non
3086 411 3331 468 miranda
3362 416 3644 469 confusio
3675 420 3688 471 ε

2069 503 2292 571 Quando
2319 504 2459 558 enim
2486 504 2695 558 d-.emon
2723 505 2800 558 sic
2821 505 3140 558 esorcistam
3170 505 3412 571 timeret,
3443 523 3694 576 quosne-

2071 594 2139 650 do
2168 595 2455 650 timuerunt
2481 597 2653 650 ncilla
2690 596 3013 666 legerentur,
3047 596 3133 650 ubi
3160 598 3465 667 apparebat
3512 598 3693 654 Crei-

2072 686 2243 741 Iianns
2272 698 2322 743 et
2349 687 2416 743 ab
2444 702 2628 742 eorum
2657 690 3071 758 prgt-cessoribus
3094 690 3236 759 apud
3266 691 3677 760 Imperatorem
3748 686 3749 723 ἶ

2072 787 2371 845 accusatus,
2423 789 2479 834 et
2530 778 2842 849 totjudiciis
2888 795 2994 835 non
3024 780 3200 836 solum
3246 783 3687 853 episcopalibtn,

2073 870 2166 926 sed
2187 870 2346 925 etiam
2376 869 2739 942 imperialibus
2764 870 3042 928 absolutus
3068 872 3092 924 ?

2142 961 2230 1015 45.
2272 959 2493 1028 Quando
2534 960 2619 1015 vel
2664 971 2866 1031 quanto
2908 962 3078 1031 pretio
3116 978 3300 1018 emere
3338 979 3685 1034 possemus.

2072 1052 2213 1123 quod
2245 1053 2359 1123 ipso
2395 1054 2583 1109 timore
2624 1056 2849 1120 turbati,
2878 1056 3052 1128 redire
3076 1057 3191 1111 ausi
3227 1068 3352 1112 sunt
3401 1060 3585 1113 etiam
3622 1062 3687 1113 ad

2075 1144 2216 1198 illius
2243 1146 2498 1215 temporis
2538 1148 3021 1217 praescriptionem,
3053 1148 3138 1202 ubi
3179 1149 3437 1204 dixerant
3472 1151 3688 1221 lapsu:

2074 1249 2203 1290 esse
2228 1234 2337 1303 jam
2379 1250 2594 1291 causnm
2620 1277 2636 1303 ,
2662 1245 2719 1291 et
2756 1249 2983 1307 quatuor
3011 1239 3285 1294 mensibus
3323 1240 3577 1296 evolutis
3606 1245 3687 1310 agi

2069 1326 2180 1396 jam
2209 1327 2427 1382 omnino
2455 1343 2561 1383 non
2591 1330 2784 1397 posse?
2814 1329 2950 1396 Quid
2979 1340 3061 1385 est
3088 1329 3223 1385 hoc?
3249 1331 3382 1399 Quis
3413 1342 3532 1386 tant
3569 1334 3687 1387 ido~

2076 1433 2209 1474 nens
2227 1418 2392 1488 judex
2423 1419 2648 1475 inveniri
2680 1430 2853 1489 potest
2879 1422 3041 1475 animi
3071 1437 3279 1486 eorum,
3310 1438 3480 1493 quam
3519 1423 3685 1477 timor

2078 1512 2180 1567 iste
2214 1512 2293 1566 sic
2329 1526 2650 1581 expressus,
2681 1513 2761 1568 sic
2798 1522 3046 1583 apertus;
3076 1524 3132 1567 ut
3158 1529 3280 1568 eum
3310 1516 3479 1569 timor
3507 1516 3684 1571 solut

2077 1605 2317 1660 adimere
2361 1605 2694 1672 libertatein,
2736 1605 2821 1661 isti
2870 1615 2977 1660 tam
3030 1606 3197 1661 libere
3249 1608 3580 1675 timuerint,
3631 1622 3685 1661 ιιι

2073 1695 2332 1766 judicium
2369 1712 2521 1750 suum
2554 1696 2622 1751 de
2660 1697 2796 1752 mala
2837 1712 2931 1751 sua
2962 1712 3119 1752 causa
3152 1713 3251 1752 nec
3278 1698 3501 1753 silentio
3533 1709 3683 1770 tege-

2081 1796 2221 1852 rent,
2251 1785 2344 1841 sed
2376 1786 2549 1841 verbis
2575 1787 2926 1856 apertissimis
2955 1787 3276 1856 proderent?
3304 1788 3351 1842 0
3376 1788 3683 1844 vehesneno

2083 1886 2189 1931 tem
2233 1876 2639 1946 trepidationem
2676 1875 2741 1930 ad
2785 1877 3203 1946 extorquendam
3242 1878 3678 1933 confessionem!

2082 1968 2213 2022 Tam
2250 1967 2401 2022 fortis
2432 1983 2497 2022 ex
2523 1982 2615 2022 ore
2644 1968 2902 2037 prosilivit
2931 1968 3089 2022 timor
3107 2010 3122 2035 ,
3152 1980 3209 2023 ut
3238 1969 3357 2039 ejus
3379 1971 3593 2040 impetu
3619 1971 3682 2025 de

2084 2057 2256 2113 fronte
2295 2056 2485 2127 fugerit
2514 2057 2701 2127 pudor.
2742 2057 2798 2112 Si
2829 2072 2933 2111 non
2974 2058 3278 2128 legerentur
3309 2059 3327 2089 ι
3356 2074 3447 2126 ea,
3487 2059 3681 2129 quibus

2085 2150 2464 2206 ostendebatur
2503 2148 2817 2205 Caecilianus
2858 2160 3139 2206 accusatus
3181 2161 3341 2221 atque
3384 2163 3678 2222 purgatus,

2088 2243 2340 2312 petitores
2391 2251 2608 2311 propter
2654 2241 2913 2307 agendam
2953 2257 3168 2297 causam
3222 2244 3635 2313 inquirebantur
3658 2287 3676 2310 ,
3748 2292 3749 2299 η

2089 2347 2334 2402 personae
2359 2332 2777 2386 discutiebantur
2810 2349 2824 2386 :
2854 2341 2909 2385 et
2931 2333 3172 2402 quamvis
3201 2348 3475 2387 morarum
3503 2333 3676 2388 teudi—
3748 2392 3749 2409 η

2087 2424 2223 2479 culte
2241 2465 2258 2491 ,
2287 2439 2354 2479 ne
2390 2423 2456 2478 ad
2483 2424 2651 2492 ipsam
2676 2438 2890 2478 causam
2930 2424 3332 2492 perveniretur,
3356 2424 3674 2495 tergiversa-

2090 2514 2224 2569 torie
2270 2522 2642 2579 necterentur;
2685 2522 2859 2568 tamen
2900 2525 3115 2584 propter
3154 2514 3417 2586 agendam
3461 2531 3671 2571 causam

2089 2610 2247 2661 etiam
2279 2605 2376 2659 ista
2408 2604 2661 2675 postulari
2692 2605 2852 2659 veluti
2874 2605 2994 2673 jure
3019 2605 3359 2661 videbantur.
3389 2606 3670 2677 Postquam

2090 2709 2247 2749 causa
2278 2695 2476 2764 optima
2500 2693 2768 2749 Cazciliztni
2794 2694 3063 2749 recitanda
3092 2696 3293 2764 prolata
3319 2704 3422 2761 est,
3457 2712 3671 2752 revom-

2094 2796 2178 2841 tur
2201 2789 2419 2856 explosa
2441 2796 2498 2842 et
2523 2788 2762 2843 convicta
2788 2788 3135 2858 praescriptio,
3156 2787 3298 2843 diem
3318 2804 3497 2845 causa:
3513 2804 3669 2861 agen-

2091 2881 2173 2937 da:
2195 2883 2304 2950 jam
2333 2882 2585 2935 transisse
2608 2882 2882 2937 clamatur.

2161 2973 2389 3030 CAI'UT
2426 2973 2615 3029 XXVI.
2637 3004 2707 3015 --
2730 2967 2819 3030 46.
2847 2974 2983 3043 Quid
3011 2975 3183 3031 adhuc
3205 2976 3531 3046 exspectatis
3549 2976 3671 3048 quid
3748 3018 3749 3048 1

2092 3083 2189 3139 pro
2219 3068 2372 3123 nobis
2405 3068 2822 3137 pronuntiaverit
2845 3067 3129 3139 Cognitor,
3157 3084 3278 3124 cmn
3309 3070 3532 3125 videatis
3551 3071 3668 3140 quid

2092 3168 2275 3213 contra
2307 3175 2365 3213 se
2394 3159 2539 3227 ipsos
2566 3158 2936 3227 episcoporum
2965 3168 3263 3213 vestrorum
3295 3162 3667 3229 pronuntiave-

2093 3252 2163 3305 rit
2193 3251 2385 3305 timor?
2411 3250 2638 3305 Dederat
2662 3259 2808 3305 certe
2837 3250 2949 3319 ipse
2970 3248 3226 3320 Cognitor
3254 3262 3587 3320 poteStatem,
3614 3263 3667 3307 ut

2092 3342 2253 3396 alium
2296 3356 2415 3394 cum
2445 3340 2536 3395 illo
2570 3356 2728 3411 quem
2771 3340 2965 3396 vellent
2993 3341 3225 3410 judicem
3255 3343 3663 3398 constituerent:

2093 3430 2235 3501 quod
2276 3431 2347 3485 illi
2387 3439 2805 3495 recusaverunt;
2832 3431 3084 3500 quoniam
3120 3431 3163 3485 si
3190 3431 3420 3500 aliquem
3447 3431 3663 3502 delt-gis-

2096 3532 2248 3588 scnt,
2278 3523 2488 3578 tnentiri
2517 3522 2667 3577 vobis
2698 3537 2802 3577 non
2835 3531 3051 3592 possent
3079 3522 3238 3576 etiam
3269 3537 3302 3576 a
3326 3522 3480 3577 nobis
3505 3522 3660 3592 ipsum

2095 3613 2259 3668 fuisse
2296 3621 2626 3682 corruptum.
2656 3611 2763 3668 Sed
2792 3612 3029 3668 fecerunt
3072 3612 3213 3683 quod
3252 3622 3658 3668 recusaverunt:

2097 3720 2316 3775 prorsus
2340 3705 2731 3760 constituerunt
2756 3721 2876 3760 cum
2908 3706 2999 3760 illo
3022 3706 3247 3760 alterum
3274 3706 3503 3774 judicem
3522 3748 3537 3772 ,
3565 3722 3656 3760 non

2097 3797 2389 3864 quemlibet
2419 3805 2730 3850 extraneum
2759 3837 2773 3858 ,
2805 3796 2899 3851 sed
2932 3794 3172 3849 intimum
3205 3811 3383 3850 suum.
3409 3795 3540 3850 Ecce
3560 3797 3657 3864 ipse

2099 3888 2257 3941 timor
2275 3901 2460 3941 eorum
2490 3886 2626 3941 alius
2651 3886 2812 3955 judex
2835 3886 2932 3941 fttit
2956 3905 2970 3941 :
3003 3897 3150 3941 certe
3176 3888 3286 3957 ipse
3311 3901 3341 3940 a
3370 3887 3520 3940 nobis
3541 3886 3655 3940 nihil

2096 3982 2322 4049 accepit.
2345 3990 2399 4033 et
2420 3995 2515 4050 pro
2537 3979 2690 4035 nobis
2716 3980 2881 4035 libere
2899 3980 3155 4049 judicavit
3182 4000 3195 4033 :
3223 3996 3330 4034 non
3357 3981 3655 4050 gratiﬁcatns

2098 4084 2177 4129 est
2206 4090 2393 4129 eorum
2420 4088 2680 4143 personm,
2699 4073 2889 4143 quibus
2918 4073 3158 4127 internus
3184 4072 3433 4136 ba~rebat,
3460 4072 3524 4127 de
3540 4088 3655 4142 quo-

2097 4181 2214 4220 rum
2241 4175 2448 4219 secreto
2475 4164 2721 4218 cubiculo
2747 4162 3066 4234 procedebat
3093 4181 3106 4215 :
3132 4173 3179 4217 et
3208 4174 3487 4233 antequam
3514 4178 3652 4217 causa

2097 4256 2366 4309 diceretur
2390 4296 2406 4320 ,
2431 4254 2575 4323 prior
2594 4254 2869 4321 judicavit,
2902 4255 3021 4323 quia
3052 4269 3168 4308 eam
3197 4255 3342 4323 prior
3362 4255 3413 4308 in
3441 4257 3650 4323 ipsorum

2099 4347 2260 4403 corde
2282 4348 2548 4417 cognovit.
2579 4346 2815 4415 Denique
2837 4347 3092 4415 processit
3118 4346 3207 4399 ille
3229 4354 3284 4398 ut
3310 4361 3515 4400 causam
3542 4361 3650 4400 nos-

2099 4450 2199 4501 set,
2233 4439 2490 4509 processit
2520 4439 2619 4493 iste
2643 4440 2732 4508 qui
2762 4447 2979 4492 noverat
3007 4454 3021 4489 :
3054 4438 3140 4491 ille
3163 4437 3422 4506 judicavit
3448 4438 3614 4490 stando
3634 4479 3646 4502 ,

2098 4529 2402 4594 audtendo,
2436 4528 2736 4599 loquendo;
2784 4528 2882 4581 istc
2927 4528 3293 4581 tantummodo
3340 4527 3391 4581 i.i
3444 4528 3645 4582 medium

2100 4620 2457 4693 procedendo.
2500 4621 2633 4674 Puto
2678 4619 2821 4691 quod
2865 4619 3055 4673 melius
3085 4619 3325 4673 diecrent
3346 4621 3389 4685 ',
3422 4627 3475 4672 ut
3513 4632 3645 4673 causa

2094 4716 2203 4787 jatu
2226 4730 2330 4769 non
2357 4723 2623 4783 ageretur.
2652 4714 2862 4781 Quanto
2886 4713 3026 4767 enim
3056 4712 3213 4765 citius
3237 4725 3356 4766 eam
3384 4710 3541 4764 finivit
3563 4709 3647 4762 liti-

2098 4816 2338 4879 gatorum
2372 4807 2548 4871 timor,
2580 4821 2736 4876 qnam
2764 4804 3062 4873 Cognitoris
3093 4800 3277 4855 labor?
3299 4801 3388 4855 Ille
3409 4799 3645 4871 quzcrebat

2100 4900 2224 4970 quid
2254 4916 2318 4954 ex
2351 4913 2534 4954 eorum
2556 4898 2811 4951 chartulis
2840 4898 3133 4968 legeretur:
3159 4895 3259 4948 iste
3285 4892 3521 4948 indicavit
3537 4889 3643 4963 quid

2100 4993 2152 5048 in
2178 5008 2361 5047 eorum
2388 4989 2634 5045 cordibus
2662 5001 2927 5060 ageretur.

2169 5081 2396 5138 CAPUT
2435 5081 2646 5136 XXVII.
2687 5110 2759 5120 —-
2792 5081 2881 5134 47.
2929 5078 3206 5148 Quomodo
3244 5088 3419 5134 autem
3462 5075 3519 5130 ad
3557 5073 3643 5128 hoc

2099 5182 2392 5236 venerant,
2421 5172 2588 5227 territi
2633 5171 2711 5226 eis
2738 5186 2856 5242 qua:
2886 5170 3087 5240 prolata
3127 5169 3334 5224 fuerant
3372 5165 3638 5229 recitanda,

2102 5274 2159 5320 ut
2186 5265 2425 5319 dicerent
2454 5262 2564 5333 jam
2593 5263 2795 5334 lapsam
2826 5275 2946 5317 esse
2983 5274 3196 5316 causam
3228 5257 3538 5330 temporibus
3556 5298 3569 5324 ,
3594 5265 3640 5311 et

2154 5491 2179 5563 ,ι
2216 5487 2350 5548 mliti,
2375 5486 2460 5537 sed
2498 5498 2608 5535 cum
2651 5482 2938 5549 legerentur.
2976 5481 3274 5544 Castigantur
3320 5490 3384 5527 ex
3417 5477 3639 5527 Immi-

2096 5560 2266 5675 νυῗω
2289 5616 2417 5672 uss,
2461 5607 2697 5661 dicebant.

3747 116 3750 337 ι
