3816 6152
95 271 225 328 681

93 485 254 532 ante
289 483 613 531 transactum
640 491 653 530 :
677 484 733 530 ut
750 472 798 529 si
819 472 889 530 de
903 471 1190 543 Scripturis
1206 473 1405 529 sanctis
1423 487 1723 543 ageremus,

98 565 214 624 illa
247 567 476 624 minime
502 567 839 639 legerentur;
861 567 908 622 si
935 575 1116 621 autem
1154 565 1243 620 illa
1271 565 1546 621 recitanda
1573 564 1720 634 lege-

95 676 336 729 remus,
365 661 564 717 habere
587 674 648 716 se
675 659 902 714 validam
931 658 1409 730 prmscriptionem,
1435 668 1490 712 ut
1520 657 1722 726 lapsam

95 754 463 824 temporibus
501 765 716 808 causam
763 751 981 807 omnino
1027 750 1111 822 agi
1151 765 1257 805 non
1295 750 1530 806 sinerent
1559 767 1571 803 :
1599 764 1722 803 cum

96 845 218 917 ipsi
250 861 365 902 non
391 844 740 912 servaverint,
769 842 910 915 quod
938 850 1060 898 ante
1083 841 1458 912 promiserant,
1489 857 1547 896 se
1573 856 1722 895 man-

94 938 247 997 dato
291 950 510 1008 nostro,
534 939 622 998 ubi
658 954 756 994 nos
793 937 1046 993 Ecclesia:
1081 951 1296 991 causam
1327 935 1721 1006 Scripturarum

97 1033 452 1090 testimoniis
485 1033 658 1104 egisse
692 1030 924 1088 confessi
949 1038 1108 1095 sunt,
1131 1029 1372 1084 similiter
1397 1043 1454 1084 se
1483 1028 1722 1097 Scriptu-

95 1142 308 1183 rarum
342 1125 661 1182 testimoniis
691 1137 1043 1195 responsuros
1068 1141 1081 1188 ;
1111 1123 1198 1194 qui
1233 1123 1517 1193 petitorum
1539 1121 1719 1176 discu-

99 1219 335 1276 tiendas
364 1235 482 1276 esse
508 1233 797 1292 personas,
822 1234 926 1274 non
973 1234 1125 1274 more
1167 1217 1550 1288 disputantium
1580 1259 1596 1284 ,
1628 1216 1721 1272 sed

96 1329 276 1370 more
321 1314 640 1386 litigantium
683 1313 1094 1370 contendebant.
1144 1310 1536 1381 ReSpoudimus
1591 1325 1720 1381 ergo

97 1407 193 1464 eis
219 1448 241 1476 ,
277 1416 340 1462 ut
372 1407 417 1462 si
457 1406 587 1462 nihil
617 1406 759 1461 aliud
793 1406 876 1478 agi
905 1405 1145 1470 mallent,
1174 1403 1275 1458 nisi
1307 1412 1364 1458 ut
1389 1414 1720 1473 qumreretur

97 1515 235 1570 quae
269 1499 359 1554 vel
394 1499 480 1554 ubi
508 1498 580 1554 sit
607 1498 868 1555 catholica
917 1497 1154 1553 Ecclesia
1179 1537 1194 1561 ,
1215 1511 1430 1552 causam
1462 1496 1579 1566 ejus
1620 1511 1718 1551 nos

100 1591 340 1647 nonnisi
366 1590 559 1646 divinis
582 1632 598 1656 ,
628 1590 821 1662 quibus
858 1591 1210 1660 praenuntiata
1248 1598 1368 1656 est,
1400 1587 1720 1645 testimoniis

97 1700 406 1756 ageremus
435 1701 449 1738 :
477 1684 523 1739 si
547 1693 720 1740 autem
742 1683 1045 1739 hominibus
1068 1683 1242 1754 aliqua
1273 1680 1496 1738 crimina
1521 1682 1719 1752 objice-

101 1787 258 1846 rent,
287 1778 542 1848 quoniam
569 1793 667 1833 nec
691 1778 787 1850 ipsi
817 1793 878 1833 ea
910 1786 1128 1849 possent
1154 1777 1477 1834 testimoniis
1501 1777 1715 1846 divinis,

102 1872 204 1928 sed
264 1872 533 1942 aliquibus
579 1871 699 1926 aliis
762 1871 952 1927 talibus
1005 1872 1342 1928 documentis
1392 1870 1713 1938 ostendere,

104 1967 284 2022 etiam
316 1980 416 2021 nos
441 1979 504 2020 ea
532 1964 868 2020 documentis
896 1964 1089 2019 talibus
1111 1975 1447 2034 purgaturos.
1485 1964 1576 2020 Sic
1615 1965 1718 2020 illis

106 2059 343 2115 assidue
368 2075 463 2115 sua
489 2059 664 2114 inania
700 2058 1064 2129 repetentibus
1084 2099 1099 2122 ,
1136 2058 1252 2114 haec
1279 2073 1310 2112 a
1345 2057 1501 2113 nobis
1533 2072 1718 2128 perse-

110 2152 499 2208 verantissime
518 2152 741 2222 repetita
762 2159 886 2206 sunt
919 2167 932 2203 :
961 2151 1041 2207 sic
1067 2165 1162 2206 eos
1186 2149 1387 2206 veritas
1406 2149 1553 2216 vicit,
1579 2158 1632 2204 et
1650 2149 1718 2204 ad

107 2245 201 2300 illa
224 2259 357 2315 quae
383 2243 769 2314 protuleramns
796 2241 1059 2298 audienda
1076 2239 1376 2297 confutatos
1403 2251 1714 2311 superatos-

115 2353 229 2408 que
254 2336 598 2394 constrinxit.
630 2335 894 2392 Videbant
915 2335 1081 2403 enim,
1111 2337 1155 2391 si
1181 2336 1323 2391 nulla
1353 2336 1576 2391 crimina
1606 2336 1721 2392 Cae-

107 2429 297 2484 ciliani
327 2428 620 2498 objicerent
644 2427 1006 2483 communioni
1031 2437 1250 2492 nostrae,
1273 2426 1404 2482 nihil
1426 2427 1526 2484 sibi
1547 2444 1720 2484 rema-

111 2535 246 2576 nere
268 2518 417 2575 unde
438 2534 586 2574 suam
608 2518 678 2573 ab
695 2519 895 2575 unitate
910 2519 1303 2588 separationem
1321 2535 1536 2592 quoquo
1557 2521 1718 2578 modo

111 2622 442 2669 excusarent
468 2630 482 2666 :
507 2612 550 2667 si
593 2621 770 2669 autem
815 2611 1112 2684 objicerent
1143 2613 1370 2669 crimina
1407 2613 1714 2682 Caeciliani,

112 2719 216 2760 nec
255 2722 288 2760 a
319 2719 379 2761 se
419 2705 520 2760 nisi
553 2705 746 2760 talibus
771 2704 1106 2762 documentis
1135 2721 1294 2778 posse
1322 2709 1490 2764 asseri
1513 2750 1530 2777 ,
1560 2724 1659 2765 nec
1687 2723 1718 2763 a

115 2798 462 2882 nobisposse
482 2799 640 2852 aliter
663 2797 898 2854 defendi.
1225 2810 1232 2817 '

184 2887 426 2944 CAPUT
467 2887 706 2943 XXVIII.
729 2919 796 2930 —
823 2889 912 2945 48.
945 2889 1063 2946 Jam
1103 2905 1233 2950 vero
1278 2891 1411 2948 illud
1451 2893 1589 2948 inter
1616 2893 1718 2950 bos

117 2995 312 3035 eorum
350 2981 864 3036 contentiosissimos
892 2981 1181 3052 strepitus,
1208 2982 1393 3053 quanti
1433 2983 1719 3041 emendum

118 3071 260 3139 fuit,
287 3073 438 3144 quod
491 3089 613 3130 cum
660 3073 964 3130 diceremus
1007 3074 1112 3130 hoc
1148 3090 1248 3131 nos
1294 3092 1594 3146 proponere
1617 3119 1632 3144 ,
1664 3087 1721 3134 ut

119 3169 350 3225 crimina
394 3184 512 3240 quae
559 3169 739 3224 solent
780 3169 1014 3239 objicere
1061 3180 1261 3224 nostra:
1313 3172 1713 3240 communioni,

119 3277 237 3331 quae
261 3277 361 3334 per
378 3276 567 3317 omnes
592 3270 779 3332 gentes
803 3260 1072 3327 dilatatur,
1096 3261 1385 3332 probarent
1411 3263 1454 3318 si
1477 3273 1716 3335 possent,

122 3360 178 3408 ιιι
197 3352 331 3409 hinc
349 3367 533 3408 eorum
550 3352 834 3423 separatio,
857 3360 1033 3407 utrum
1047 3351 1189 3423 justa
1209 3353 1366 3408 fuerit
1387 3363 1716 3421 nosceretur;

122 3445 521 3516 responderunt
547 3487 561 3511 ,
593 3444 821 3499 alienam
846 3457 1061 3500 causam
1089 3459 1189 3500 nos
1215 3459 1375 3516 agere
1405 3446 1544 3502 velle
1565 3488 1581 3512 ,
1615 3445 1719 3502 hoc

125 3545 240 3603 est,
276 3535 754 3593 transmarinarum
794 3535 1153 3592 Ecclesiarum
1180 3578 1196 3603 ,
1225 3537 1416 3606 quibus
1457 3536 1574 3593 haec
1612 3553 1719 3594 non

125 3627 448 3700 ohjicerent,
477 3630 729 3701 quoniam
757 3629 896 3686 inter
926 3628 1086 3684 Afros
1112 3639 1254 3685 esset
1279 3631 1376 3686 ista
1401 3632 1673 3687 contentio
1701 3650 1714 3686 :

127 3720 245 3778 illas
271 3737 404 3778 vero
433 3721 701 3778 Ecclesias
728 3721 904 3792 potius
929 3733 1250 3792 exspectare
1277 3722 1476 3780 debere
1496 3767 1509 3791 ,
1541 3734 1599 3780 ut
1625 3741 1720 3781 eos

126 3813 224 3869 sibi
265 3815 522 3886 copulent
562 3815 652 3886 qui
693 3815 748 3869 in
777 3813 879 3869 hac
917 3813 1214 3871 Collatione
1257 3817 1508 3884 vicerint,
1535 3824 1590 3872 et
1619 3817 1719 3888 ipsi

127 3920 247 3960 cum
275 3906 360 3962 eis
387 3904 618 3961 habeant
637 3904 958 3960 catholicum
985 3905 1368 3974 tuomen‘lQuid
1396 3923 1522 3978 ergo
1547 3907 1720 3964 adhuc

127 3996 368 4065 quaeritis
391 4037 406 4061 ,
435 3994 635 4066 quidve
679 3995 932 4051 dubitatis
959 4038 974 4062 ,
1006 4012 1163 4066 quam
1209 3996 1506 4054 Ecclesium
1539 4008 1720 4056 tenere

131 4086 404 4144 debeatis?
430 4087 570 4144 Ecce
600 4087 808 4143 habetis
829 4103 945 4143 eam
967 4130 982 4155 ,
1010 4098 1196 4143 contra
1227 4105 1384 4158 quam
1414 4091 1579 4145 vestri
1607 4092 1719 4160 epi-

130 4181 274 4254 scopi
319 4195 533 4235 causam
559 4194 618 4235 se
645 4195 752 4235 non
781 4178 980 4236 habere
1006 4179 1237 4234 confessi
1268 4190 1425 4247 sunt,
1457 4182 1541 4236 cui
1568 4197 1718 4236 com-

129 4272 314 4326 munio
334 4281 518 4328 nostra
538 4271 822 4341 conjuncta
843 4279 926 4326 est
943 4311 959 4338 ,
988 4270 1132 4326 unde
1151 4271 1388 4340 ipsorum
1413 4273 1719 4329 communio

129 4375 372 4435 separata
401 4375 503 4422 est.
531 4365 588 4422 Si
628 4367 769 4421 enim
809 4364 970 4420 modo
1011 4380 1130 4420 eam
1171 4373 1481 4435 exspectare
1522 4365 1721 4422 debere

132 4456 420 4527 dixerunt,
449 4469 509 4515 ut
547 4459 636 4530 qui
683 4468 920 4514 nostrum
967 4457 1230 4522 vicerint,
1259 4455 1356 4528 ipsi
1389 4457 1437 4512 ei
1467 4457 1720 4529 copulen-

132 4557 215 4605 tur
240 4594 256 4618 ,
287 4562 343 4607 et
371 4567 490 4607 cum
516 4551 604 4606 illa
629 4557 844 4606 teneant
867 4548 1188 4605 catholicum
1219 4564 1411 4604 nomen
1439 4567 1451 4603 :
1474 4549 1584 4619 jam
1614 4551 1721 4604 uti-

136 4658 236 4712 que
262 4643 493 4714 majores
514 4643 681 4698 nostri
703 4643 934 4711 majores
953 4656 1139 4696 eorum
1163 4650 1286 4696 ante
1313 4641 1576 4708 vicerunt;
1601 4641 1720 4698 ideo

140 4735 210 4790 illi
243 4736 497 4792 Ecclesia:
525 4734 755 4805 copulati
781 4733 1101 4789 catholicum
1134 4748 1328 4789 nomen
1359 4734 1411 4788 in
1444 4733 1560 4804 ejus
1603 4734 1722 4789 uni-

142 4835 244 4884 tate
269 4836 574 4884 tenuerunt.
617 4827 706 4882 Isti
735 4835 914 4881 autem
940 4826 984 4880 si
1013 4840 1043 4878 a
1072 4825 1362 4895 majoribus
1387 4826 1585 4880 nostris
1610 4825 1720 4895 jam

142 4919 190 4973 in
229 4923 341 4978 suis
382 4921 672 4992 majoribus
699 4919 827 4975 victi
864 4928 1024 4986 sunt,
1047 4934 1211 4988 quare
1247 4918 1522 4974 nobiscum
1548 4918 1722 4975 adhuc

142 5027 305 5086 usque
330 5013 656 5070 contendunt
670 5013 694 5066 ?
708 5011 762 5069 Si
789 5021 967 5068 autem
982 5010 1104 5066 victi
1132 5025 1238 5065 non
1259 5018 1404 5078 sunt,
1427 5025 1591 5081 quare
1617 5026 1722 5067 non

145 5107 536 5161 communicant
573 5105 648 5160 illi
683 5103 935 5160 Ecclesiae
957 5145 970 5170 ,
997 5117 1154 5173 quam
1182 5117 1375 5173 negare
1402 5103 1720 5159 catholicam

147 5209 247 5250 non
274 5198 514 5254 valentes
544 5240 560 5265 ,
592 5196 792 5252 nullam
821 5211 1036 5251 causam
1075 5205 1260 5250 contra
1289 5209 1407 5250 eam
1439 5209 1496 5249 se
1523 5195 1721 5252 habere

147 5287 366 5345 confessi
394 5288 554 5344 sunt?
583 5287 720 5344 Ecce
763 5287 1003 5343 Ecclesia
1058 5286 1319 5341 catholica
1371 5289 1722 5344 transmarina

150 5377 200 5432 in
227 5389 305 5438 tot
328 5383 573 5456 gentibus
598 5381 812 5438 dilatata
835 5421 848 5446 ,
880 5395 1037 5452 quem
1067 5379 1264 5435 debere
1291 5388 1601 5450 exspectare
1637 5380 1722 5436 di-

152 5483 365 5542 xerunt;
395 5484 452 5530 ut
487 5489 582 5531 eos
623 5473 725 5530 sibi
765 5473 855 5544 qui
903 5473 1123 5528 vicerint
1175 5473 1425 5542 copulet,
1456 5473 1724 5543 quomodo

154 5573 454 5634 exspectare
480 5566 638 5623 debet
681 5579 774 5621 eos
813 5564 912 5620 sibi
938 5565 1188 5636 cepulare
1218 5565 1305 5636 qui
1333 5565 1594 5632 vicerint,
1622 5567 1724 5622 nisi

157 5652 218 5709 ab
239 5659 315 5713 eis
341 5660 652 5716 criminibus
691 5659 758 5715 de
786 5658 978 5729 quibus
1004 5657 1142 5714 inter
1185 5674 1283 5714 nos
1316 5659 1520 5728 agitur,
1552 5659 1723 5715 aliena

161 5744 261 5799 sit?
285 5749 413 5808 Nam
433 5751 477 5807 si
505 5751 572 5807 ab
600 5753 676 5807 eis
701 5749 870 5805 aliena
900 5765 1003 5802 non
1021 5759 1122 5816 est,
1150 5751 1307 5805 etiam
1331 5751 1441 5819 ipsa
1468 5768 1556 5808 rea
1586 5754 1722 5810 victa

422 5844 646 5906 SANCT.
698 5847 970 5904 Aoevsr.
1020 5843 1130 5903 IX.

1559 265 1760 324 LIBER
1802 264 1894 323 UN
1902 265 2002 324 US.

95 384 204 456 agi
262 398 370 440 non
409 381 1018 455 posse?Proposuerunt
1056 381 1210 437 nobis
1236 381 1376 459 quod
1401 381 1510 450 jam
1553 382 1726 436 fuerat

3243 285 3427 346 ’682

1836 397 1957 437 cum
2009 385 2162 441 victis
2199 390 2465 456 quomodo
2515 392 2618 447 sibi
2663 402 2747 448 est
2789 395 3099 464 copulatura
3152 402 3428 459 victores?

1833 475 2000 531 Porro
2024 477 2071 532 si
2095 478 2163 534 ab
2189 477 2274 536 his
2302 481 2636 548 criminibus,
2660 485 2796 541 sicut
2825 485 3078 556 fatentur,
3111 491 3284 547 aliena
3313 505 3416 561 est;

1830 570 1990 626 alieni
2015 581 2069 628 et
2096 587 2194 629 nos
2223 589 2426 643 sumus,
2467 577 2561 649 qui
2601 578 2776 635 eidem
2819 584 3196 640 communione
3248 588 3426 643 cohae-

1832 677 2030 718 remus.
2060 662 2193 718 Nam
2218 666 2263 720 si
2288 676 2506 738 propter
2535 668 2691 724 istam
2716 675 3145 730 communionem
3178 692 3276 732 nos
3296 694 3427 735 con-

1833 753 2053 809 taminat
2083 755 2286 813 crimen
2327 758 2560 814 alienum
2585 777 2600 828 ;
2622 770 2677 816 et
2703 761 2871 832 ipsam
2891 805 2908 832 ,
2937 765 3023 819 cui
3057 771 3427 825 communica-

1831 861 1949 900 mus
1972 887 1986 911 ,
2015 847 2218 904 crimen
2247 851 2578 907 contaminat
2605 863 2866 910 nostrum.
2903 855 3009 913 Sed
3046 860 3160 930 ipsa
3189 863 3425 920 confessi

1829 949 1954 994 sunt
1983 955 2087 996 non
2123 942 2378 1012 pollutam
2405 947 2631 1002 crimine
2651 947 2902 1004 Afrorum
2923 993 2937 1017 ,
2971 957 3214 1022 quamvis
3245 958 3293 1012 ei
3327 958 3424 1014 Sa-

1828 1041 2224 1089 cramentorum
2260 1039 2637 1096 communione
2677 1043 2988 1100 sociemur:
3023 1047 3092 1102 ibi
3123 1064 3250 1120 ergo
3290 1067 3422 1106 con-

1829 1125 1951 1180 victi
2000 1135 2126 1180 sunt
2167 1143 2269 1183 nec
2306 1145 2404 1184 nos
2435 1131 2597 1200 pollui
2632 1135 2870 1204 potuisse
2906 1138 3130 1195 crimine
3160 1142 3373 1198 illorum
3402 1187 3417 1208 ,

1830 1217 2024 1285 quibus
2055 1217 2523 1276 Sacramentorum
2547 1228 2922 1283 communione
2950 1232 3219 1288 sociamur
3248 1276 3263 1300 ,
3294 1235 3421 1305 quia

1829 1310 1976 1363 nullo
2025 1326 2164 1366 nexu
2215 1315 2584 1372 consensionis
2635 1317 2972 1375 involvimur.
3011 1322 3323 1395 Quanquam
3364 1339 3422 1384 et

1828 1400 1992 1468 ipsius
2019 1399 2287 1458 Caeciliani
2319 1405 2507 1462 victrix
2549 1421 2711 1464 causa
2737 1408 2939 1465 eisdem
2980 1413 3158 1468 verbis
3188 1416 3415 1474 istorum

1829 1491 2076 1547 facillime
2108 1493 2522 1552 demonstratur.
2550 1497 2606 1554 Si
2644 1500 2788 1554 enim
2819 1502 3227 1573 conﬂigentibus
3264 1509 3418 1566 nobis

1825 1593 2136 1655 exspectare
2175 1587 2335 1642 debet
2365 1589 2600 1645 Ecclesia
2634 1593 2986 1648 transmarina
3034 1595 3104 1650 ab
3146 1599 3263 1654 istis
3310 1602 3419 1656 cri-

1826 1678 2055 1733 minibus
2080 1679 2248 1734 aliena
2271 1721 2286 1744 ,
2313 1688 2372 1735 ut
2398 1695 2492 1736 eos
2511 1682 2602 1753 qui
2633 1683 2889 1751 vicerint,
2921 1686 3024 1741 sibi
3062 1697 3115 1743 et
3153 1691 3419 1749 catholico

1827 1771 2029 1826 nomini
2074 1772 2366 1844 adjungat;
2401 1784 2524 1830 tunc
2549 1777 2912 1848 exspectabat,
2944 1781 3155 1850 quando
3185 1786 3418 1856 majores

1825 1865 2046 1921 istorum
2080 1883 2201 1923 cum
2229 1869 2512 1924 Camillano
2543 1871 2737 1926 acriter
2761 1873 3133 1944 confligebant.
3166 1875 3256 1933 Ille
3287 1894 3416 1950 ergo

1826 1971 1948 2015 tunc
1975 1961 2136 2026 vicit,
2167 1977 2326 2032 quem
2370 1963 2468 2018 sibi
2518 1973 2639 2033 post
2675 1964 2979 2021 conﬂictum
3023 1966 3112 2022 illa
3157 1985 3276 2040 qua:
3312 1971 3415 2028 hoc

1824 2060 2224 2120 exspectaverat
2252 2053 2538 2123 c0pulavit.
2567 2055 2671 2109 Aut
2697 2055 2744 2110 si
2770 2058 2942 2126 potuit
2961 2066 3014 2112 et
3037 2059 3294 2127 pollutum
3311 2061 3413 2116 sibi

1824 2145 1876 2198 in
1899 2145 2360 2200 Sacramentorum
2378 2148 2752 2203 communione
2777 2151 3049 2220 copulare,
3069 2161 3122 2208 et
3147 2154 3284 2209 sicut
3301 2157 3413 2226 jam

1823 2237 2052 2292 confessi
2079 2248 2231 2305 sunt,
2260 2238 2329 2292 ab
2360 2238 2440 2293 his
2466 2239 2779 2296 criminibus
2807 2241 3078 2312 impolluta
3099 2246 3411 2314 persistere;

1824 2332 1990 2386 multo
2017 2331 2182 2401 magis
2204 2332 2427 2388 vicimus
2455 2332 2580 2389 hinc
2607 2334 2954 2392 ostendentes
2981 2339 3251 2407 proprium
3278 2355 3414 2395 onus

1822 2439 2087 2494 quemque
2108 2433 2342 2494 portare,
2357 2435 2411 2480 et
2431 2441 2530 2482 nec
2553 2441 2767 2482 causam
2793 2442 2988 2494 causae,
3011 2444 3110 2485 nec
3127 2444 3414 2500 personam

1825 2516 2176 2585 przejudicare
2206 2532 2470 2587 personaz.

1894 2607 2118 2664 CAPUT
2140 2607 2334 2664 XXIX.
2358 2640 2426 2650 -—
2450 2610 2540 2667 49.
2563 2611 2680 2666 Jam
2702 2628 2830 2668 vero
2847 2623 2905 2669 ut
2933 2614 3184 2671 mandato
3203 2626 3410 2685 nostro,

1826 2699 1910 2754 ubi
1941 2698 2244 2755 universam
2265 2716 2479 2756 causam
2504 2703 2766 2773 complexi
2788 2704 3076 2772 fueramus,
3103 2722 3200 2762 nec
3224 2724 3416 2779 repen-

1825 2789 1950 2846 tinis
1993 2790 2205 2859 verbis,
2236 2791 2331 2847 sed
2378 2793 2694 2864 conscriptis
2748 2794 2941 2851 litteris
2982 2797 3412 2866 respondendum

1825 2891 2090 2952 putarent,
2108 2883 2291 2954 quanti
2316 2883 2600 2940 emendum
2626 2885 2763 2941 fuit?
2781 2886 2868 2942 Sic
2891 2887 3032 2944 enim
3066 2890 3300 2945 constitit
3319 2907 3416 2948 eos

1826 2975 2151 3046 respondere
2180 2993 2286 3032 non
2314 2977 2552 3048 potuisse
2581 2979 2662 3033 bis
2690 2980 2958 3045 omnibus,
2993 2997 3111 3050 quae
3142 2981 3192 3035 in
3225 2992 3414 3038 nostro

1824 3069 2076 3126 mandato
2127 3073 2330 3140 posita,
2361 3085 2462 3126 nec
2506 3071 2766 3142 attingere
2822 3072 3043 3127 omnino
3080 3073 3190 3127 suis
3224 3073 3416 3128 litteris

1826 3164 2130 3219 voluerunt.
2152 3163 2336 3234 Neque
2359 3164 2499 3219 enim
2519 3173 2695 3234 potest
2718 3165 2910 3236 aliquis
2935 3164 3136 3233 dicere,
3165 3181 3418 3235 prosecu-

1826 3255 2025 3310 tionem
2046 3264 2284 3309 nostram
2311 3255 2620 3310 memoriter
2638 3270 2732 3310 eos
2761 3271 2867 3310 non
2897 3257 3132 3327 potuisse
3160 3257 3415 3324 retinere,

1827 3359 1881 3403 et
1909 3354 2191 3417 propterea
2232 3345 2392 3401 rebus
2422 3346 2737 3401 necessariis
2767 3362 2872 3401 non
2913 3347 3162 3402 omnibus
3190 3363 3415 3418 respon-

1825 3438 1952 3494 dere
1981 3439 2234 3494 voluisse.
2265 3437 2477 3493 Editum
2504 3448 2585 3494 est
2610 3439 2686 3493 cis
2713 3438 3020 3494 mandatum
3048 3449 3291 3495 nostrum
3321 3457 3417 3511 per

1826 3529 2087 3586 notoriam
2127 3529 2522 3602 postulantibus
2545 3571 2561 3597 ,
2586 3539 2639 3585 et
2668 3529 2769 3585 hoc
2809 3531 2982 3600 ipsum
3022 3532 3374 3602 allegantibus
3398 3574 3417 3600 ,

1828 3635 1884 3679 ut
1904 3624 2147 3680 instructi
2169 3633 2387 3694 possent
2411 3625 2479 3680 ad
2498 3625 2676 3680 omnia
2701 3626 3045 3696 respondere.
3075 3627 3140 3682 Et
3165 3642 3288 3682 cum
3303 3629 3414 3699 jam

1825 3724 2030 3788 septem
2058 3717 2249 3773 delecti
2279 3727 2507 3772 essenta
2534 3719 2766 3787 caeteris,
2794 3721 2882 3791 qui
2908 3722 3087 3776 omnia
3117 3737 3212 3792 pro
3237 3725 3417 3779 omni-

1825 3810 1925 3867 hus
1954 3818 2200 3882 agerent,
2231 3810 2434 3866 litteras
2458 3820 2636 3866 tamen
2668 3812 2810 3883 ipsas
2837 3813 3030 3884 quibus
3056 3825 3242 3872 nostro
3267 3832 3420 3872 man-

1827 3901 1950 3958 dato
1975 3903 2297 3973 respondere
2330 3903 2504 3959 conati
2532 3911 2677 3973 sunt,
2706 3903 2868 3959 totius
2898 3906 3106 3961 concilii
3134 3907 3214 3962 sui
3247 3912 3420 3963 nomi-

1826 4010 1894 4050 ne
1924 3995 2300 4066 protulerunt,
2331 4005 2582 4067 tanquam
2624 3997 2901 4067 epistolam
2939 3999 3007 4053 ab
3035 4000 3284 4056 omnibus
3316 4001 3418 4056 illis

1825 4085 1893 4141 ad
1931 4085 2270 4158 Cognitorcm
2300 4087 2497 4143 datam.
2527 4088 2696 4154 Quam
2725 4089 2768 4142 si
2797 4089 3061 4144 nollemus
3097 4091 3377 4147 admittere
3402 4136 3416 4157 ,

1819 4177 1942 4248 jure
1968 4178 2170 4247 optimo
2209 4177 2507 4233 faceremus
2538 4195 2550 4230 :
2581 4193 2754 4248 neque
2781 4178 2925 4233 enim
2952 4180 3155 4234 ordinis
3180 4192 3332 4245 erat,
3359 4193 3416 4236 ut

1825 4278 1945 4338 post
1967 4268 2256 4339 injunctam
2292 4280 2496 4338 septem
2537 4269 2840 4324 hominibus
2867 4285 3101 4336 causam,
3121 4272 3230 4342 jam
3258 4274 3417 4343 quid-

1825 4376 1986 4432 quam
2016 4361 2116 4416 nisi
2144 4377 2238 4430 per
2267 4361 2389 4416 illos
2415 4363 2503 4432 qui
2533 4361 2726 4418 delecti
2755 4363 2986 4429 fuerant,
3013 4375 3279 4436 ageretur.
3307 4369 3413 4424 Sed

1827 4468 1894 4507 ne
1924 4453 2117 4508 litteris
2142 4453 2339 4508 nostris
2369 4452 2571 4508 litteras
2592 4468 2778 4508 eorum
2809 4454 3047 4511 timuisse
3070 4456 3375 4514 videremur
3401 4502 3414 4522 ,

1827 4547 1944 4602 sine
1966 4545 2070 4603 ulla
2099 4545 2432 4600 haesitatione
2458 4554 2515 4600 ut
2541 4546 2842 4617 legerentur
2861 4547 3191 4603 admisimus.
3217 4550 3417 4620 Optan-

1827 4637 1952 4692 dum
1981 4637 2146 4703 enim,
2176 4647 2229 4692 et
2257 4645 2313 4692 ut
2343 4637 2472 4703 dixi,
2496 4638 2779 4694 emendum
2803 4650 2936 4706 erat,
2965 4651 3022 4695 ut
3053 4651 3170 4710 post
3201 4651 3277 4697 tot
3297 4644 3414 4700 dic-

1827 4746 1946 4786 rum
1973 4729 2307 4796 dilationem,
2337 4745 2494 4800 quam
2518 4732 2597 4786 eis
2627 4731 2929 4801 petentibus
2955 4747 3414 4802 concesseramus,

1828 4822 2079 4877 afferrent
2105 4821 2472 4877 elucubratum
2517 4823 2750 4878 laborem
2775 4863 2792 4888 ,
2823 4824 2874 4878 in
2906 4840 3012 4895 quo
3041 4841 3134 4881 eos
3162 4828 3416 4884 mandato

1830 4924 2014 4970 nostro
2043 4929 2149 4970 non
2176 4915 2536 4985 respondisse,
2567 4915 2694 4970 satis
2726 4925 2976 4987 utrasque
2999 4917 3202 4974 litteras
3231 4919 3416 4992 legen-

1831 5006 1970 5061 tibus
2007 5015 2316 5076 appareret,
2348 5015 2401 5060 et
2440 5021 2539 5061 nos
2585 5007 2785 5062 eisdem
2833 5006 2961 5078 ipsis
2999 5009 3189 5065 litteris
3231 5028 3417 5068 eorum

1831 5098 1946 5155 sine
1968 5098 2070 5153 ulla
2095 5097 2350 5154 dilatione
2371 5114 2494 5155 mox
2514 5100 2859 5170 respondisse
2877 5112 3169 5159 constaret.
3193 5103 3247 5160 Si
3273 5107 3416 5160 enim

1829 5191 2075 5248 homines
2119 5201 2224 5248 tam
2259 5193 2410 5250 tardo
2453 5195 2666 5264 ingenio
2693 5203 2854 5263 sunt,
2889 5206 2945 5251 ut
2970 5212 3064 5253 eos
3093 5199 3420 5254 arbitrentur

1831 5283 2025 5354 aliquid
2052 5284 2257 5341 dixisse
2278 5326 2292 5351 ,
2319 5285 2371 5340 in
2399 5287 2590 5357 quibus
2617 5286 2750 5342 locis
2771 5289 3008 5344 mandati
3043 5291 3210 5345 nostri
3241 5300 3419 5347 tacere

1832 5376 2136 5442 noluerunt;
2159 5376 2422 5432 neminem
2441 5386 2568 5448 puto
2587 5393 2708 5434 esse
2731 5388 2836 5434 tam
2853 5382 3122 5448 stolidum,
3143 5383 3235 5452 qui
3256 5385 3416 5438 etiam

1833 5469 1887 5523 in
1913 5467 1995 5522 his
2021 5468 2151 5524 locis
2179 5469 2376 5540 aliquid
2407 5485 2501 5526 eos
2531 5472 2877 5542 respondisse
2902 5474 3191 5541 existimet,
3217 5475 3269 5529 in
3302 5477 3419 5545 qui-

1832 5563 1932 5619 bus
1955 5563 2173 5618 omnino
2200 5571 2494 5620 tacuerunt.
2521 5565 2637 5620 Non
2658 5568 2801 5622 enim
2829 5583 2988 5638 parva
3017 5567 3267 5638 velquasi
3287 5583 3417 5623 con-

1835 5659 2113 5714 temnenda
2135 5667 2275 5726 sunt,
2301 5673 2422 5714 cum
2455 5660 2505 5714 in
2536 5659 2618 5714 bis
2646 5661 2822 5729 potius
2850 5660 3024 5716 omnis
3048 5675 3206 5716 causa
3237 5661 3416 5716 consi-

1836 5759 1955 5807 stat.

2747 5850 3249 5931 (Vingt—deux.)
