3816 6166
384 336 492 399 883

460 449 549 508 50.
587 446 721 505 Nam
747 442 1049 501 testimonia
1079 438 1473 511 Scripturarum
1512 437 1702 512 quibus
1740 430 1972 492 asserui-

387 557 509 602 mus
553 538 845 597 Ecclesiam
900 535 987 591 cui
1038 532 1495 591 communicamus
1525 572 1539 597 ,
1570 529 1639 583 'ab
1674 525 1971 584 Jerusalem

386 644 636 706 emptam,
669 641 782 687 toto
802 639 1065 686 terrarum
1093 622 1223 683 orbe
1244 618 1488 689 diti'undi,
1520 628 1773 691 tanquam
1799 616 1974 673 omni-

384 742 459 783 no
483 726 622 781 dicta
645 737 753 778 non
784 720 1013 787 fuerint,
1046 717 1419 789 praeterierunt
1448 722 1638 783 magna
1668 710 1807 766 mole
1832 708 1971 764 divi-

384 832 471 876 nae
487 813 814 874 auctoritatis
836 809 1098 884 oppressi.
1122 810 1252 864 Item
1278 805 1419 878 quod
1437 806 1490 860 in
1514 810 1697 859 nostro
1723 800 1974 856 mandato

384 911 619 984 positum
646 915 729 964 est
751 905 819 962 de
843 907 998 961 beato
1021 890 1290 976 Cypriano
1310 941 1325 963 ,
1351 896 1443 969 qui
1464 892 1768 952 tolerandos
1795 893 1972 964 potius

383 1004 444 1062 in
482 1002 718 1060 Ecclesia
759 1000 962 1066 malos,
992 1007 1150 1068 quam
1181 1000 1399 1066 prepter
1440 1002 1534 1047 eos
1558 987 1850 1045 Ecclesiam
1875 985 1971 1041 de-

387 1094 668 1156 serendum
690 1138 706 1162 ,
734 1103 791 1152 et
813 1098 1084 1166 praecepto
1108 1086 1414 1153 admonuit,
1437 1093 1490 1139 et
1515 1086 1613 1139 suo
1642 1079 1975 1136 confirmavit

387 1191 661 1262 eXempio,
692 1182 953 1257 attingere
978 1180 1201 1237 omnino
1230 1186 1336 1233 nea
1358 1175 1472 1231 ausi
1498 1180 1624 1230 sunt
1650 1190 1663 1225 :
1692 1170 1855 1227 credo
1884 1168 1973 1225 itt-

386 1261 748 1352 intelligentes
776 1275 918 1347 quod
958 1268 1208 1345 Cypriani
1236 1264 1604 1323 auctoritatem
1630 1262 1676 1317 si
1703 1263 1754 1316 in
1795 1261 1972 1331 aliquo

388 1351 589 1442 scripto
633 1369 751 1439 ejus
793 1361 1113 1420 labefactare
1158 1366 1464 1424 tentarent,
1494 1355 1790 1410 faterentur
1814 1351 1974 1407 etiam

389 1474 490 1520 nos
502 1441 661 1518 recte
686 1455 985 1514 auctoritati
1014 1452 1130 1525 ejus
1156 1460 1262 1508 non
1291 1449 1483 1504 cedere
1506 1488 1522 1514 ,
1553 1446 1608 1502 in
1643 1461 1708 1501 eo
1736 1442 1876 1515 quod
1902 1441 1973 1498 de

386 1553 635 1613 iterando
659 1550 928 1621 Baptismo
950 1546 1122 1602 solent
1143 1543 1259 1616 ejus
1277 1542 1472 1613 placita
1498 1540 1584 1596 vel
1611 1538 1823 1594 decreta
1855 1552 1981 1608 pro-

389 1648 532 1702 ferre
559 1660 572 1700 :
596 1654 754 1715 quam
798 1653 896 1695 nec
933 1638 1105 1709 ipsam
1133 1636 1202 1692 de
1243 1626 1517 1705 Baptismo
1557 1630 1809 1703 Cypriani
1847 1644 1977 1685 sen-

388 1737 610 1796 tentiam
665 1743 854 1807 aperte
898 1742 1330 1787 commemorare
1371 1726 1698 1791 voluerunt,
1749 1725 1979 1780 scientes

389 1832 548 1888 etiam
569 1827 678 1884 illic
695 1869 710 1893 ,
735 1826 779 1882 si
800 1823 1036 1881 facerent
1052 1865 1069 1891 ,
1092 1837 1151 1879 se
1166 1821 1467 1877 offensuros
1486 1833 1606 1875 esse
1626 1817 1977 1886 naufragium;

390 1925 643 1995 quoniam
667 1918 966 1993 Cyprianus
990 1928 1097 1971 non
1123 1915 1340 1985 reliquit
1368 1912 1649 1978 unitatem;
1680 1920 1875 1968 etcum
1900 1908 1981 1966 eis

366 2016 446 2079 ,in
474 2015 567 2070 illa
592 2010 926 2085 permansit,
949 2008 1038 2080 qui
1059 2009 1127 2064 de
1156 2007 1259 2063 hac
1297 2019 1359 2062 re
1400 2004 1611 2061 diversa
1652 2010 1981 2060 senserunt:

392 2107 533 2163 unde
573 2114 665 2161 aut
693 2113 820 2160 tunc
858 2100 1106 2157 Ecclesia
1135 2100 1342 2171 perisse
1370 2096 1594 2153 dicenda
1623 2105 1703 2151 est
1726 2137 1743 2164 ,
1771 2103 1830 2151 et
1875 2110 1982 2150 non

364 2198 495 2277 .fuit
514 2199 624 2271 jam
661 2213 727 2254 ex
755 2208 859 2268 qua
888 2201 1201 2251 nasceretur
1232 2192 1468 2247 Donatus
1493 2190 1746 2256 illorum;
1776 2197 1867 2244 aut
1894 2186 1981 2256 si,

366 2288 535 2371 Lquod
561 2306 747 2349 verum
773 2298 853 2346 est
882 2332 898 2357 ,
926 2286 1223 2359 permansit
1248 2284 1486 2342 Ecclesia
1506 2327 1521 2352 ,
1551 2300 1657 2338 non
1686 2284 1737 2339 in
1764 2298 1824 2337 ea
1854 2297 1989 2337 con-

366 2421 371 2427 ο
396 2387 659 2442 taminant
679 2382 804 2438 mali
830 2382 1019 2445 bonos,
1042 2379 1182 2435 sieut
1203 2376 1501 2449 Cyprianus
1527 2376 1687 2430 etiam
1705 2373 1983 2444 judicavit,

398 2478 486 2549 qui
533 2490 655 2531 cum
686 2473 895 2530 diversa
949 2470 1303 2528 sentientibus
1346 2469 1402 2523 in
1450 2466 1640 2523 eadem
1678 2466 1988 2521 diversitate

292 2631 296 2634 ,
369 2566 709 2639 permansit.
742 2566 820 2620 Ac
847 2580 944 2634 per
986 2563 1089 2618 hoc
1132 2562 1218 2617 isti
1258 2577 1318 2617 se
1360 2557 1675 2615 delestando
1705 2557 1988 2628 sacrilegio

372 2660 702 2747 .scbismatis
746 2657 1070 2721 induerunt,
1126 2655 1215 2727 qui
1265 2663 1481 2726 propter
1530 2652 1713 2708 nescio
1760 2667 1989 2723 quorum

396 2754 619 2813 crimina
642 2766 748 2808 non
774 2742 994 2822 probata
1024 2792 1039 2817 ,
1071 2748 1281 2805 etiamsi
1311 2761 1432 2801 vera
1464 2752 1667 2811 essent,
1696 2743 1844 2798 nullo
1873 2757 1990 2798 mo-

372 2840 469 2904 'do
511 2860 570 2903 se
615 2844 683 2899 ab
719 2843 920 2898 unitate
971 2849 1086 2896 toto
1112 2839 1243 2895 orbe
1268 2835 1459 2893 diﬂ‘usa
1502 2849 1754 2905 separare
1791 2834 1994 2889 debue-

395 2949 544 2997 runt.
598 2935 716 2994 Hoc
765 2936 842 2991 illi
904 2944 1158 3004 quantum
1209 2930 1524 3002 intelligitur
1577 2927 1927 2998 prrit-videntes
1971 2967 1987 2993 ,

398 3032 470 3087 ab
514 3029 611 3086 illo
663 3025 971 3083 testimonio
993 3024 1011 3057 ¹
1034 3022 1306 3096 Cypriani,
1338 3018 1481 3091 quod
1531 3019 1584 3073 in
1631 3025 1813 3072 nostro
1841 3031 1996 3071 man-

398 3123 526 3180 dato
582 3126 1057 3177 commemoratum
1130 3121 1215 3171 est
1240 3157 1254 3182 ,
1320 3120 1432 3169 toto
1497 3110 1712 3167 silentio
1765 3108 1993 3165 transie-

398 3224 545 3275 runt.

472 3308 560 3365 51.
609 3305 744 3363 Illud
784 3305 945 3361 etiam
988 3301 1132 3375 quod
1174 3302 1229 3356 in
1272 3310 1433 3356 causa
1477 3294 1991 3354 Maximianistarum

396 3402 502 3473 ipsi
530 3413 745 3472 quoque
773 3413 871 3454 suo
897 3395 1098 3467 judicio
1122 3390 1482 3458 declararunt,
1513 3408 1617 3447 non
1643 3398 1861 3460 propter
1880 3402 1995 3444 ma-

398 3495 486 3551 los
527 3493 784 3549 anitatem
832 3488 1185 3547 deserendam
1210 3530 1225 3554 ,
1269 3487 1363 3559 qui
1405 3482 1709 3541 Maximiani
1753 3484 1933 3541 socios
1962 3499 1996 3540 a

404 3582 728 3644 Maximiano
754 3584 1005 3641 dixerunt
1044 3598 1147 3637 non
1179 3580 1341 3637 fuisse
1372 3578 1636 3651 pollutos,
1667 3584 1723 3634 et
1750 3592 1843 3634 eos
1870 3577 1995 3634 inde

381 3675 538 3753 quos
565 3679 988 3742 damnaverunt,
1020 3675 1073 3731 in
1104 3675 1311 3729 honore
1354 3674 1560 3743 integro
1604 3677 1994 3742 susceperunt;

380 3844 381 3847 η
407 3781 465 3829 et
484 3770 814 3842 Baptismutn
851 3767 1048 3823 Christi
1087 3767 1214 3823 licet
1251 3764 1383 3820 foris
1409 3764 1475 3818 ab
1501 3763 1743 3818 Ecclesia
1768 3762 1949 3818 datum
1977 3804 1994 3831 ,

379 3857 802 3946 .agnoscendum
841 3858 1020 3931 potius
1062 3872 1222 3928 quam
1262 3855 1641 3911 destruendum
1680 3869 1800 3911 esse
1839 3869 1997 3910 mon-

408 3958 665 4018 stra‘run‘t,
695 3968 816 4008 cum
843 3968 874 4007 a
900 3948 1172 4006 Feliciano
1198 3949 1250 4003 in
1282 3947 1570 4003 schismate
1597 3947 1915 4019 baptizatos,
1943 3956 1999 4003 et

408 4064 533 4106 cum
564 4047 659 4104 illo
700 4053 883 4117 postea
913 4052 1161 4115 receptos
1191 4043 1381 4098 iterum
1424 4040 1695 4111 baptizare
1733 4057 1839 4095 non
1882 4039 2000 4096 ausi

410 4150 537 4199 sunt
566 4158 580 4195 :
611 4140 771 4196 etiam
801 4137 903 4193 hoc
932 4152 1061 4208 ergo
1101 4151 1219 4191 cum
1262 4134 1316 4190 in
1357 4146 1540 4190 nostro
1568 4131 1819 4189 mandato
1850 4131 2000 4204 lege-

412 4244 534 4295 rent
552 4278 569 4304 ,
604 4232 888 4291 tacendum
920 4231 1097 4303 potius
1125 4238 1179 4285 et
1207 4227 1638 4301 prtetereundum
1659 4269 1675 4293 ,
1707 4243 1866 4299 quam
1894 4227 2002 4285 ulla

413 4329 837 4388 contradictione
861 4323 1218 4382 refricandum
1248 4338 1368 4380 esse
1407 4330 1751 4378 censuerunt.
1774 4322 2002 4377 Causam

414 4421 575 4479 etiam
603 4416 874 4475 Caeciliani
900 4431 930 4469 a
958 4430 1119 4472 causa
1147 4412 1400 4469 Ecclesia:
1442 4412 1496 4469 in
1526 4421 1710 4468 nostro
1751 4410 2002 4468 mandato

416 4512 741 4578 distinctam,
760 4517 814 4565 et
838 4517 1015 4564 tamen
1034 4506 1194 4562 etiam
1217 4506 1387 4578 ipsam
1414 4504 1559 4560 omni
1577 4521 1643 4560 ex
1661 4514 1808 4575 parte
1828 4504 2005 4560 defen-

417 4620 564 4673 sam,
593 4599 970 4674 respondcndo
994 4613 1215 4670 prorsus
1246 4613 1354 4652 non
1389 4597 1696 4668 attigerunt.
1718 4595 1847 4663 Quis
1877 4610 2006 4668 ergo

418 4715 514 4757 eos
531 4697 607 4753 illi
632 4694 882 4751 mandato
899 4700 1087 4747 nostro
1104 4689 1445 4761 respondisse
1466 4689 1774 4755 arbitretur,
1793 4687 2007 4760 quando

418 4799 605 4849 contra
630 4788 747 4844 haec
771 4785 949 4843 omnia
978 4783 1181 4839 nullum
1211 4780 1431 4837 verbum
1460 4780 1659 4849 facere,
1689 4795 1789 4836 nec
1814 4780 2006 4837 saltem

395 4877 404 4886 “
421 4883 827 4956 qualiscumque
846 4875 1215 4949 responsionis
1234 4874 1640 4931 obumbratione
1656 4875 1832 4930 conati
1856 4875 2004 4931 sunt?

330 4968 333 4975 ’
422 4972 575 5041 Quod
595 4982 772 5029 autem
796 4971 899 5027 visi
920 4980 1047 5027 sunt
1069 4971 1091 5002 ³
1114 4967 1462 5039 respondere,
1487 4966 1627 5039 legat
1650 4967 1737 5038 qui
1760 4966 2005 5036 voluerit,

399 5075 481 5154 .et
504 5066 724 5138 judicet,
752 5065 925 5121 eidem
961 5064 1062 5136 ipsi
1087 5063 1341 5119 mandato
1370 5070 1554 5117 nostro
1596 5059 1880 5117 conferens
1915 5060 2007 5116 lit-

426 5175 569 5223 teras
595 5176 777 5218 eorum
799 5203 815 5228 ,
840 5169 1037 5232 praeter
1075 5158 1477 5230 responsionem
1497 5199 1511 5223 ,
1558 5172 1717 5229 quam
1760 5155 2012 5213 continuo

403 5251 779 5319 ‘reddidimus,
802 5266 903 5322 qua
926 5248 1107 5306 omnia
1127 5248 1373 5305 vanitatis
1399 5263 1587 5305 eorum
1612 5246 2012 5303 machinamen-

406 5328 484 5415 ίιι
511 5346 767 5403 subversa
792 5351 918 5399 sunt
941 5343 1040 5415 (a).

500 5435 729 5498 CAPUT
765 5433 940 5495 XXX.
963 5465 1035 5478 —
1059 5435 1148 5492 52.
1175 5435 1294 5493 Jam
1325 5433 1455 5492 illud
1475 5478 1490 5502 ,
1518 5433 1563 5491 si
1590 5441 1800 5490 montes
1823 5447 2013 5490 aureos

493 5711 515 5777 ξ
546 5708 685 5777 sua.
706 5704 834 5777 ειςιεα
854 5698 1505 5777 War-Atreis"
1524 5697 1610 5752 ειιο
1626 5696 1904 5761 mm»
1919 5705 2015 5751 θω·

498 5773 520 5804 ³
552 5768 802 5823 milia“
822 5773 949 5818 εντα.
966 5772 1075 5816 MSS.
1100 5775 1241 5823 vero,
1263 5768 1354 5814 utsi
1372 5768 1501 5813 sunt.

498 5804 1251 5898 (αἴΐίὲἰὲὧἭ

1114 326 1207 384 AD
1246 316 1668 384 DONATISTAS
1706 308 1874 379 POST
1912 304 2414 387 COLLATIONEM,
2456 316 2518 375 s.
2556 304 2925 376 AUGUSTINI

3608 302 3705 373 dat

2086 435 2354 505 daremus,
2383 438 2596 508 quando
2612 451 2794 493 emere
2814 450 3120 507 possumus,
3142 432 3286 507 quod
3307 432 3583 509 (objecta
3606 432 3703 489 sim

2081 524 2384 584 Maximiani
2421 544 2577 585 causa
2600 572 2615 598 ,
2648 538 2706 585 ut
2733 520 3094 601 intelligerent
3121 544 3189 585 eo
3218 527 3385 585 modo
3436 541 3564 582 non
3608 524 3703 579 ob-

2080 618 2247 677 fuisse
2290 621 2575 676 Caeciliano
2622 612 2904 678 concilium
2952 637 3058 694 quo
3104 615 3158 677 in
3209 636 3335 677 eum
3401 620 3703 676 absentem

2079 712 2411 785 septuaginta
2428 713 2665 785 episcopi
2688 706 2829 785 quod
2850 712 3135 770 voluerunt
3155 711 3702 787 pronuntiaverunt,

2079 807 2347 879 quomodo
2388 822 2495 862 non
2524 805 2700 864 obfuit
2727 804 2996 864 Primiano
3026 823 3149 864 cum
3194 805 3464 863 similiter
3497 804 3702 858 absen-

2082 912 2187 958 tem
2216 917 2311 972 pro
2337 903 2661 961 Maximiano
2681 914 2895 961 centum
2924 904 3097 962 ferme
3117 904 3360 977 episcOpi
3384 902 3704 959 damnave-

2078 993 2224 1068 runt)
2243 994 2712 1053 vehementissime
2731 997 3026 1069 perturbati
3055 984 3184 1055 etin
3208 978 3547 1052 horrendas
3571 1008 3701 1050 con-

2079 1088 2212 1142 trusi
2236 1088 2507 1159 angustias
2536 1089 2958 1159 responderunt,
2987 1105 3078 1167 nec
3107 1092 3320 1144 causam
3342 1102 3542 1144 causa:
3562 1127 3581 1151 ,
3610 1102 3701 1140 nec

2080 1196 2345 1252 personam
2365 1180 2702 1254 praejudicare
2720 1197 2985 1252 personae;
3012 1180 3096 1236 his
3127 1179 3491 1251 paucissimis
3515 1177 3704 1234 verbis

2080 1280 2245 1327 totam
2272 1282 2506 1327 nostram
2526 1288 2763 1340 causam,
2786 1271 2854 1329 de
2881 1288 2986 1346 qua
3012 1264 3135 1328 cum
3160 1272 3244 1328 eis
3271 1271 3555 1342 superius
3575 1284 3705 1324 con-

2079 1362 2425 1437 ﬂigebamus,
2458 1365 2677 1421 omnino
2722 1366 2975 1420 invictam
3018 1379 3139 1421 esse
3181 1360 3531 1419 ﬁrmantes?
3561 1358 3698 1429 Quid

2081 1456 2227 1512 enim
2257 1455 2398 1511 aliud
2425 1457 2714 1528 agebamus
2740 1465 2819 1512 tot
2844 1454 3161 1513 testimoniis
3199 1463 3538 1511 sanctorum
3587 1450 3705 1508 elo-

2081 1549 2349 1620 quiorum,
2382 1558 2529 1605 tanta
2555 1549 2871 1605 auctoritate
2910 1546 3301 1621 Prophetarum
3324 1589 3343 1616 ,
3386 1540 3701 1617 Apostolo-

2083 1656 2233 1706 rum,
2283 1640 2655 1713 episcoporum
2704 1640 3048 1712 ipsorumque
3087 1637 3575 1705 adversariorum,
3608 1634 3703 1690 de.
3776 1666 3777 1709 γ

2085 1742 2447 1797 monstrantes
2474 1732 2647 1790 bonos
2680 1749 2710 1789 a
2748 1732 2903 1789 matis
2928 1726 3404 1790 Sacramentorum
3440 1746 3701 1786 commu-

2086 1827 2246 1882 nione
2289 1842 2395 1881 non
2440 1824 2639 1897 pollui,
2680 1824 2725 1881 si
2768 1826 2972 1894 corde,
3026 1826 3344 1889 voluntate,
3398 1821 3700 1887 moribus,
3776 1820 3777 1893 ξ

2086 1916 2339 1987 Operibus
2369 1916 2611 1973 diversas
2639 1912 2874 1973 habeant
2898 1930 3121 1985 causas,
3152 1925 3463 1988 gerantque
3508 1928 3700 1985 perso-
3776 1898 3777 1965 ἦ

2088 2007 2224 2063 nas?
2247 2006 2385 2076 Quid
2407 2007 2549 2063 enim
2576 2006 2719 2063 aliud
2743 2006 3138 2073 laborabamus,
3161 2006 3265 2061 nisi
3297 2017 3348 2061 ut
3376 2014 3699 2077 appareret,

2088 2114 2191 2156 nec
2220 2114 2434 2155 causam
2463 2114 2641 2155 causae
2664 2141 2681 2168 ,
2715 2114 2815 2155 nec
2856 2114 3140 2170 personam
3171 2098 3551 2170 prtejudicare
3582 2112 3702 2170 per-
3776 2134 3777 2170 ἦ

2089 2191 2271 2247 sonas?
2295 2191 2409 2247 Hoc
2434 2192 2537 2265 ipsi
2565 2190 2802 2248 breviter
2824 2190 3088 2262 compulsi
3113 2206 3323 2246 summa
3362 2190 3702 2246 necessitate

2088 2280 2369 2353 dixerunt,
2410 2283 2577 2355 quia‘
2611 2284 2736 2340 eum
2779 2297 2810 2338 a
2848 2283 3004 2340 nobis
3027 2281 3119 2338 diu
3145 2281 3443 2352 diceretur,
3482 2280 3699 2338 veritati

2091 2375 2283 2433 cedere
2312 2374 2619 2432 noluerunt.
3776 2374 3777 2447 γ

2163 2469 2389 2527 CAPUT
2408 2468 2604 2525 XXXI.
2624 2500 2700 2511 —
2715 2468 2807 2526 5'5.
2832 2460 2967 2524 illud
2991 2467 3152 2525 etiam
3179 2465 3375 2539 quibus
3400 2464 3697 2533 thesauris,

2093 2562 2285 2633 quibus
2304 2562 2514 2632 opibus,
2538 2558 2734 2633 quibus
2759 2563 3115 2633 pretiosorum
3139 2558 3382 2632 lapidum
3406 2558 3701 2632 aggeribus

2093 2654 2377 2711 emendum
2406 2652 2524 2722 fuit,
2550 2652 2691 2726 quod
2717 2654 2950 2723 majores
2976 2668 3102 2709 suos
3130 2651 3271 2730 apud
3299 2652 3699 2725 imperatorem
3776 2708 3777 2713 η

2092 2746 2495 2803 Constantinum
2537 2758 2846 2818 persecutos
2896 2728 3240 2803 Cteciiianum
3290 2760 3402 2801 non
3452 2742 3701 2802 confiteri
3776 2728 3777 2741 “

2097 2848 2323 2906 tantum,
2354 2854 2539 2927 verum
2566 2840 2727 2895 etiam
2762 2837 2999 2911 profiteri
3023 2847 3182 2909 atque
3210 2836 3433 2909 gloriari
3477 2835 3702 2892 minime
3776 2894 3777 2921 ι

2096 2929 2438 2998 dubitarunt,
2470 2945 2703 3002 eumque
2726 2929 2795 2987 ab
2821 2929 3150 3002 imperatore
3185 2930 3506 2985 damnatum
3540 2928 3699 2985 etiam
3776 2928 3777 2993 1

2097 3024 2405 3081 mentiendo
2428 3030 2741 3081 asseverare
2780 3024 2959 3080 conati
2999 3023 3165 3079 sunt?
3185 3021 3291 3081 Ubi
3322 3032 3405 3078 est
3435 3024 3533 3079 illa
3562 3036 3698 3087 vox,
3776 3038 3777 3045 η

2096 3134 2199 3190 qua
2228 3135 2323 3175 vos
2352 3119 2601 3191 decipere
2626 3129 3058 3188 consueverunt,
3095 3119 3254 3175 nobis
3278 3117 3547 3174 invidiam
3568 3131 3698 3173 con-
3776 3106 3777 3115 “

2095 3210 2360 3278 citantes,
2411 3211 2555 3283 quod
2595 3212 2735 3285 apud
2782 3212 3166 3284 Imperatorem
3211 3226 3433 3269 causam
3479 3222 3703 3283 agamus

2096 3300 2388 3362 Ecclesiae?
2416 3303 2520 3362 Ubi
2559 3318 2685 3361 sunt
2713 3304 2875 3362 verba
2905 3305 3160 3361 Primiani
3192 3304 3332 3379 apud
3363 3315 3489 3360 acta
3527 3301 3694 3373 magi-

2099 3406 2298 3453 stratus
2340 3394 2798 3470 Carthaginiensis
2827 3412 3120 3468 expressa:
3144 3395 3239 3451 Illi
3267 3406 3479 3467 portant
3518 3392 3700 3449 multo-

2098 3506 2216 3545 rum
2232 3490 2590 3561 imperatorum
2612 3506 2785 3545 sacras
2800 3487 2841 3559 ’,
2866 3506 2958 3546 nos
2973 3489 3083 3546 sola
3104 3487 3185 3557 οιΤ
3180 3490 3368 3543 erimus
3382 3483 3695 3558 Evangelia!

2099 3580 2203 3640 Ubi
2232 3590 2319 3639 est
2344 3583 2432 3639 illa
2464 3582 2716 3654 praeclara
2741 3582 3009 3650 laudatio,
3049 3600 3153 3655 qua
3180 3582 3447 3639 extollunt
3481 3592 3695 3651 separa-

2100 3673 2301 3729 tionem
2341 3690 2528 3737 suam,
2561 3674 2800 3730 dicentes
2821 3715 2840 3743 ,
2880 3691 2992 3730 eam
3020 3691 3128 3730 esse
3156 3671 3445 3730 Ecclesiam
3476 3668 3694 3728 ueritatis

2100 3778 2216 3836 qua!
2246 3766 2638 3836 persecutionem
2667 3766 2877 3836 patitur,
2901 3783 3004 3820 non
3025 3780 3138 3835 qut:
3161 3763 3322 3839 facit?
3340 3763 3551 3835 Nempe
3573 3762 3694 3818 elisa

2101 3867 2207 3927 est,
2235 3874 2428 3929 nempe
2450 3869 2734 3929 prostrata.
2760 3859 3032 3931 Leguntur
3052 3858 3461 3930 persecutiones
3476 3870 3687 3920 eorum;

2103 3966 2300 4023 negare
2327 3966 2431 4006 non
2461 3959 2708 4023 possunt,
2739 3952 2861 4022 quia
2886 3951 3132 4022 leguntur
3154 3950 3315 4007 etiam
3350 3947 3692 4021 subscriptio-

2104 4058 2203 4100 nes
2238 4058 2449 4101 eorum.
2489 4042 2758 4099 Tenemus
2800 4060 2898 4099 eos
2946 4040 3306 4113 confitentes,
3350 4043 3686 4116 profitentes,

2103 4135 2394 4209 gloriantes
2421 4136 2651 4207 majores
2678 4151 2807 4191 suos
2840 4135 3184 4192 Caecilianum
3225 4130 3367 4207 apud
3411 4137 3690 4207 Imperato-

2105 4246 2219 4286 rem
2248 4230 2481 4302 graviter
2507 4239 2817 4302 persecutos
2841 4248 2854 4285 :
2886 4237 3135 4287 tenemus
3158 4232 3319 4286 etiam
3348 4227 3685 4287 Caecilianum

2106 4322 2186 4380 eis
2233 4323 2675 4395 persequentibus
2712 4322 2781 4378 ab
2829 4322 3155 4393 imperatore
3204 4321 3542 4378 damnatum.
3584 4318 3688 4375 Non

2106 4432 2235 4490 ergo
2271 4417 2380 4486 jam
2421 4416 2686 4485 clament,
2733 4416 3156 4488 segregationem
3204 4429 3357 4470 suam
3409 4414 3536 4471 ideo
3581 4424 3687 4467 esse

2108 4507 2407 4567 Ecclesiam
2434 4508 2711 4577 veritatis,
2742 4508 2865 4578 quia
2906 4507 3334 4579 persecutionem
3383 4522 3493 4562 non
3544 4503 3683 4568 facit,

2110 4603 2206 4662 sed
2232 4605 2429 4674 patitur
2455 4620 2470 4657 :
2493 4610 2585 4657 aut
2611 4600 2880 4658 fateantur
2906 4617 3014 4656 non
3042 4616 3162 4656 eam
3195 4600 3363 4655 fuisse
3400 4599 3683 4656 Ecclesiam

2108 4695 2380 4759 veritatis,
2409 4693 2624 4765 quando
2663 4708 2693 4747 a
2719 4692 3012 4763 majoribus
3047 4708 3234 4748 eorum
3260 4690 3583 4747 Caecilianus
3610 4705 3688 4762 pa-

2112 4784 2360 4842 tiebatur.
2386 4783 2442 4840 Si
2468 4784 2615 4841 enim
2656 4785 2912 4840 continuo
2943 4783 3069 4839 boni
3098 4793 3221 4840 sunt
3251 4785 3338 4855 qui
3367 4784 3685 4856 persecutioc

2114 4893 2235 4935 nem
2265 4877 2564 4948 patiuntur;
2602 4876 2776 4932 bonus
2805 4885 2922 4931 erat
2944 4873 3260 4931 Caecilianus
3286 4874 3508 4947 quando
3537 4874 3687 4947 patie-

2116 4969 2291 5026 batur.
2345 4970 2400 5025 Si
2465 4978 2644 5024 autem
2693 4978 2871 5039 potest
2920 4967 3136 5039 quidem
3192 4966 3308 5024 fieri
3366 4974 3428 5024 ut
3477 4979 3535 5025 et
3579 4964 3687 5023 mali

2114 5062 2538 5135 persecutionem
2565 5060 2856 5132 patiantur,
2900 5060 2997 5117 sed
3040 5060 3169 5116 boni
3198 5076 3304 5117 non
3336 5071 3563 5132 possunt
3585 5070 3688 5115 esse

2114 5154 2205 5228 qui
2237 5152 2467 5222 faciunt;
2501 5168 2605 5209 non
2632 5162 2786 5208 erant
2824 5151 2952 5207 boni
2986 5153 3216 5223 majores
3242 5169 3464 5220 eorum,
3494 5147 3684 5226 quando

2118 5246 2457 5304 Caecilianum
2490 5244 2969 5318 persequebantur.
3000 5238 3171 5300 Porro
3211 5243 3260 5301 si
3301 5242 3416 5300 ficri
3448 5253 3615 5317 potest
3638 5245 3686 5295 ut

2118 5351 2174 5400 et
2198 5339 2322 5397 boni
2351 5338 2570 5408 faciant,
2600 5348 2657 5396 et
2688 5338 2810 5393 mali
2836 5338 3146 5410 patiantur;
3178 5351 3286 5394 non
3313 5336 3435 5392 ideo
3463 5353 3561 5391 nos
3593 5330 3685 5389 culo

2120 5432 2278 5508 pandi
2306 5446 2512 5499 sumus,
2536 5447 2640 5489 nec
2665 5430 2787 5487 ideo
2813 5429 2901 5486 isti
2933 5423 3203 5492 laudandi,
3233 5427 3355 5498 quia
3383 5422 3493 5483 tale
3510 5416 3683 5498 aliquid

2118 5528 2414 5601 patiuntur,
2446 5525 2606 5598 quale
2633 5523 2980 5583 Caecilianum
3006 5519 3303 5595 majoribus
3322 5519 3441 5578 suis
3459 5512 3682 5578 facienti.

2120 5620 2221 5679 bus
2247 5635 2462 5693 passum
2491 5635 2613 5677 esse
2632 5618 2948 5692 gloriantur.
2970 5612 3037 5675 Et
3061 5625 3239 5674 tamen
3262 5606 3607 5676 Caeninum
3624 5606 3678 5668 ab

2189 5762 2214 5855 ί
2242 5756 2567 5887 'a
2582 5825 2910 5884 ren.,ucra.
2970 5823 3030 5870 tt.
