3816 6146
45 309 208 376 685

50 432 461 503 lmperatore
489 431 798 487 damnatum
829 431 1046 485 omnino
1087 437 1191 484 non
1236 428 1473 483 constitit
1497 444 1511 482 :
1539 427 1634 482 sed
1662 428 1716 481 in

49 525 227 594 ejus
263 525 611 580 absolutione
635 533 794 606 atque
815 522 1148 593 purgatione,
1170 535 1289 592 qum
1310 519 1494 590 jndicii
1513 520 1722 589 episcoc

51 618 255 686 palis
284 624 347 673 et
371 616 667 687 imperialis
692 615 1007 671 recitatione
1033 614 1374 680 constiterat,
1419 613 1490 667 nil
1535 620 1721 684 postea

53 710 348 777 probari
379 711 556 780 potuit
579 710 938 766 immutatum.
966 706 1040 762 ita
1067 708 1262 763 factum
1295 717 1406 772 est,
1431 713 1489 761 ut
1515 714 1720 761 remota

53 801 404 859 Caeciliani
444 802 787 858 damnatione
829 802 896 857 de
937 815 1040 873 qua
1088 801 1190 872 ipsi
1226 801 1432 857 mentiti
1460 809 1602 866 sunt,
1633 815 1722 856 reo

57 895 396 951 manserit
419 894 721 966 persecutio
745 908 906 966 quam
938 893 1172 965 majores
1201 905 1329 949 suos
1366 891 1562 949 fecisse
1592 907 1724 948 con-

59 991 238 1046 fessi
270 999 430 1046 sunt.

155 1085 282 1140 54.
314 1084 519 1139 Parum
543 1082 643 1137 fuit
663 1091 723 1137 ut
763 1081 1106 1137 Caecilianum
1143 1082 1210 1136 ab
1258 1081 1586 1152 imperatore
1627 1078 1721 1134 da-

63 1184 372 1230 mnatum
393 1183 449 1229 et
463 1173 771 1230 mentiendo
794 1173 1011 1244 gloriari
1038 1173 1316 1239 auderent,
1349 1182 1406 1227 et
1433 1170 1724 1226 asserendo

64 1268 361 1340 probare
391 1281 496 1322 non
526 1275 749 1338 possent
775 1283 790 1319 :
820 1267 1036 1335 insuper
1061 1266 1222 1320 etiam
1255 1265 1638 1334 probaverunt,
1671 1269 1726 1318 et

70 1370 308 1416 nostra
359 1360 416 1414 in
446 1372 566 1413 eam
610 1373 725 1414 rem
766 1357 1085 1413 documenta
1132 1358 1320 1411 fortius
1367 1356 1721 1425 adjuverunt,

68 1451 408 1508 Caralitani
433 1449 826 1505 absolutionem
851 1447 1114 1502 mansisse
1142 1446 1501 1502 ﬁrmissimam
1519 1485 1535 1512 ,
1570 1460 1676 1500 non
1705 1486 1721 1514 ,

75 1543 260 1598 sicut
285 1542 512 1597 mentiti
539 1539 752 1596 fuerant
776 1580 792 1607 ,
820 1539 1162 1610 imperatoris
1197 1537 1494 1609 posteriore
1526 1537 1726 1608 judicio

77 1635 146 1689 in
183 1633 548 1689 contrarium
574 1640 922 1688 commutato.
945 1631 1079 1686 Nam
1105 1631 1274 1701 primo
1293 1629 1607 1685 Milevitana:
1629 1630 1730 1683 Ec-

80 1726 306 1781 clesia
367 1724 691 1780 catholicum
745 1724 1055 1794 episcopum
1103 1721 1350 1792 Optatum
1397 1720 1726 1776 recitandum

83 1826 492 1886 putaverunt,
525 1815 837 1886 pollicentes
868 1815 991 1870 inde
1031 1829 1091 1870 se
1133 1813 1452 1885 probaturos
1486 1812 1727 1868 Caecilia-

79 1925 242 1964 num
275 1910 354 1974 ab
387 1909 712 1979 imperatore
731 1907 1061 1962 damnatum.
1085 1907 1214 1975 Qua;
1244 1907 1400 1961 lectio
1419 1921 1541 1961 cum
1559 1907 1727 1978 magis

81 2014 316 2058 contra
349 2017 448 2057 eos
481 2004 819 2068 recitaretur,
849 2017 1008 2057 nemo
1035 2002 1202 2056 risum
1232 2001 1405 2070 potuit
1429 2001 1724 2056 continere.

86 2096 210 2163 Qui
255 2107 451 2151 tamen
493 2097 632 2152 risus
672 2111 778 2152 non
819 2097 1002 2167 utique
1041 2095 1418 2164 conscriptioni
1456 2103 1728 2165 gestorum

88 2189 397 2260 potuisset
421 2188 635 2259 adiungi
657 2229 672 2254 ,
701 2196 755 2242 et
781 2188 1003 2242 omnino
1032 2187 1272 2242 latuisset
1290 2228 1304 2254 ,
1345 2186 1444 2240 nisi
1473 2197 1529 2240 et
1552 2186 1727 2256 ipsum

90 2281 298 2338 latere
343 2295 454 2336 non
493 2281 731 2336 sinerent
775 2281 1047 2348 dicentes,
1089 2281 1312 2334 Audiam
1346 2281 1434 2350 qui
1469 2281 1731 2335 riserunt:

93 2376 218 2430 hoc
241 2389 390 2429 sane
411 2375 669 2445 scriptum
689 2383 792 2440 est,
816 2383 872 2430 et
892 2374 1268 2443 subscriptum.
1291 2373 1446 2442 Quod
1467 2374 1608 2428 enim
1631 2387 1729 2444 pro

95 2481 165 2521 se
197 2466 321 2536 legi
368 2467 678 2533 voluerunt,
707 2467 1016 2538 ambiguum
1057 2465 1156 2520 fuit
1184 2482 1199 2520 :
1231 2465 1371 2521 unde
1395 2479 1516 2520 cum
1546 2465 1731 2522 rectis-

99 2563 261 2616 sime
300 2559 574 2630 Cognitor
598 2559 847 2629 iussisset
888 2560 1047 2631 paulo
1095 2561 1340 2630 superius
1384 2559 1631 2625 recitari,
1670 2567 1731 2615 ut

96 2654 243 2709 inde
279 2654 328 2707 si
359 2660 579 2722 pos'sent
601 2653 762 2709 verba
787 2652 880 2707 illa
903 2653 1296 2716 eiarescerent;
1321 2651 1424 2707 hoc
1450 2652 1728 2706 recitatum

99 2757 194 2804 est
225 2744 392 2817 quod
420 2746 702 2812 nolebant,
730 2745 782 2800 id
810 2755 892 2801 est
911 2787 926 2812 ,
950 2745 1292 2800 Caecilianum
1334 2742 1498 2798 fuisse
1533 2757 1728 2814 purga-

103 2848 240 2894 tum
271 2857 287 2904 ;
323 2851 491 2908 quem
531 2838 678 2908 prius
708 2837 993 2908 legendum
1034 2837 1325 2901 dederant,
1353 2851 1460 2889 non
1487 2835 1626 2889 sicut
1649 2835 1732 2904 ja-

102 2934 350 2988 ctabant
376 2931 683 2986 damnatum
705 2972 720 2997 ,
753 2931 850 2986 sed
879 2930 1073 2985 Brixiae
1099 2929 1240 2984 bono
1267 2929 1410 2999 pacis
1438 2935 1724 2982 retentum.

101 3026 213 3080 ilic
241 3040 380 3080 cum
409 3023 688 3089 dixissent,
722 3023 826 3076 illis
850 3019 1030 3076 verbis
1055 3019 1306 3090 Optatum
1331 3019 1728 3074 damnationem

105 3117 410 3172 Caeciliani
439 3120 732 3169 extenuare
757 3113 1019 3179 voluisse;
1046 3113 1242 3167 dictum
1269 3119 1353 3166 est
1378 3111 1456 3165 cis
1476 3153 1490 3175 ,
1532 3118 1589 3164 ut
1614 3110 1730 3164 evi«

105 3212 349 3268 dentem
386 3208 651 3263 Careiliani
681 3207 1077 3261 damnationem
1109 3204 1324 3258 aliunde
1342 3203 1650 3268 recitarem,
1671 3208 1732 3256 ut

107 3306 181 3359 ab
214 3303 432 3372 Optato
458 3315 578 3354 eam
610 3308 948 3354 extenuatam
983 3306 1160 3367 posset
1185 3295 1427 3359 ostendi,
1460 3295 1549 3364 qtti
1574 3308 1734 3363 aper-

107 3399 340 3454 tissime
375 3394 667 3464 scripserat
691 3391 1035 3446 Czeeilian—um
1075 3389 1241 3443 fuisse
1278 3397 1583 3457 purgatum.
1617 3385 1730 3440 lloc

110 3506 246 3547 cum
295 3487 484 3541 facere
523 3486 742 3540 omnino
783 3499 890 3539 non
935 3491 1193 3552 possent,
1240 3480 1533 3550 intcrjectis
1572 3489 1731 3548 atque

110 3580 522 3640 consummatis
542 3578 780 3632 omnium
795 3589 1068 3630 morarum
1087 3573 1373 3644 superiluis
1391 3571 1724 3641 ambagibus,

111 3672 477 3746 apertissime
521 3683 618 3724 nos
657 3669 914 3740 adjuvare
949 3675 1243 3736 cmperuut.
1283 3665 1557 3735 Tanquam
1587 3664 1731 3717 enim

113 3781 150 3822 ι
199 3763 375 3820 nobis
414 3771 596 3817 essent
641 3759 916 3823 instructi,
945 3759 1029 3813 vel
1057 3768 1308 3828 tanquam
1349 3757 1622 3811 nobiscum
1666 3755 1731 3810 ad

117 3855 505 3915 innocentiam
531 3853 804 3908 Caeciliani
841 3849 1226 3906 defendendam
1256 3848 1734 3918 declarandamque

120 3949 334 4006 delecti
357 3989 375 4015 ,
401 3961 525 4001 cum
556 3953 890 4016 qtuereretur
916 3942 985 3996 ab
1009 3943 1089 3996 eis
1110 3982 1122 4005 ,
1153 3950 1211 3994 ut
1239 3941 1283 3994 si
1313 3950 1533 4010 possent
1555 3952 1734 3995 osten-

122 4045 335 4100 derent
367 4040 508 4111 quod
535 4039 784 4093 dicebant
808 4079 822 4103 ,
851 4035 1148 4108 posteriore
1170 4033 1368 4102 judicio
1390 4033 1734 4088 Caecilianum

125 4138 197 4191 ab
223 4135 568 4204 lmperatore
593 4130 900 4185 damnatum
927 4167 944 4194 ,
973 4127 1130 4196 cujus
1159 4126 1499 4194 imperatoris
1530 4125 1736 4180 litteras

125 4229 472 4299 legeramus,
500 4238 620 4293 quae
651 4223 795 4277 illum
826 4219 1172 4276 ostenderant
1196 4217 1492 4271 absolutum
1518 4233 1533 4271 :
1555 4223 1738 4285 protu-

31 4351 34 4356 -
126 4321 324 4377 ierunt
350 4315 588 4370 libellum
609 4315 866 4382 majorum
890 4325 1107 4365 suorum
1127 4308 1192 4362 ad
1211 4308 1456 4363 eumdem
1473 4307 1738 4362 Constan-

129 4413 311 4468 tinum
367 4409 748 4476 imperatorem
814 4404 1029 4467 datum,
1089 4417 1197 4472 quo
1258 4399 1593 4470 apertissime
1640 4398 1737 4455 de-

129 4509 512 4560 monstrarent
550 4499 692 4553 illius
715 4498 917 4568 judicio
945 4513 1004 4552 se
1031 4496 1209 4566 potius
1231 4493 1400 4550 fuisse
1431 4492 1732 4550 damnatos.

130 4596 382 4666 Contigit
427 4592 574 4648 enim
617 4592 695 4645 eis
738 4590 881 4661 apud
930 4588 1327 4658 imperatoriam
1383 4595 1734 4656 potestatem,

133 4690 284 4762 quod
313 4687 549 4744 inimicis
575 4686 747 4740 sancti
775 4683 1028 4748 Danielis,
1061 4681 1152 4752 qui
1180 4681 1280 4736 hoc
1302 4681 1371 4734 ab
1397 4678 1600 4735 eisdem
1623 4678 1738 4734 leo-

131 4782 304 4839 nibus
352 4780 492 4849 passi
541 4785 686 4843 suat,
736 4775 878 4846 quod
923 4775 1031 4846 pati
1080 4775 1359 4828 voluerant
1399 4774 1737 4828 innocentem

135 4873 310 4944 (Dan.
335 4870 543 4940 ναι).
573 4869 672 4923 ilic
697 4882 818 4924 cum
847 4867 1077 4922 breviter
1102 4865 1560 4920 admonuissemus
1591 4865 1738 4919 illum

137 4965 389 5022 libellum
417 4978 517 5034 pro
543 4962 703 5017 nobis
732 4970 918 5016 contra
961 4974 1021 5015 se
1067 4959 1243 5028 potius
1271 4957 1527 5013 recitasse
1548 4998 1563 5022 ,
1592 4955 1739 5011 aliud

141 5058 510 5121 addiderunt,
537 5058 874 5127 proferentes
901 5054 1140 5124 ejusdem
1171 5052 1508 5121 imperatoris
1533 5052 1741 5108 litteras

148 5153 219 5208 ad
246 5151 514 5206 Verinum-
534 5149 794 5204 vicerim
822 5147 997 5212 datas,
1021 5146 1110 5200 ubi
1140 5159 1233 5200 eos
1257 5147 1487 5215 graviter
1509 5145 1743 5200 detesta-

151 5253 268 5311 tur,
296 5251 359 5300 et
383 5241 592 5297 Domini
616 5240 818 5312 judicio
853 5239 944 5310 qui
974 5237 1083 5309 jam
1110 5239 1162 5292 in
1182 5251 1278 5292 eos
1300 5245 1533 5306 coeperat
1562 5235 1744 5292 vindi-

149 5352 320 5403 care,
365 5337 686 5403 dimittens,
742 5331 1246 5405 ignominiosissima
1296 5330 1620 5400 indulgentia
1674 5330 1745 5386 de

153 5433 354 5488 exsilio
389 5429 671 5487 relaxavit.
717 5427 794 5482 ita
841 5424 1271 5481 manifestissime
1315 5423 1586 5490 constitit,
1635 5438 1740 5477 non

153 5526 339 5582 solum
377 5525 586 5581 nullam
625 5519 897 5578 (Ξωοὶιὶθηί
937 5518 1332 5574 damnationem
1363 5515 1526 5571 fuisse
1563 5523 1744 5586 postea

153 5628 510 5678 consecutum
533 5659 551 5686 ,
577 5631 764 5673 verum
793 5613 956 5670 etiam
997 5611 1116 5682 ejus
1158 5610 1542 5665 absolutionem
1587 5617 1746 5678 atque

166 5713 562 5789 purgationem,
590 5718 645 5768 et
674 5722 886 5782 pennam
914 5704 1125 5762 illorum
1156 5702 1453 5758 detestabili
1479 5700 1751 5772 indulgen-

161 5807 240 5870 tia
263 5805 433 5863 fuisse
457 5804 739 5860 ﬁrmatam.
775 5799 899 5855 Haec
929 5806 1034 5852 tam
1062 5794 1370 5851 excellentia
1400 5794 1746 5860 documenta,

148 5883 157 5914 l

1556 311 1759 369 LIBER
1799 311 1995 370 UNUS.

3311 325 3416 380 686

1831 426 1971 497 quod
1998 427 2266 484 fatendum
2292 438 2392 500 est,
2420 445 2523 486 non
2551 431 2873 490 habebamus
2911 435 2964 490 in
3003 436 3283 505 manibus,
3314 443 3410 498 sed

1831 519 2051 575 forsitan
2081 522 2126 576 si
2152 521 2344 578 alicubi
2375 537 2494 580 esse
2520 526 2856 596 audiremus,
2886 527 3026 585 unde
3065 530 3220 587 nobis
3247 536 3415 605 gratis

1829 611 1944 668 dari
1972 629 2076 668 non
2103 625 2337 683 possent,
2365 617 2600 688 quolibet
2630 621 2851 689 pnemio
2880 622 3320 696 perveniremus,
3353 639 3413 685 ut

1832 705 1988 761 nobis
2015 706 2296 762 scribenda
2324 710 2777 778 permitterentur.
2805 712 3072 782 Quantum
3099 728 3280 775 autem
3316 718 3418 777 da-
3463 697 3472 705 ⁸

1830 811 2030 865 remus,
2053 800 2100 854 si
2128 800 2316 856 venale
2345 815 2748 873 proponeretur,
2773 814 2830 860 ut
2850 820 2946 877 pro
2974 809 3132 866 nobis
3154 811 3318 870 etiam
3342 814 3412 870 ab

1831 890 1960 961 ipsis
1979 890 2299 946 adversariis
2328 892 2671 963 legerentur?

1897 980 2126 1039 CAPUT
2151 983 2369 1039 XXXil.
2389 1014 2462 1026 —
2483 987 2571 1042 55.
2599 987 2735 1055 Quid
2761 988 2973 1046 videtur
2996 990 3120 1048 addi
3152 991 3262 1064 jam
3290 1010 3415 1066 pos-

1832 1089 1910 1140 se,
1939 1083 1999 1130 ut
2021 1089 2122 1131 nos
2149 1077 2467 1133 cumulatius
2505 1078 2852 1149 adjuvarent?
2877 1077 2946 1137 Et
2974 1091 3155 1139 tamen
3193 1086 3416 1142 addide-

1832 1178 1974 1224 runt.
2005 1168 2569 1227 Commemoraverunt
2604 1175 2746 1229 enim
2785 1189 3000 1232 causam
3030 1175 3224 1235 Felicis
3248 1182 3419 1253 Aptu-

1830 1261 2047 1331 gnensis
2067 1263 2105 1327 ί,
2129 1275 2160 1317 a
2180 1277 2287 1332 quo
2303 1263 2619 1320 Caecilianus
2636 1263 2810 1321 fuerat
2829 1266 3119 1335 ordinatus,
3144 1272 3229 1326 cui
3250 1270 3417 1329 Felici

1833 1351 2130 1408 traditionis
2154 1354 2356 1409 crimen
2382 1354 2740 1411 intenderant.
2763 1356 3022 1415 Absoluto
3045 1369 3222 1416 autem
3247 1361 3419 1420 Caeci-

1833 1446 1972 1501 liano
2000 1463 2118 1502 cum
2147 1447 2482 1517 perficiendae
2511 1449 2801 1508 instaretur
2832 1453 3040 1522 unitati,
3063 1455 3414 1526 quaestionem

1831 1539 1900 1595 de
1929 1540 2032 1596 isto
2048 1539 2227 1596 Felice
2244 1551 2666 1610 commoverant,
2690 1559 2755 1599 eo
2777 1543 2938 1601 modo
2963 1560 3120 1616 posse
3150 1547 3418 1603 arbitran-

1837 1641 1918 1687 tes
1967 1631 2310 1688 Ctecilianum
2361 1633 2473 1704 jam
2524 1645 2806 1706 purgatum
2862 1635 3053 1693 alienis
3105 1638 3418 1696 criminibus

1833 1725 2050 1782 irretiri.
2093 1726 2267 1781 Etiam
2309 1726 2427 1783 haec
2469 1743 2600 1800 ergo
2643 1744 2803 1785 causa
2831 1728 3022 1786 Felicis
3055 1729 3294 1787 discussa
3335 1742 3420 1788 est

1834 1817 2204 1887 proconsulari
2227 1817 2430 1888 judicio
2459 1819 2577 1892 (a);
2605 1819 2694 1875 ubi
2725 1819 3076 1891 liquidissima
3112 1822 3418 1878 innocentia

1833 1909 2026 1966 Felicis
2051 1912 2314 1981 apparuit.
2344 1910 2449 1967 Sed
2474 1913 2725 1982 quoniam
2750 1913 2966 1983 quidam
2993 1911 3262 1985 Ingentius
3283 1957 3297 1982 ,
3328 1917 3418 1987 qui

1835 2001 2006 2057 cidem
2047 2001 2248 2072 judicio
2291 2002 2572 2059 adversum
2618 2003 2852 2060 Felicem
2898 2005 3088 2060 falsum
3127 2023 3185 2062 se
3227 2005 3420 2064 fecisse

1833 2093 2106 2151 confessus
2135 2104 2238 2162 est,
2270 2111 2369 2152 nec
2394 2096 2570 2167 puniri
2601 2097 2752 2153 facile
2786 2097 2969 2153 debuit
2995 2098 3083 2154 ubi
3110 2114 3270 2155 causa
3301 2101 3419 2171 epi-

1835 2187 1982 2256 scOpi
2013 2187 2336 2251 vertebatur,
2367 2203 2468 2242 nec
2508 2187 2662 2243 facile
2699 2203 2728 2242 a
2756 2190 3076 2259 proconsule
3101 2189 3295 2245 dimitti
3318 2207 3417 2262 po—

1835 2279 1932 2334 tuit
1959 2279 2091 2335 tanti
2113 2281 2353 2336 criminis
2378 2297 2524 2349 reus,
2542 2282 2645 2337 nisi
2669 2281 2998 2354 imperatore
3023 2286 3289 2352 consulto,
3314 2302 3421 2358 quo

1841 2372 2076 2428 instante
2102 2372 2188 2427 illa
2216 2375 2394 2428 omnia
2424 2373 2747 2444 gerebantur
2775 2391 2787 2428 :
2815 2373 2996 2429 retulit
3031 2375 3152 2430 inde
3189 2391 3420 2446 procon-

1835 2469 1949 2533 sul,
1997 2475 2052 2522 et
2093 2467 2373 2537 rescripsit
2412 2467 2724 2538 imperator,
2769 2474 2827 2522 ut
2865 2465 2931 2522 ad
2973 2466 3087 2538 ejus
3113 2469 3423 2525 comitatum

1834 2559 1976 2616 idem
2023 2559 2293 2630 ingentius
2339 2559 2658 2624 mitteretur,
2692 2558 2877 2614 volens
2903 2559 3135 2628 majores
3162 2559 3385 2614 istorum
3405 2603 3421 2628 ,

1835 2665 1866 2705 a
1885 2650 2079 2722 quibus
2105 2650 2340 2721 quotidie
2365 2649 2825 2719 interpellabatur,
2850 2650 2901 2704 in
2923 2651 3208 2722 praesentia
3238 2653 3427 2706 confu-

1836 2745 1970 2809 tari;
2004 2742 2136 2797 nihil
2183 2751 2362 2796 tamen
2409 2741 2658 2796 dubitans
2694 2742 2763 2797 de
2792 2744 3140 2812 purgatione,
3171 2743 3280 2798 imo
3307 2759 3427 2800 eam

1835 2834 2122 2890 verborum
2148 2849 2359 2904 quoque
2381 2847 2602 2889 suorum
2623 2833 3055 2888 manifestatione
3075 2834 3424 2903 conﬁrmans,

1837 2927 1974 2982 sicut
2002 2926 2317 2997 rescriptum
2344 2925 2462 2995 ejus
2486 2925 2739 2981 ostendit.
2764 2925 2890 2981 limo
2917 2941 3020 2982 nos
3051 2928 3228 2982 omnia
3253 2928 3422 2984 docu-

1837 3031 2016 3075 menta
2038 3034 2212 3076 causa:
2238 3019 2431 3074 Felicis
2456 3021 2508 3074 in
2538 3021 2783 3075 manibus
2801 3019 3152 3086 habebamus,
3171 3031 3224 3077 et
3245 3020 3431 3094 dispo-

1835 3127 2114 3167 sueramus
2142 3111 2352 3168 tradere
2378 3111 2669 3169 recitanda.
2693 3111 2749 3166 in
2768 3126 2874 3184 quo
2897 3112 2998 3183 ipsi
3025 3128 3122 3168 nos
3153 3128 3428 3184 prcevene-

1837 3211 1981 3268 runt,
2010 3213 2064 3258 et
2089 3203 2303 3258 easdem
2333 3201 2676 3274 imperatoris
2719 3205 2926 3259 litteras
2966 3204 3034 3259 de
3075 3203 3316 3274 Ingentio
3357 3207 3426 3261 ad

1839 3311 1898 3352 se
1929 3297 2186 3350 mittendo
2213 3297 2424 3367 priores
2445 3295 2813 3367 protulerunt;
2833 3305 2887 3352 ct
2911 3297 3290 3364 recitaverunt,
3310 3297 3423 3368 jam

1836 3387 2064 3443 fortasse
2090 3388 2244 3442 nobis
2271 3402 2332 3442 ea
2360 3403 2462 3441 non
2488 3389 2814 3452 recitaturis,
2843 3387 2965 3458 quia
2996 3387 3242 3443 sufficere
3275 3400 3430 3459 puta-

1838 3483 2028 3538 bamus
2054 3483 2213 3537 etiam
2244 3497 2460 3536 causam
2491 3479 2760 3536 Czeciliani
2787 3482 2858 3534 ita
2887 3491 3154 3551 peractam
3182 3495 3304 3536 esse
3323 3523 3339 3550 ,
3367 3493 3428 3537 ut

1838 3577 1971 3632 nihil
1999 3575 2228 3645 amplius
2254 3575 2391 3645 exigi
2420 3573 2712 3629 videretur.
2734 3573 2839 3629 Sed
2864 3573 3190 3629 adversariis
3225 3575 3425 3632 nostris

1838 3667 1892 3723 id
1940 3667 2244 3738 agentibus,
2294 3675 2350 3721 ut
2396 3665 2697 3736 persecutio
2745 3681 2902 3736 quam
2955 3666 3186 3735 majores
3235 3681 3426 3722 eorum

1840 3763 1979 3835 apud
2007 3762 2362 3833 Imperatores
2402 3761 2600 3816 nostris
2630 3759 2920 3831 majoribus
2949 3757 3220 3826 fecerunt,
3250 3767 3306 3816 et
3333 3773 3425 3814 eo-

1839 3871 1957 3913 rum
1987 3857 2266 3912 calumnia:
2294 3862 2557 3926 superata:
2577 3853 2895 3907 cumulatius
2919 3861 3273 3924 apparerent;
3299 3851 3429 3922 qttid

1841 3948 2172 4015 faceremus,
2215 3947 2319 4002 nisi
2363 3947 2536 4002 oblata
2580 3945 2809 4000 libenter
2841 3947 3118 4015 accipere,
3145 3953 3198 3999 et
3226 3941 3428 4015 gratias
3478 3992 3480 3994 .

1841 4043 2067 4097 Domino
2095 4041 2146 4096 in
2177 4039 2425 4095 omnibus
2454 4039 2647 4110 agere?
2667 4037 3004 4093 Constantini
3050 4051 3178 4106 ergo
3219 4037 3424 4093 litteras

1840 4133 1941 4203 ipsi
1963 4133 2316 4203 protulerunt,
2344 4131 2440 4200 ipsi
2469 4131 2847 4183 recitaverunt.
2873 4127 3188 4182 incredibile
3211 4129 3425 4183 videtur

1843 4239 1963 4280 esse
1995 4224 2136 4294 quod
2164 4226 2302 4288 dico,
2329 4223 2422 4276 scd
2449 4232 2596 4292 gesta
2625 4230 2923 4276 testantur:
2956 4221 3272 4289 conscriptae
3301 4232 3428 4277 sunt

1846 4331 2032 4372 eorum
2063 4314 2467 4386 prosecutiones
2490 4354 2504 4379 ,
2537 4323 2785 4367 tenentur
2808 4311 3246 4382 subscriptiones.
3285 4311 3386 4382 ipsi
3411 4356 3426 4380 ,

1844 4407 2060 4480 inquam
2083 4448 2096 4472 ,
2126 4406 2517 4473 recitaverunt,
2539 4400 2929 4459 Constantinum
2955 4403 3217 4470 scripsisse
3233 4403 3254 4435 '
3292 4404 3428 4475 quod

1843 4500 2091 4558 Eliauus
2120 4498 2389 4571 proconsul
2427 4500 2482 4552 in
2527 4513 2681 4551 causa
2723 4495 2911 4550 Felicis
2947 4495 3254 4548 audientiam
3290 4511 3427 4566 pra:—

1845 4593 2004 4649 bucrit
2032 4600 2412 4662 competentem,
2441 4598 2488 4644 et
2512 4588 2648 4661 quod
2673 4606 2704 4642 α
2731 4587 2941 4643 crimine
2965 4587 3249 4641 traditionis
3270 4587 3425 4640 inuo-

1845 4695 2033 4740 centcm
2076 4682 2299 4738 Felicem
2351 4683 2505 4753 fuisse
2549 4681 2842 4735 constiterit.
2887 4679 2992 4734 Sed
3022 4677 3315 4749 lugentium
3359 4679 3428 4732 ad

1846 4779 2135 4834 comitatum
2186 4793 2335 4830 suum
2389 4776 2654 4846 prapterea
2704 4775 2834 4828 mitti
2884 4773 3100 4827 voluisse
3123 4813 3138 4836 ,
3198 4781 3255 4825 ut
3308 4771 3388 4827 his
3414 4813 3428 4836 ,

1846 4870 2051 4941 inquit,
2085 4869 2172 4940 qui
2211 4869 2262 4922 in
2300 4867 2683 4940 jn'teserztiarum
2719 4872 2896 4936 agunt,
2934 4872 2980 4917 et
3021 4861 3276 4916 diuturnis
3321 4862 3432 4917 die-

1848 4963 1940 5019 bus
1984 4962 2306 5033 interpellare
2349 4977 2449 5014 non
2487 4959 2757 5026 desinunt,
2803 4955 3133 5028 prmentibut
3173 4965 3222 5010 et
3258 4971 3432 5010 coram

1850 5058 2191 5116 assistentibus
2238 5070 2484 5128 apparere
2525 5065 2572 5108 et
2615 5052 2840 5108 intimari
2879 5051 3074 5121 possit,
3120 5050 3308 5121 {rustra
3347 5065 3433 5103 eos

1850 5151 2120 5210 chitiana
2141 5149 2383 5204 invidiam
2404 5161 2744 5217 comparasse,
2773 5153 2821 5199 et
2845 5143 3085 5199 adversus
3107 5158 3222 5198 cum
3244 5141 3438 5197 violen-

1849 5255 1930 5304 ter
1951 5248 2208 5316 insurgere
2231 5243 2466 5298 voluisse.
2495 5240 2599 5312 ipsi
2625 5238 3001 5295 recitaverunt.
3028 5235 3160 5308 Quis
3191 5245 3435 5292 nostrum

1851 5341 1958 5399 hoc
1981 5341 2204 5398 auderet
2225 5349 2432 5410 optare,
2465 5343 2524 5392 ut
2547 5350 2683 5408 quos
2711 5333 2962 5406 iniquitas
2985 5331 3190 5391 fecerat
3215 5340 3434 5387 nostros

1922 5589 1940 5622 ι
1975 5591 2124 5638 Vetus
2143 5581 2300 5652 codex
2321 5578 2644 5645 corbeiemls,
2671 5575 2966 5644 dum.
2987 5573 3078 5628 Alit
3096 5571 3197 5627 duo
3214 5569 3447 5625 Gailimnl

1858 5659 1988 5713 Mss,
2013 5657 2310 5714 Aptugensts.
2388 5706 2397 5716 _
2497 5704 2508 5716 ,
2572 5703 2583 5714 ο

1922 5716 1943 5747 ³
1973 5706 2076 5762 Ἀπί.
2101 5706 2155 5761 ei
2176 5717 2301 5770 Mss,
2325 5706 2672 5771 subscripsisse.

1925 5799 1996 5863 (τι)
2033 5778 2145 5847 vide
2165 5793 2285 5845 infra
2308 5795 2357 5844 in
2381 5792 2655 5856 Appendice
