3816 6168
417 314 520 372 687

420 433 784 490 accusatores,
808 435 903 479 eos
921 421 1119 477 veritas
1145 429 1359 474 nostros
1388 416 1590 472 faceret
1616 412 1928 470 defensores
1951 413 2004 466 ‘?

422 520 515 580 Sic
542 530 595 576 et
635 517 783 574 illum
825 514 1074 580 Balaam,
1117 527 1278 584 quem
1310 511 1640 580 temporibus
1679 507 1912 578 antiquis
1940 505 2009 562 ad

421 607 846 670 maledicendum
873 605 966 662 Dei
990 604 1241 676 populum
1269 601 1525 658 conduxit
1550 601 1819 672 iniquitas,
1845 599 2010 656 bene-

418 705 599 760 dicere
627 699 886 769 compulit
912 698 1110 753 veritas
1140 695 1328 767 (Num.
1354 694 1531 767 χχιιι).

489 793 715 851 CAPUT
742 790 984 848 XXXIII.
1007 820 1080 832 -—
1095 791 1182 846 56.
1206 790 1354 846 Sicut
1372 798 1549 844 autem
1572 787 1704 844 ordo
1726 787 2009 844 consulum

419 888 687 955 ostendit,
729 901 888 958 quem
937 895 1063 940 tunc
1104 883 1447 940 considerare
1481 882 1735 952 temporis
1763 881 2010 952 angustia

420 995 528 1036 non
573 978 784 1035 sinebat
817 995 830 1032 :
862 991 1036 1047 neque
1078 977 1222 1031 enim
1269 982 1464 1045 praesto
1507 983 1659 1029 erant
1708 972 1874 1028 libelli
1920 970 2012 1042 qui

418 1070 730 1128 consulares
759 1077 1037 1136 vocantur,
1069 1077 1161 1122 aut
1186 1067 1464 1139 quisquam
1492 1080 1588 1121 eos
1614 1081 1728 1121 rem
1756 1074 1862 1120 tam
1895 1065 2010 1119 ina-

419 1179 543 1220 nem
575 1161 820 1219 crederet
846 1161 1173 1232 objecturos,
1207 1168 1264 1214 ut
1289 1158 1617 1228 reSpondere
1643 1173 1742 1213 nos
1768 1156 1968 1212 vellent
1992 1199 2007 1224 ,

417 1255 545 1329 quid
573 1255 740 1311 misso
763 1252 1006 1324 Ingentio
1029 1261 1239 1323 gestum
1270 1250 1448 1315 fuerit,
1478 1252 1564 1307 vel
1589 1260 1764 1306 utrum
1792 1249 2010 1304 omnino

417 1347 490 1401 sit
537 1346 735 1400 missus
775 1343 1086 1414 lngentius,
1143 1358 1264 1399 cum
1314 1351 1368 1397 et
1415 1343 1772 1398 innocentiam
1815 1340 2008 1396 Felicis

423 1435 827 1508 proconsularis
847 1434 1109 1490 sententia
1132 1434 1503 1498 declaraverit,
1536 1441 1590 1486 et
1616 1432 1858 1488 eamdem
1889 1447 2011 1488 sen-

421 1528 645 1586 tentiam
691 1526 971 1597 responsio
1023 1525 1361 1596 Imperatoris
1403 1524 1472 1578 ab
1520 1523 1649 1594 ipsis
1694 1523 1899 1595 prolata
1956 1531 2012 1578 et

417 1621 644 1678 recitata
671 1617 962 1673 firmaverit
989 1634 1002 1670 :
1028 1627 1083 1672 et
1111 1615 1282 1688 magis
1306 1616 1488 1686 utique
1514 1615 1613 1685 ipsi
1642 1615 2007 1685 protulissent,

417 1715 466 1770 si
507 1713 632 1784 quid
673 1712 838 1767 misso
864 1710 1101 1782 lngentio
1133 1724 1228 1781 pro
1254 1725 1311 1764 se
1340 1717 1546 1781 gestum
1585 1708 1748 1764 fuisse
1771 1708 2009 1764 conﬁde-

413 1811 541 1861 rent
562 1821 576 1858 :
596 1803 732 1858 sicut
774 1817 903 1873 ergo
928 1802 1207 1858 consulum
1250 1801 1384 1856 ordo
1411 1801 1666 1865 declarat,
1694 1801 1868 1871 primo
1892 1799 2012 1857 Οερ-

415 1895 640 1954 cilianus
669 1893 953 1964 episcopali
971 1892 1173 1964 judicio
1192 1891 1499 1947 Melchiadis
1514 1901 1596 1947 est
1621 1891 1893 1947 absolutus
1908 1892 2008 1963 (a),

418 1986 614 2045 deinde
676 2000 782 2040 non
830 1993 951 2057 post
1003 1984 1218 2055 longum
1260 1995 1472 2054 tempus
1510 1981 1740 2038 Felicem
1786 1997 2014 2054 procon-

411 2078 578 2134 sulari
619 2075 823 2147 judicio
864 2075 1107 2131 constitit
1155 2075 1494 2130 innocentem
1519 2115 1536 2140 ,
1591 2090 1654 2130 ac
1701 2074 1779 2128 sic
1827 2081 2012 2144 postea

415 2169 737 2227 Carcilianus
766 2168 928 2224 etiam
959 2168 1027 2223 ab
1056 2167 1386 2238 Imperatore
1426 2168 1565 2222 inter
1603 2174 1784 2238 partes
1810 2182 2010 2238 cogno-

412 2270 602 2320 scente
631 2271 887 2332 purgatus
922 2269 1006 2315 est
1033 2279 1046 2315 :
1072 2259 1268 2316 deinde
1311 2271 1433 2330 post
1460 2269 1690 2331 quatuor
1717 2276 1886 2316 annos
1913 2261 2012 2317 ad-

411 2352 642 2409 versarii
690 2351 808 2422 ejus
863 2351 1213 2422 ignominiosa
1263 2352 1352 2407 illa
1407 2351 1734 2422 indulgentia
1787 2355 2011 2410 relaxati

411 2453 557 2501 sunt.
607 2442 742 2498 Nam
779 2442 1100 2498 Melcliiades
1138 2442 1393 2512 judicavit
1435 2441 1788 2500 Constantino
1834 2453 1917 2500 ter
1952 2454 2007 2501 et

412 2537 624 2595 Licinio
671 2536 863 2591 iterum
917 2534 1224 2591 consulibus
1254 2576 1269 2600 ,
1318 2544 1471 2590 sexto
1518 2551 1689 2592 nonas
1736 2535 2006 2592 octobres.

415 2628 664 2687 Eiianus
697 2628 979 2700 proconsul
1004 2642 1219 2683 causam
1248 2627 1440 2683 Felicis
1464 2629 1685 2696 audivit,
1717 2629 2009 2686 Volusiano

415 2731 473 2780 et
495 2723 742 2778 Anniano
771 2721 1104 2788 consulibus,
1136 2721 1326 2792 quinto
1349 2721 1560 2777 decimo
1588 2722 1840 2778 calendas
1870 2739 2012 2779 mar-

414 2815 541 2881 tias,
575 2814 627 2868 id
658 2822 760 2881 est,
784 2822 907 2885 post
927 2828 1142 2869 menses
1166 2812 1331 2868 ferme
1351 2824 1600 2884 quatuor.
1627 2813 2010 2870 Constantinus

413 2905 484 2961 ad
517 2905 814 2960 Eumalium
846 2904 1103 2960 vicarium
1137 2904 1205 2959 de
1235 2905 1550 2975 purgatione
1580 2907 1844 2962 Caeciliani
1875 2909 2009 2963 scri-

411 2997 525 3070 psit
552 2996 662 3066 (b),
709 2996 910 3051 Sabino
933 3004 989 3051 et
1015 2995 1229 3050 Ruffino
1268 2997 1575 3052 consulibus
1600 3038 1615 3065 ,
1656 3007 1846 3067 quarto
1889 2999 2008 3056 idus

414 3087 770 3153 novembres,
819 3086 872 3141 id
915 3094 1000 3142 est
1019 3128 1034 3152 ,
1065 3096 1187 3157 post
1218 3087 1492 3142 biennium
1523 3095 1577 3142 et
1605 3103 1818 3144 menses
1842 3105 2012 3161 prope

414 3188 559 3236 octo.
594 3179 656 3234 Et
688 3178 830 3234 idem
873 3177 1166 3248 imperator
1210 3177 1278 3232 ad
1309 3177 1577 3234 Valerium
1620 3179 1874 3236 vicarium
1895 3183 1917 3212 ⁸
1945 3181 2013 3238 de

415 3274 630 3331 illorum
669 3273 859 3328 exsilio
886 3272 1097 3340 soluto,
1147 3283 1201 3328 et
1242 3287 1427 3327 eorum
1467 3272 1647 3329 furore
1678 3274 1786 3329 Deo
1815 3274 2012 3331 vindici

416 3365 770 3432 dimittendo,
824 3365 1032 3420 litteras
1083 3363 1270 3433 dedit,
1317 3363 1510 3436 CriSpo
1561 3375 1616 3422 et
1663 3365 2013 3422 Constantino

413 3464 609 3522 iterum
641 3463 953 3522 consulibus
975 3506 991 3532 ,
1036 3463 1192 3518 tertio
1222 3478 1393 3518 nonas
1422 3463 1590 3519 maias
1610 3506 1625 3532 ,
1672 3463 1728 3518 id
1758 3471 1862 3530 est,
1893 3471 2016 3534 post

413 3568 664 3630 quartum
709 3572 940 3621 annum,
973 3564 1028 3613 et
1071 3570 1318 3612 mensem
1362 3554 1534 3612 ferme
1575 3565 1808 3612 sextum.
1863 3554 2014 3613 Unde

415 3649 536 3707 sine
561 3649 685 3704 ullis
710 3647 1026 3717 ambagibus
1056 3646 1411 3718 liquidissime
1440 3656 1672 3713 constat,
1705 3647 1818 3702 sive
1847 3646 2012 3702 misso

415 3739 486 3795 ad
516 3740 827 3794 comitatum
863 3736 1104 3808 Ingentia
1125 3779 1141 3804 ,
1175 3737 1294 3792 sive
1323 3752 1431 3793 non
1457 3738 1643 3804 misso,
1673 3737 1800 3793 nihil
1828 3746 2012 3808 postea

418 3841 606 3888 contra
638 3830 980 3886 Caecilianum
1003 3829 1168 3884 fuisse
1185 3828 1504 3899 iudicatum,
1531 3829 1640 3884 imo
1659 3845 1780 3884 eum
1801 3830 2015 3900 judiciis

419 3938 634 3996 quoque
663 3921 1027 3992 imperialibus
1056 3920 1314 3974 victorem
1353 3919 1780 3976 adversariorum
1811 3929 1865 3977 et
1891 3936 2012 3992 per-

420 4022 730 4072 secuturum
763 4027 981 4068 suorum
1010 4019 1194 4082 postea
1223 4010 1575 4066 declaratum.

490 4106 716 4164 CAPUT
745 4105 1066 4162 XXXIV.—
1082 4105 1171 4160 57.
1197 4103 1455 4160 Eatnunc
1482 4117 1603 4174 pars
1627 4103 1834 4170 Donati,
1858 4103 2014 4160 toties

418 4200 718 4270 improbata
738 4241 755 4266 ,
790 4199 949 4254 toties
978 4197 1308 4254 calumniosa
1329 4238 1345 4264 ,
1381 4197 1540 4252 toties
1565 4194 1824 4262 mendax,
1858 4196 2014 4254 toties

419 4293 717 4356 confutata,
750 4293 912 4349 toties
955 4292 1130 4347 modis
1154 4291 1402 4347 omnibus
1427 4301 1674 4361 superata
1701 4300 1859 4361 atque
1887 4307 2015 4347 con-

422 4387 541 4446 fusa
565 4387 774 4444 :adbuc
797 4387 964 4458 jactet
984 4385 1218 4456 judicem
1249 4401 1279 4440 a
1311 4385 1463 4440 nobis
1491 4383 1654 4440 fuisse
1671 4396 2011 4454 corruptum;

423 4483 576 4556 quasi
609 4497 709 4536 vox
748 4481 852 4535 alia
879 4480 1036 4536 victis
1064 4495 1186 4535 esse
1212 4480 1573 4536 consueverit.
1603 4481 1827 4535 Prorsus
1851 4478 2017 4549 judex

421 4572 852 4643 corrumpendus
883 4571 1012 4638 fuit,
1047 4581 1102 4626 ut
1131 4571 1272 4642 quod
1305 4572 1402 4640 ipsi
1435 4572 1570 4627 bene
1595 4581 1841 4644 egerant,
1875 4571 2016 4628 illius

421 4667 719 4726 inflrmarct
744 4666 1052 4721 auctoritas.
1083 4664 1188 4721 Sed
1215 4680 1316 4721 nec
1345 4665 1486 4722 male
1511 4666 1631 4721 illos
1659 4666 1833 4736 egisse
1861 4666 2016 4722 dixe-

421 4760 701 4817 rim:imo
756 4774 884 4815 vero
944 4757 1146 4828 optime
1193 4767 1456 4828 egerunt,
1506 4758 1595 4828 qui
1652 4766 1839 4812 contra
1889 4772 2015 4812 suos

423 4867 637 4909 errores
681 4867 780 4923 pro
823 4850 1049 4906 veritate
1098 4858 1244 4904 tanta
1289 4849 1554 4904 dixerunt.
1597 4848 1725 4904 Nam
1767 4848 1813 4903 si
1856 4862 2015 4903 causa

423 4959 612 5001 eorum
656 4943 1056 5010 consideretur,
1100 4958 1289 4998 revera
1333 4951 1518 4998 contra
1552 4941 1807 5012 ipsoszsi
1837 4950 2014 4995 autem

423 5035 832 5106 prosecutiones
852 5050 1037 5090 eorum
1065 5034 1327 5106 legantur,
1359 5033 1526 5104 magis
1546 5031 1838 5088 secundum
1870 5031 2015 5102 ipsos

420 5123 702 5196 judicavit.
751 5125 833 5179 An
866 5140 994 5180 vero
1036 5127 1088 5179 in
1117 5141 1178 5180 ea
1220 5139 1379 5180 causa
1421 5125 1508 5178 ille
1547 5125 1637 5194 qui
1664 5123 1871 5178 medius
1899 5132 2016 5179 erat

490 5242 508 5273 ι
543 5239 617 5312 sle
637 5245 743 5289 Mss.
771 5245 827 5289 At
849 5239 985 5312 editi,
1007 5246 1078 5312 ut
1096 5252 1212 5312 quos
1496 5240 1677 5302 fecerat
1710 5243 1892 5291 nostros
1925 5237 2016 5292 im-

420 5309 730 5369 pugnatura,
754 5301 956 5366 (equites
977 5301 1160 5353 nostros
1177 5301 1355 5366 faceret
1379 5301 1670 5365 defensores.

487 5368 508 5398 ³
541 5372 608 5415 tta
632 5364 749 5415 editi
773 5377 947 5414 omnes
967 5365 1057 5414 hoc
1081 5365 1200 5425 loco,
1227 5378 1318 5428 nec
1338 5363 1481 5428 aliter
1517 5365 1887 5428 antiquissimus
1902 5371 2014 5428 cor-

418 5429 644 5480 beiensis
666 5434 746 5476 Ms.
774 5433 829 5477 At
852 5428 1104 5477 Beccensis
1123 5434 1175 5476 et
1195 5427 1504 5476 Michaelinus
1525 5425 1704 5486 ferunt,
1718 5426 1784 5477 ad
1803 5425 2016 5477 Valeria-

418 5503 540 5541 num
560 5488 814 5552 vicarium.
839 5497 973 5552 nunc
991 5490 1149 5552 ipsum
1166 5497 1398 5552 ivertuum
1417 5487 1632 5552 appellat
1645 5502 1815 5552 supra,
1840 5503 1889 5538 ιι.
1921 5489 2011 5550 54ς

421 5560 476 5605 et
499 5554 550 5603 in
573 5551 822 5603 Breviculo
837 5549 1129 5615 Collationis,
1150 5551 1233 5601 die
1249 5553 1411 5615 tertia,
1424 5549 1508 5615 nn.
1531 5550 1607 5611 40,
1629 5549 1784 5611 42,’et
1807 5553 1855 5602 in
1869 5549 2010 5615 epist.

424 5615 658 5676 Ml,n.9.
681 5616 753 5665 sic
776 5615 922 5665 etiam
946 5615 995 5663 in
1038 5614 1197 5664 indice
1219 5611 1489 5663 Collationis
1534 5621 1745 5673 vocatur,
1781 5611 1915 5677 part:
1951 5613 2009 5675 3,

422 5687 535 5787 apti
729 5741 779 5789 in
802 5740 1093 5804 Appendice.

481 5738 556 5860 ξιξ
590 5808 756 5850 contra
777 5803 1093 5860 (resconium,

504 5797 556 5860 ι)
590 5808 756 5850 Contra
777 5797 1098 5861 (absconium,
1124 5801 1202 5853 lib.
1225 5801 1272 5859 5,
1300 5815 1348 5849 ιι.
1372 5801 1446 5847 8:2.

918 304 1010 360 AD
1045 299 1472 359 DONATISTAS
1510 296 1680 355 POST
1718 294 2220 361 COLLATIONEM,
2260 295 2315 351 S.
2358 294 2728 353 AUGUSTINI
2783 295 2985 354 LIBER
3024 296 3224 358 UNUS.

2119 411 2492 467 adversaretur
2514 411 2687 477 nobis,
2713 412 2765 467 in
2787 427 2890 484 qua
2915 413 2991 469 illi
3011 415 3098 485 qui
3125 429 3191 470 ex
3217 414 3464 471 adverso
3490 415 3714 482 stabant,

2117 505 2400 571 dixerunt,
2431 506 2800 576 protulerunt,
2833 507 3192 564 recitaverunt
3221 516 3366 564 tanta
3394 523 3512 580 pro
3537 509 3713 564 nobis!

2117 596 2255 665 Quid
2280 612 2460 654 emere
2488 614 2518 652 a
2544 597 2725 669 judice
2751 599 3087 666 deberemus,
3105 587 3333 672 'quando
3358 600 3438 656 ab
3469 600 3713 658 adversa.

2116 689 2212 744 riis
2241 689 2328 743 illa
2356 705 2462 744 non
2494 661 2725 747 emimus
2749 732 2764 758 ,
2789 706 2908 761 qua:
2929 661 3163 761 judicem
3188 703 3490 766 cogerent,
3519 695 3715 749 etiamsi
3778 661 3779 734 ι

2117 784 2186 838 ab
2215 783 2346 853 ipsis
2371 784 2668 856 accepisset
2691 785 2991 855 {ecuniam,
3022 801 3119 856 pro
3147 787 3300 842 nobis
3331 787 3488 844 ferre
3507 798 3715 844 senten-

2119 874 2282 930 tiam?
2309 875 2621 946 Quanquam
2649 876 2693 931 si
2724 891 2829 932 non
2865 894 2986 932 eum
3015 893 3296 934 nossemus
3327 880 3518 936 Deum
3543 881 3718 936 timen-

2118 974 2251 1032 tem,
2281 979 2331 1023 et
2357 968 2580 1038 justitia:
2606 968 2942 1036 dilectorem,
2966 979 3021 1026 et
3039 970 3108 1026 ab
3129 973 3382 1027 omnibus
3410 973 3718 1042 hujusmodi

2118 1058 2369 1114 sordibus
2398 1059 2668 1127 alienum,
2716 1075 2814 1117 nos
2855 1061 2908 1116 in
2953 1061 3100 1116 illum
3147 1063 3308 1119 talem
3354 1065 3717 1135 suspicionem

2118 1151 2350 1221 dirigere
2391 1152 2745 1220 deberemus;
2790 1156 2880 1224 qui
2924 1155 3087 1210 nimia
3127 1155 3426 1225 patientia,
3479 1172 3612 1213 cum
3638 1173 3717 1212 eos

2117 1247 2322 1303 videret
2346 1249 2515 1318 premi
2546 1250 2787 1316 veritate,
2818 1264 2918 1304 nec
2946 1249 3026 1304 eis
3053 1249 3224 1305 videri
3247 1249 3410 1305 vellet
3435 1251 3716 1317 adversm,

2119 1341 2342 1396 nimium
2384 1342 2651 1412 patienter
2695 1342 2911 1412 pertulit
2953 1343 3197 1399 homines
3247 1357 3345 1414 per
3389 1343 3586 1399 inania
3639 1360 3718 1399 va-

2115 1445 2325 1505 gantes,
2353 1443 2407 1489 et
2432 1443 2538 1488 tam
2566 1433 2732 1489 multa
2762 1436 3026 1504 superflua
3055 1435 3316 1500 dicentes,
3341 1445 3398 1492 et
3428 1436 3506 1492 ad
3536 1436 3714 1492 adem

2123 1527 2280 1582 toties
2303 1527 2544 1582 convicta
2567 1527 2884 1593 redeuntes;
2913 1537 2972 1583 ut
2993 1537 3141 1600 gesta
3169 1530 3331 1586 tantis
3352 1530 3718 1587 voluminibus

2120 1629 2341 1675 onerata
2369 1635 2506 1691 pene
2531 1635 2720 1677 omnes
2749 1622 2952 1693 pigeret
2980 1622 3248 1688 evolvere,
3281 1631 3334 1678 et
3360 1623 3717 1696 quemadmo-

2118 1713 2245 1768 dum
2292 1723 2408 1769 acta
2454 1728 2612 1768 causa
2659 1715 2728 1770 sit
2771 1713 2998 1785 legendo
3045 1729 3417 1786 cognoscere:
3452 1717 3607 1788 quod
3651 1717 3715 1772 illi

2119 1817 2298 1860 utrum
2331 1806 2499 1877 magis
2527 1807 2704 1876 inopia
2727 1806 3000 1874 veritatis,
3027 1821 3093 1862 an
3123 1807 3384 1863 industria
3414 1807 3716 1863 calliditatis

2119 1897 2346 1969 egerint,
2374 1898 2574 1954 nescio.
2603 1898 2740 1954 Hinc
2761 1907 2938 1954 tamen
2959 1899 3134 1954 solum
3163 1915 3380 1955 causam
3411 1907 3531 1955 tam
3555 1900 3718 1972 pessi-

2119 2005 2260 2045 mam
2293 1997 2579 2060 utcumque
2605 1989 2860 2061 adjuvare
2887 1998 3199 2062 potuerunt,
3228 2005 3391 2062 quam
3419 1992 3610 2063 potius
3636 1990 3717 2045 de-

2119 2097 2305 2138 serere
2347 2081 2670 2138 debuerunt.
2717 2083 2954 2154 Denique
2983 2082 3027 2138 si
3067 2083 3120 2138 in
3161 2083 3280 2138 illos
3323 2083 3416 2155 qui
3459 2092 3712 2155 egerunt,

2119 2172 2402 2228 intendant
2421 2172 2604 2228 caeteri
2619 2172 3035 2238 accusationem,
3055 2189 3253 2244 eosque
3272 2175 3456 2245 potius
3477 2184 3714 2230 asseram

2121 2279 2150 2318 a
2179 2264 2336 2320 nobis
2375 2265 2538 2320 fuisse
2567 2273 2848 2336 corruptos
2867 2307 2883 2331 ,
2921 2273 2980 2320 ut
3005 2274 3084 2320 tot
3114 2267 3610 2336 prosecutionibus,
3640 2267 3714 2321 vel

2119 2371 2150 2410 a
2181 2372 2241 2411 se
2269 2355 2489 2426 prolatis
2533 2356 2850 2412 lectionibus
2893 2357 2973 2412 sic
3012 2355 3330 2426 adjuvarent
3368 2373 3595 2413 causam
3623 2373 3711 2411 no-

2118 2457 2320 2512 stram,
2367 2448 2446 2504 sic
2493 2448 2819 2518 perimerent
2847 2463 3029 2515 suam;
3058 2449 3242 2504 nescio
3260 2449 3712 2518 quemadmodum

2118 2554 2178 2594 se
2208 2538 2412 2609 possint
2455 2538 2744 2596 defendere
2763 2582 2779 2605 ,
2808 2548 2864 2595 et
2893 2539 2962 2594 ab
2992 2540 3090 2594 ista
3117 2539 3427 2609 suspicione
3457 2553 3706 2610 purgare.

2117 2631 2220 2686 nisi
2257 2630 2393 2686 forte
2432 2631 2651 2698 dicant,
2692 2630 2746 2688 Si
2773 2633 3010 2702 corrupti
3036 2646 3279 2687 essemus
3303 2673 3318 2699 ,
3359 2647 3586 2688 causam
3615 2643 3710 2686 tam

2118 2723 2336 2790 malam,
2369 2732 2424 2778 et
2451 2736 2548 2794 per
2583 2736 2682 2778 nos
2703 2733 2757 2778 et
2784 2739 2879 2793 per
2906 2722 3028 2778 illos
3067 2723 3390 2792 convictam,
3421 2725 3535 2780 cito
3560 2723 3706 2779 etiam

2120 2816 2402 2872 [iniremus
2431 2834 2443 2870 :
2473 2832 2616 2872 nunc
2642 2831 2769 2872 vero
2806 2816 2892 2870 vel
2929 2816 3052 2871 inde
3083 2815 3289 2874 credite
3314 2831 3414 2872 nos
3441 2833 3514 2874 ex
3542 2816 3710 2871 animo

2118 2907 2361 2964 adfuisse
2381 2951 2396 2975 ,
2429 2917 2484 2965 et
2507 2907 2708 2980 aliquid
2737 2907 2992 2978 prodesse
3017 2908 3282 2976 voluisse,
3315 2909 3459 2979 quod
3493 2909 3706 2963 multum

2120 3001 2390 3074 loquendo
2419 3002 2645 3073 egimus,
2675 3017 2744 3056 ne
2768 2999 2909 3072 quod
2936 3010 3114 3056 actum
3140 3011 3222 3056 est
3249 3000 3398 3055 facile
3425 3001 3705 3073 legeretur,

2119 3103 2175 3150 et
2203 3109 2301 3150 nos
2326 3110 2446 3150 esse
2483 3095 2654 3150 victos
2691 3095 2801 3149 cito
2843 3103 3276 3164 cognosceretur.
3311 3093 3368 3150 Si
3401 3094 3511 3150 hoc
3543 3093 3610 3148 ab
3635 3092 3704 3147 eis

2119 3202 2227 3242 non
2267 3187 2454 3255 fieret,
2500 3203 2601 3243 nec
2641 3188 2771 3259 ipsis
2792 3229 2808 3254 ,
2842 3202 2941 3242 nec
2967 3187 3122 3242 nobis
3144 3187 3460 3258 iurantibus
3492 3185 3707 3243 forsitan

2120 3278 2458 3345 crederetur,
2506 3279 2596 3334 illa
2643 3294 2764 3350 quas
2811 3294 2908 3350 pro
2947 3279 3103 3335 nobis
3137 3289 3326 3336 contra
3365 3295 3424 3335 se
3449 3322 3466 3346 ,
3513 3289 3569 3336 et
3610 3287 3704 3333 tam

2119 3374 2287 3428 multa
2327 3373 2599 3440 dixerunt,
2645 3381 2701 3428 et
2749 3381 2856 3427 tam
2902 3372 3070 3428 multa
3115 3371 3387 3442 legerunt,
3416 3373 3586 3444 gratis
3621 3382 3704 3426 eos

2119 3463 2275 3519 nobis
2314 3462 2494 3518 omnia
2525 3461 2860 3534 praestitisse.
2905 3461 3016 3518 Nec
3045 3472 3220 3518 tamen
3270 3463 3422 3534 ipsis,
3467 3463 3563 3518 sed
3605 3461 3703 3516 Deo

2122 3555 2298 3625 potius
2337 3555 2462 3610 hinc
2499 3555 2709 3625 agimus
2736 3554 2955 3626 gratias.
2998 3552 3069 3611 Ut
3095 3553 3238 3610 enim
3278 3554 3367 3610 illa
3407 3555 3588 3611 omnia
3628 3550 3702 3606 vel

2121 3649 2389 3720 loquendo
2428 3650 2511 3705 vel
2560 3648 2785 3720 legendo
2831 3664 2928 3719 pro
2971 3663 3133 3704 causa
3171 3657 3355 3704 nostra
3407 3653 3701 3720 promerent

2121 3751 2280 3813 atque
2311 3742 2669 3814 propalarem,
2721 3742 2921 3798 veritas
2966 3756 3062 3798 eos
3105 3743 3279 3810 torsit,
3329 3757 3438 3800 non
3483 3741 3699 3798 charitas

2120 3832 2384 3888 invitavit.

2193 3924 2419 3982 CAPUT
2471 3923 2687 3980 XXXV.
2719 3924 2908 3982 —58.
2962 3924 3331 3996 QuaprOpter,
3388 3927 3610 3991 fratres;
3659 3923 3697 3978 si

2125 4028 2302 4073 tamen
2330 4033 2437 4072 non
2468 4017 2756 4073 irascimini
2783 4016 2905 4088 quia
2932 4015 3126 4073 fratres
3155 4033 3411 4074 vocamus
3433 4035 3448 4073 ι
3473 4019 3550 4074 illi
3573 4015 3698 4072 enim

2123 4126 2244 4166 cum
2276 4110 2379 4166 hoc
2407 4125 2437 4164 a
2468 4109 2622 4165 nobis
2646 4109 2933 4178 audirent,
2980 4110 3226 4181 injuriam
3268 4110 3372 4167 sibi
3417 4111 3536 4167 fieri
3575 4105 3695 4180 apud

2122 4215 2239 4262 acta
2269 4206 2554 4261 dixerunt:
2577 4220 2677 4262 nec
2699 4205 2950 4261 mandato
2975 4215 3162 4262 nostro
3181 4205 3464 4270 admoniti,
3497 4206 3585 4262 ubi
3609 4202 3697 4258 hoc

2123 4313 2188 4353 ex
2210 4297 2468 4369 pmpheta
2493 4298 2852 4355 testimonium
2881 4298 3112 4368 positum
3134 4309 3237 4366 est,
3261 4299 3505 4356 recolere
3530 4307 3695 4371 potuc-
3761 4328 3768 4336 -

2123 4400 2252 4445 runt
2290 4390 2459 4445 Deum
2501 4389 2857 4460 pmcepisse:
2886 4389 3080 4455 Dicite,
3123 4387 3333 4444 Fratres
3371 4391 3533 4445 nostri
3557 4387 3694 4451 estis,

2123 4483 2201 4537 his
2228 4483 2314 4556 qui
2351 4498 2436 4537 nos
2482 4481 2695 4537 oderunt
2735 4492 2782 4537 et
2809 4482 2896 4552 qui
2939 4498 3026 4536 vos
3051 4481 3400 4546 detestantur;
3449 4493 3506 4537 ut
3535 4494 3693 4537 nomen

2126 4576 2330 4630 Domini
2358 4576 2721 4644 Itonoriﬁcetur
2743 4616 2756 4641 ,
2797 4585 2844 4630 et
2873 4587 3118 4646 appareat
3145 4575 3250 4630 illis
3275 4576 3329 4629 in
3353 4577 3691 4649 jucunditate,

2122 4670 2221 4740 ipsi
2245 4680 2412 4724 autent
2442 4670 2733 4725 erubescant
2767 4668 2918 4741 (Isai.
2961 4685 3103 4736 vat,
3149 4670 3203 4734 5,
3226 4685 3328 4724 sec.
3360 4669 3551 4742 LXX).
3573 4670 3692 4737 Ergo

2119 4763 2250 4835 jam,
2285 4762 2496 4827 fratres,
2529 4772 2784 4834 appareat
2808 4764 2959 4819 vobis
2987 4779 3182 4819 nomen
3207 4764 3415 4820 Domini
3447 4767 3500 4821 in
3525 4766 3694 4836 jucun-

2111 4851 2308 4921 ‘ditate,
2336 4856 2476 4927 quod
2499 4871 2661 4928 super
2682 4872 2779 4912 nos
2801 4855 3102 4911 invocatqu
3131 4865 3234 4921 est,
3261 4864 3315 4912 et
3334 4856 3490 4926 cujus
3513 4855 3691 4924 utrique

2124 4950 2467 5007 Sacramenta
2490 4958 2786 5022 portantes,
2809 4966 2917 5005 non
2940 4951 3210 5006 immerito
3229 4950 3462 5006 dicimur
3491 4951 3690 5005 fratres:

2119 5044 2230 5116 jam
2261 5059 2445 5115 pacem
2491 5053 2667 5100 amate
2691 5087 2707 5112 ,
2747 5044 3186 5100 consuetudinem
3215 5043 3624 5108 calumniosam,
3648 5047 3691 5094 et

2123 5137 2466 5208 litigiosam‘,
2491 5137 2601 5208 jam
2643 5139 2831 5195 saltem
2874 5137 3169 5193 convictam
3213 5137 3595 5210 confusamque
3622 5147 3692 5189 rev

2125 5230 2347 5301 linquite
2372 5247 2384 5283 :
2411 5245 2509 5285 nec
2553 5231 2699 5299 ipsos
2739 5229 2960 5286 oderitis
3002 5228 3216 5301 quando
3253 5229 3321 5284 ad
3365 5245 3465 5285 nos
3490 5223 3687 5286 correcti

2124 5331 2417 5387 transeunt,
2451 5321 2544 5377 sed
2566 5322 2778 5393 quando
2805 5323 2858 5378 in
2885 5338 3071 5378 errore
3099 5321 3307 5378 nefario
3333 5332 3685 5394 permanentes

2122 5430 2218 5472 vos
2245 5415 2420 5471 adhuc
2449 5431 2617 5487 usque
2662 5415 2944 5472 seducunt.
2986 5415 3094 5473 Nec
3139 5415 3240 5472 sibi
3280 5415 3384 5486 ipsi
3427 5415 3600 5488 magni
3623 5409 3686 5466 vi-

2124 5507 2381 5575 deantur,
2435 5508 2576 5578 quod
2627 5509 2707 5564 eis
2755 5508 3013 5566 honorem
3066 5509 3119 5564 in
3168 5507 3372 5564 unitate
3422 5507 3687 5565 deferimus

2124 5619 2280 5673 quem
2307 5601 2616 5673 possideant
2636 5603 2898 5660 liberandi
2920 5621 2932 5657 :
2954 5603 3096 5660 hunc
3117 5602 3260 5659 enim
3287 5601 3551 5660 habentes
3565 5608 3684 5659 extr:

2191 5739 2207 5804 'A
2242 5739 2494 5787 Beccensis
2519 5746 2620 5798 \Is.,
2638 5741 3029 5804 consuetudinem
3051 5738 3375 5804 etlitigiosnm
3399 5737 3679 5804 caluariam".

2126 5801 2210 5848 alii
2239 5813 2355 5849 vero
2381 5807 2506 5862 Mss,
2533 5801 2946 5867 consuetudinem,
2978 5811 3023 5856 et
3047 5801 3315 5866 titigidSam,
3345 5801 3678 5867 ταιιηηηίοδαπιτ
3778 5809 3779 5867 ξ
