3816 6144
25 328 183 385 689

27 443 357 500 unitatem
403 438 571 506 magis
608 442 732 489 sunt
772 429 895 486 inde
934 422 1238 483 damnandi.
1280 419 1440 489 Signa
1481 413 1674 486 quippe

31 536 349 593 militaria
407 527 759 602 perniciosius
811 524 879 578 ab
933 512 1333 588 usurpatoribus
1380 508 1674 570 habentur,

33 642 250 698 quam
286 624 335 679 si
361 621 587 678 omnino
616 632 726 673 non
753 613 1096 675 haberentur,
1123 620 1223 661 nec
1247 613 1426 658 tamen
1453 598 1532 653 eis
1556 611 1678 652 eor-

39 691 259 775 gectis
285 725 343 772 et
369 716 422 768 in
450 720 623 768 castra
650 701 989 778 Imperatoris
1013 697 1242 755 redactis
1263 694 1348 749 illa
1370 691 1682 760 franguntur

45 819 181 863 aut
229 805 551 868 abolentur;
596 798 691 855 sed
730 810 823 851 eos
863 807 996 864 quos
1021 798 1174 845 antea
1207 783 1498 856 prodebant
1524 789 1682 848 atque

49 897 429 971 puniebant,
479 893 587 964 jam
631 902 827 944 ornare
872 882 1130 953 incipiunt
1173 885 1230 934 et
1269 873 1497 931 munire.
1543 868 1682 940 Quid

57 993 278 1047 adhuc
319 985 596 1043 attenditis
625 981 692 1036 ad
723 993 908 1035 eorum
947 976 1161 1030 insanas
1197 966 1442 1040 querelas
1469 973 1522 1017 et
1546 975 1683 1016 vana

57 1080 423 1140 mendacia?
445 1077 611 1133 Nocte
634 1086 790 1128 causa
820 1069 966 1124 finita
993 1073 1096 1130 est,
1123 1061 1217 1117 sed
1242 1067 1299 1114 ut
1320 1072 1423 1112 nox
1446 1054 1686 1109 finiretur

61 1171 326 1230 erroris.
353 1168 520 1224 Nocte
546 1165 685 1220 dicta
712 1157 975 1216 sententia
997 1162 1100 1218 est,
1128 1150 1223 1206 sed
1252 1148 1459 1217 fulgens
1483 1141 1686 1198 lumine

61 1262 372 1320 veritatis.
400 1258 636 1314 lnclusos
660 1268 718 1309 se
748 1262 995 1322 tanquam
1031 1247 1084 1301 in
1123 1255 1338 1299 carcere
1364 1237 1528 1293 fuisse
1553 1248 1685 1290 con-

69 1354 283 1427 (χυθειί
312 1360 440 1407 sunt
464 1369 477 1405 :
501 1349 574 1404 ibi
614 1357 667 1402 et
697 1359 797 1400 nos
835 1354 1084 1405 eramus;
1135 1345 1224 1391 aut
1267 1333 1507 1402 utrisque
1551 1327 1688 1382 facta

70 1421 183 1504 e—st
212 1445 436 1515 injuria,
468 1449 560 1496 aut
587 1439 825 1508 utrisque
849 1432 1083 1489 adhibita
1112 1424 1401 1498 diligentia.
1429 1421 1532 1479 Sed
1558 1433 1692 1491 quo-

72 1538 268 1596 modo
295 1536 536 1591 dicamus
578 1529 825 1602 iniuriam
847 1568 862 1592 ,
907 1521 1119 1596 quando
1143 1521 1198 1576 in
1237 1528 1343 1572 tam
1379 1515 1612 1585 spatioso
1636 1517 1692 1565 et

75 1631 284 1688 lucido
311 1637 366 1684 et
391 1623 717 1696 refrigeranti
749 1621 868 1675 loco
899 1630 1000 1672 nos
1023 1613 1187 1668 fuisse
1216 1603 1547 1666 recolimus?
1575 1602 1691 1657 Aut

76 1719 380 1796 quomodo
419 1727 532 1773 erat
559 1729 776 1779 carcer,
819 1709 906 1766 uhi
947 1714 1063 1762 erat
1101 1713 1154 1760 et
1187 1698 1389 1772 judex?
1413 1698 1692 1753 Postremo

82 1814 323 1870 clausos
351 1809 516 1864 fuisse
546 1821 645 1862 nos
687 1801 1074 1861 nesciebamus,
1105 1795 1193 1866 qui
1222 1792 1379 1847 simul
1405 1790 1546 1844 intus
1569 1800 1691 1842 era-

79 1921 224 1960 mus
251 1920 266 1956 :
293 1901 392 1973 ipsi
419 1898 560 1955 unde
582 1897 792 1962 sciunt,
835 1891 935 1947 nisi
975 1889 1097 1960 quia
1125 1885 1308 1956 fugere
1342 1881 1570 1937 fortasse
1593 1891 1693 1932 vo-

83 1969 344 2052 luerunt.
397 1991 503 2048 Sed
551 1989 670 2061 quis
715 2001 821 2042 non
871 1981 1047 2037 videat
1094 1976 1236 2050 quod
1285 1976 1384 2030 ista
1432 1969 1610 2027 inania
1639 1975 1694 2022 et

552 320 614 376 S.
655 309 1016 373 AUGUSTINI
1058 300 1358 363 EPISCOPI
1397 295 1628 355 SERMO
1667 293 1755 348 AD
1793 239 2282 346 CAESAREENSlS
2320 275 2669 336 ECCLESIA'I
2708 271 3002 330 PLEBEM.

3253 268 3360 327 690

1789 404 2005 463 ridenda
2035 403 2210 472 potius
2234 414 2391 471 quam
2419 394 2711 452 refellenda
2731 391 2798 448 de
2823 392 2911 447 tali
2937 388 3226 463 Cognitore
3252 404 3357 445 non

1785 499 2057 560 dicerent,
2100 493 2146 548 si
2181 505 2276 562 pro
2304 505 2398 546 sua
2427 500 2587 544 causa
2630 494 2852 557 possent
2890 481 3121 538 validum
3166 480 3362 552 aliquid

1785 587 2024 645 invenire
2046 580 2189 655 quod
2211 577 2484 637 dicerent?
2508 576 2717 632 Scimus
2739 588 2898 645 quam
2925 571 3079 626 multi
3107 582 3359 634 vestrum,

1786 692 1840 739 et
1864 681 2002 737 forte
2027 689 2216 734 omnes
2242 684 2332 728 aut
2361 686 2495 742 pene
2524 682 2742 728 omnes,
2769 665 2948 721 dicere
2973 663 3216 726 soleatis,
3254 661 3298 716 0
3324 663 3370 716 si

1787 777 1842 830 in
1870 789 2024 828 unum
2053 769 2219 824 locum
2242 761 2593 820 convenirent!
2617 777 2646 814 ο
2674 759 2720 814 si
2747 756 3018 828 aliquando
3043 754 3364 824 conferrent,

1789 877 1937 938 atque
1955 866 2058 920 illis
2084 857 2453 933 disputantibus
2480 856 2662 910 veritas
2685 849 2988 924 appareret!
3008 849 3143 903 Ecce
3171 845 3368 901 factum

1789 966 1890 1022 est,
1921 970 2045 1011 ecce
2071 952 2312 1009 convicta
2341 958 2425 1004 est
2452 946 2653 1002 falsitas
2677 986 2693 1012 ,
2721 958 2848 1000 ecce
2871 939 3112 1012 apparuit
3137 939 3367 994 veritas:

1790 1046 1915 1120 quid
1949 1044 2121 1100 adhuc
2163 1041 2358 1113 fugitur
2392 1038 2605 1094 unitas?
2647 1033 2772 1104 quid
2815 1032 2986 1087 adhuc
3013 1028 3372 1086 contemnitur

1791 1136 2057 1196 Charitas?
2082 1133 2219 1204 Quid
2250 1130 2404 1186 nobis
2432 1137 2516 1186 est
2545 1143 2640 1198 per
2668 1125 2944 1180 hominum
2980 1121 3195 1177 nomina
3223 1119 3360 1176 divi-

1793 1229 1887 1286 di?
1911 1229 2010 1298 Qui
2038 1242 2138 1282 nos
2178 1221 2378 1280 creavit
2405 1235 2542 1276 unus
2570 1227 2651 1273 est
2683 1217 2820 1271 Deus
2844 1257 2856 1276 ,
2897 1213 2986 1284 qui
3015 1226 3113 1267 nos
3138 1209 3371 1266 redemit

1792 1335 1933 1376 unus
1956 1326 2040 1374 est
2057 1316 2322 1380 Christus,
2351 1311 2441 1382 qui
2471 1324 2568 1365 nos
2591 1306 2898 1363 consociare
2923 1302 3102 1363 debet,
3134 1315 3269 1355 unus
3292 1308 3376 1354 est

1796 1410 2048 1482 Spiritus.
2078 1406 2198 1461 .lam
2228 1417 2428 1458 nomen
2459 1397 2667 1453 Domini
2699 1396 3011 1458 honoretur,
3045 1401 3098 1446 ct
3125 1398 3378 1460 appareat

1794 1480 1948 1559 vobis
1975 1501 2026 1555 in
2058 1496 2410 1570 iucunditate,
2453 1499 2512 1546 ut
2535 1487 2832 1560 agnoscatis
2858 1484 3049 1539 fratres
3089 1492 3294 1538 vestros
3323 1480 3378 1534 in

1796 1597 1964 1668 ipsius
2003 1593 2226 1648 unitate.
2276 1587 2393 1644 Jam
2431 1585 2485 1639 in
2519 1578 2979 1655 prosecutionibus
3008 1576 3379 1646 episcoporum

1798 1697 2122 1752 vestrorum,
2170 1681 2259 1753 qui
2304 1693 2402 1734 nos
2444 1672 2727 1746 separabat
2764 1683 2917 1724 error
2941 1675 3024 1723 est
3046 1665 3250 1719 victus:
3281 1663 3379 1716 ali-

1799 1780 2011 1854 quando
2053 1778 2104 1832 in
2145 1773 2399 1830 cordibus
2424 1768 2616 1824 vestris
2656 1765 2900 1819 vincatur
2927 1768 2981 1815 et
3005 1757 3281 1820 diabolus,
3327 1765 3383 1810 et

1800 1846 1945 1944 gregi
1975 1883 2074 1925 suo
2098 1866 2326 1923 collecto
2349 1871 2508 1933 atque
2535 1863 2723 1930 pacato
2765 1854 2837 1910 sit
2864 1850 3126 1925 propitius
3158 1847 3247 1918 qui
3282 1846 3384 1901 hoc

1802 1961 2043 2035 praecipit
2068 1958 2332 2016 Christus.

1473 2153 1475 2157 Ι
2683 2153 2695 2163 ς

695 2264 843 2380 Su
921 2246 1711 2375 AUBELII

1795 2153 2770 2353 insuum!

1332 2432 1848 2506 HIPPONENSIS
1887 2425 2243 2493 EPISCOPI

1365 2591 2189 2774 SEBMO

107 2911 368 3040 AD
427 2887 1657 3036 CESAREENSIS
1699 2870 2622 3010 ECCLESI/E
2659 2867 3386 2997 PLEBEM

1108 3101 1474 3168 EMEBITO
1528 3092 1965 3161 PRIESENTE
2008 3086 2376 3151 HABITUS.

1516 3257 1993 3312 __.¢¢___.

189 3412 242 3465 1.
267 3402 612 3464 Alacritatem
640 3404 831 3453 vestrae
851 3389 1134 3448 Charitatis
1152 3394 1348 3457 quanto
1373 3381 1562 3454 gaudio
1589 3393 1704 3434 sus-

111 3502 415 3572 cipiamus,
475 3489 777 3564 agnoscitis.
827 3483 1168 3539 Exsultamus
1203 3476 1345 3532 enim
1384 3475 1436 3528 in
1479 3470 1706 3527 Domino

116 3565 234 3651 Deo
262 3599 479 3652 nostro,
507 3584 576 3639 de
602 3596 708 3652 quo
733 3576 1020 3650 Apostolus
1048 3573 1121 3626 ait
1151 3589 1165 3625 :
1195 3569 1316 3641 Ipse
1338 3577 1411 3622 est
1449 3565 1579 3620 enim
1607 3579 1712 3635 pax

117 3694 320 3748 nostra,
353 3679 440 3751 qui
467 3675 583 3747 fecit
614 3683 824 3742 utraque
844 3683 1000 3722 unum
1027 3662 1240 3734 (Ephes.
1267 3676 1326 3725 tt,
1356 3658 1466 3728 M).
1492 3655 1710 3726 Agimus

119 3793 254 3850 ergo
280 3747 456 3830 eidem
499 3766 730 3824 Domino
754 3772 808 3818 et
833 3756 1094 3816 Salvatori
1125 3761 1306 3808 nostro
1330 3749 1458 3806 Jesu
1497 3747 1712 3802 Christo

119 3842 346 3942 gratias.
389 3863 486 3918 Hic
526 3858 770 3930 praestitit
801 3853 987 3919 nobis,
1022 3858 1080 3905 ut
1104 3857 1386 3916 antequam
1425 3842 1714 3897 habeamus

121 3960 314 4018 fratris
342 3953 511 4012 nostri
533 3949 758 4007 Emeriti
785 3947 1106 4002 voluntatem
1128 3983 1144 4008 ,
1170 3943 1278 4009 jam
1309 3934 1715 4007 cognoverimus

124 4060 390 4124 quantum
411 4043 584 4114 diligit
611 4031 890 4096 unitatem.
923 4035 1052 4103 Quae
1079 4043 1254 4087 tamen
1292 4026 1546 4099 principia
1579 4025 1718 4079 Deus

127 4141 362 4198 voluerit
382 4146 440 4192 ιιι
467 4134 534 4190 de
560 4148 654 4187 ore
684 4130 848 4201 ipsius
877 4126 1180 4181 audiremus
1198 4163 1216 4188 ,
1244 4119 1486 4188 accipite.
1512 4117 1629 4171 Mox
1662 4124 1720 4170 ut

129 4238 408 4305 ingressus
454 4237 537 4284 est
585 4226 740 4280 istam
793 4219 1110 4281 ecclesiam,
1160 4213 1252 4268 illo
1297 4211 1413 4266 loco
1457 4217 1603 4263 stans
1630 4206 1718 4261 ubi

133 4327 369 4396 primum
400 4319 658 4390 cwpimus
685 4329 804 4369 cum
827 4326 892 4367 eo
915 4305 1258 4377 colloquium,
1298 4300 1588 4370 inspirante
1622 4297 1722 4350 Do-

133 4420 285 4474 mino
304 4459 319 4478 ,
348 4414 438 4484 qui
462 4388 514 4467 et
540 4425 632 4465 cor
653 4403 886 4469 instruit,
917 4411 970 4457 et
996 4400 1225 4468 linguam
1247 4395 1404 4464 regit,
1427 4391 1499 4444 ait
1521 4388 1672 4443 nobis
1704 4405 1718 4441 :

139 4511 266 4566 Non
293 4481 494 4575 possunt
529 4501 664 4558 nolle
698 4498 832 4572 quod
859 4495 1008 4551 vultis
1033 4537 1047 4559 ,
1088 4491 1175 4545 sed
1203 4503 1404 4560 possum
1429 4484 1552 4539 velle
1591 4481 1724 4553 quod

137 4605 274 4658 nolo.
300 4597 489 4652 Videte
518 4592 641 4664 quid
671 4587 1007 4660 promiserit,
1039 4584 1127 4653 qui
1167 4595 1226 4636 se
1261 4579 1395 4634 dixit
1435 4591 1539 4630 non
1571 4587 1726 4644 posse

141 4695 287 4749 nolle
316 4687 457 4760 quod
487 4687 750 4740 volumus.
780 4679 838 4734 Si
885 4676 1026 4731 enim
1072 4689 1178 4728 non
1209 4678 1381 4741 potest
1406 4668 1547 4724 nolle
1585 4664 1727 4737 quod

139 4785 394 4839 volumus
417 4820 433 4844 ,
461 4777 562 4833 scit
588 4771 711 4844 quid
734 4771 978 4826 velimus.
1011 4765 1121 4820 Hoc
1147 4762 1289 4818 enim
1320 4760 1566 4813 volumus
1589 4754 1728 4827 quod

143 4884 198 4929 et
219 4886 320 4927 vos
338 4867 517 4923 vultis.
541 4863 653 4919 Hoc
679 4873 864 4915 omnes
887 4856 1131 4912 volumus
1157 4850 1296 4922 quod
1323 4850 1433 4904 vult
1455 4847 1728 4902 Dominus.

144 4962 288 5034 Quid
311 4971 488 5016 autem
518 4954 645 5010 velit
672 4951 929 5007 Dominus
949 4989 962 5012 ,
1003 4945 1267 5001 occultum
1298 4956 1403 4995 non
1443 4949 1543 4994 est.
1574 4937 1734 5008 Legi-

146 5069 236 5112 tur
266 5054 408 5110 enim
438 5049 838 5104 Testamentum
859 5041 995 5110 ejus,
1022 5036 1110 5107 qui
1143 5050 1239 5089 nos
1269 5033 1366 5088 sibi
1395 5030 1517 5086 fecit
1555 5029 1735 5084 cohae-

1811 3382 1920 3429 tem
1947 3369 2152 3439 aliquas
2190 3363 2343 3420 nobis
2385 3360 2509 3416 facit
2555 3357 2787 3416 secunda
2833 3355 3096 3413 sententia
3118 3397 3133 3421 ,
3180 3353 3402 3412 Possum

1813 3465 1939 3518 velle
1981 3459 2117 3533 quod
2157 3457 2290 3511 volo.
2323 3454 2412 3510 Sic
2449 3453 2590 3509 enim
2629 3450 2762 3506 dixit
2798 3467 2811 3502 :
2850 3447 2973 3504 Non
3018 3463 3223 3519 possum
3265 3449 3406 3504 nolle

1814 3555 1949 3630 quod
1982 3553 2134 3607 vultis
2154 3592 2168 3616 ,
2199 3547 2287 3604 sed
2316 3561 2521 3619 possum
2563 3542 2688 3598 velle
2714 3540 2849 3613 quod
2876 3539 3010 3595 volo.
3049 3539 3230 3595 Potest
3267 3539 3406 3596 velle

1817 3647 1958 3720 quod
1987 3645 2132 3709 vult,
2161 3641 2253 3698 sed
2282 3655 2388 3695 non
2433 3647 2608 3709 potest
2634 3635 2775 3691 nolle
2803 3633 2944 3704 quod
2978 3632 3244 3689 volumus:
3272 3630 3409 3688 Illud

1817 3742 1961 3796 enim
1987 3735 2129 3808 quod
2157 3749 2215 3790 se
2242 3732 2374 3787 dicit
2415 3743 2572 3800 posse
2597 3771 2612 3796 ,
2643 3726 2906 3782 videmus.
2930 3724 3064 3780 Nam
3104 3723 3220 3779 vult
3249 3723 3408 3779 modo

1818 3832 1961 3905 quod
1990 3830 2138 3895 vult;
2180 3828 2352 3897 ipsum
2391 3833 2568 3878 autem
2604 3819 2746 3892 quod
2776 3821 2923 3887 vult,
2961 3835 3068 3875 non
3095 3818 3208 3875 vult
3247 3818 3407 3875 Deus.

1819 3924 1958 3995 Quid
1983 3922 2126 3978 enim
2159 3918 2318 3974 modo
2343 3915 2492 3971 vult?
2535 3927 2656 3970 esse
2693 3913 2744 3966 in
2779 3911 3112 3967 dissensione
3153 3925 3186 3966 a
3224 3909 3412 3966 catho-

1819 4016 1920 4075 lica
1953 4013 2185 4071 Ecclesia
2208 4054 2222 4076 ,
2263 4024 2383 4066 esse
2409 4007 2584 4062 adhuc
2611 4006 2662 4060 in
2690 4004 3064 4060 communione
3109 4002 3275 4072 partis
3304 4002 3413 4057 Do-
3478 4046 3481 4048 .

1824 4109 1968 4172 nati,
2000 4121 2119 4160 esse
2147 4103 2326 4157 adhuc
2353 4102 2404 4154 in
2435 4098 2720 4152 schismate
2741 4137 2756 4160 ,
2785 4109 2904 4150 esse
2931 4094 3106 4149 adhuc
3135 4094 3274 4148 inter
3293 4093 3414 4149 illos

1824 4201 1913 4272 qui
1939 4199 2155 4261 dicunt,
2181 4194 2292 4264 Ego
2327 4207 2438 4246 sum
2466 4189 2654 4250 Pauli,
2684 4203 2774 4258 ego
2798 4202 2915 4240 vero
2940 4184 3153 4257 Apollo,
3180 4201 3274 4256 ego
3298 4199 3416 4239 vero

1824 4288 2050 4360 Cepltw?
2079 4284 2184 4340 Sed
2213 4283 2318 4336 hoc
2355 4295 2461 4335 non
2497 4279 2606 4331 vult
2645 4277 2814 4340 Deus,
2846 4275 2974 4330 dum
3007 4276 3242 4346 increpat
3269 4276 3417 4344 Apo-

1826 4383 2024 4446 stolus,
2056 4377 2257 4433 Divisus
2282 4383 2352 4429 est
2381 4373 2610 4428 Christus
2637 4369 2678 4443 (Ι
2712 4367 2830 4423 Cor.
2855 4383 2907 4434 t,
2937 4367 3042 4434 12,
3074 4365 3203 4438 l3)?
3237 4366 3421 4422 Potest

1827 4491 1954 4544 ergo
1983 4470 2118 4525 velle
2145 4467 2287 4539 quod
2309 4464 2453 4529 vult,
2481 4462 2575 4518 sed
2598 4462 2664 4516 ad
2694 4469 2907 4530 tempus
2928 4502 2942 4524 ,
2969 4457 3062 4514 sed
3091 4457 3156 4512 ad
3192 4457 3379 4513 horam
3400 4501 3417 4523 ,

1829 4566 1922 4622 sed
1950 4564 2015 4620 ad
2042 4558 2396 4621 verecundius,
2430 4569 2536 4610 non
2562 4553 2628 4608 ad
2655 4552 2913 4607 rationem
2939 4551 3216 4620 sapientiae
3245 4559 3421 4620 p0test

1832 4660 1968 4715 velle
1998 4655 2136 4727 quod
2159 4653 2289 4707 vult.
2315 4649 2447 4705 Nam
2474 4645 2634 4702 modo
2673 4645 2775 4700 hoc
2799 4652 2886 4698 est
2905 4641 3046 4714 quod
3073 4641 3213 4708 vult,
3243 4649 3297 4696 et
3330 4657 3424 4710 po-

1833 4758 1938 4806 test
1959 4747 2098 4802 velle
2122 4742 2263 4814 quod
2289 4741 2420 4796 vult.
2454 4738 2557 4794 Sed
2597 4737 2720 4808 quia
2749 4750 2854 4789 non
2892 4743 3064 4804 potest
3103 4732 3245 4788 nolle
3280 4731 3425 4803 quod

1835 4847 2097 4906 volumus,
2131 4839 2262 4894 nolit
2288 4837 2428 4892 Deus
2453 4831 2594 4905 quod
2617 4831 2729 4885 vult
2748 4831 2764 4861 ¹
2786 4871 2800 4893 ,
2831 4837 2886 4884 et
2923 4827 3081 4882 faciat
3103 4826 3242 4898 quod
3273 4825 3427 4881 volu-

1837 4957 1975 4997 mus.
1993 4937 2108 4992 Non
2128 4950 2226 4990 vos
2252 4947 2378 5003 ergo
2399 4936 2728 5000 permoveat,
2757 4923 2970 4988 fratres,
2994 4922 3168 4993 aliqua
3196 4924 3426 4990 morula,

1838 5032 1962 5087 dum
1989 5027 2131 5100 quod
2159 5025 2293 5092 vult,
2315 5024 2424 5078 vult
2447 5039 2463 5087 ;
2486 5020 2582 5076 sed
2607 5027 2756 5074 orate
2783 5026 2840 5070 ut
2866 5014 3023 5070 faciat
3047 5015 3187 5086 quod
3226 5019 3429 5087 promi-

148 5146 309 5202 redes
340 5159 356 5196 :
385 5141 437 5195 in
467 5152 535 5198 eo
558 5136 810 5191 recitatur
832 5174 846 5196 ,
880 5129 1066 5182 Pacem
1096 5140 1256 5190 meant
1282 5123 1346 5175 do
1374 5120 1530 5183 vobis,
1566 5135 1720 5189 pacen

1841 5123 1944 5186 sit,
1969 5130 2026 5175 ut
2046 5134 2152 5174 non
2176 5117 2344 5188 possit
2373 5112 2514 5168 nolle
2542 5108 2682 5181 quod
2706 5107 2968 5161 volumus.
3003 5107 3065 5161 Et
3086 5107 3154 5161 ab
3181 5107 3433 5161 omnibus

151 5250 317 5290 meam
345 5229 577 5298 relinquo
614 5224 751 5279 vobis
783 5219 959 5294 (loan.
991 5233 1112 5282 xuv,
1142 5211 1256 5283 27).
1285 5211 1405 5267 Sive
1435 5223 1561 5280 ergo
1597 5210 1702 5264 cito
1723 5248 1737 5274 ,

155 5329 266 5383 sive
295 5337 420 5381 sero
443 5363 456 5388 ,
488 5333 594 5374 non
620 5321 796 5388 potest
821 5312 963 5367 nolle
984 5307 1123 5379 quod
1148 5306 1410 5360 volumus.
1441 5301 1615 5357 Moras
1644 5316 1737 5355 au-

1845 5211 2196 5266 acclamatum
2228 5215 2342 5272 est,
2370 5202 2468 5258 Aut
2494 5202 2596 5267 hic,
2623 5207 2710 5253 aut
2736 5198 3011 5267 nusquam!
3034 5197 3132 5266 Qui
3153 5197 3312 5252 corda
3338 5211 3434 5251 ve:

1848 5312 1954 5357 stra
1989 5297 2300 5355 declarastis
2337 5293 2553 5350 vocibus
2572 5332 2588 5358 ,
2615 5289 2860 5360 adjuvate
2887 5304 2984 5344 nos
3004 5297 3058 5344 et
3078 5288 3431 5344 orationibus.

1297 5429 1580 5470 ADIIONITIO
1618 5428 1698 5468 PP.
1737 5425 2212 5469 BENEDICTINORUI.

221 5539 391 5602 sermo
487 5520 813 5602 Ἡραιεῖς
841 5513 1064 5602 Ecclesiae
1087 5511 1301 5574 plebem,
1325 5509 1452 5582 liber
1474 5508 1539 5557 de
1561 5509 1717 5580 Gestis
1737 5519 1846 5558 cum
1879 5506 2098 5563 Emerita,
2123 5509 2174 5552 et
2194 5499 2305 5550 libri
2327 5499 2425 5549 duo
2453 5503 2621 5548 contra
2653 5493 2970 5545 Gaudentium
2990 5496 3044 5544 in
3064 5489 3315 5542 Gallicanis
3334 5499 3438 5540 tnt-

679 5588 788 5602 μ..-
833 5591 856 5602 ε.
981 5588 1022 5602 ,η
1043 5585 1233 5602 null-enm
1258 5578 1558 5602 nne-mmmam
1585 5569 1847 5602 atlthnnum
1870 5565 2126 5602 mllgtinno
2152 5561 2490 5602 emendantur.

167 5561 810 5654 nu‘séiibiﬁééiééiiaﬁij
833 5561 924 5627 sed
945 5561 1023 5624 hic
1043 5561 1235 5622 rursum
1258 5561 1560 5633 antiquarum
1585 5569 1849 5618 editionum
1870 5561 2126 5617 collatione
2152 5561 2490 5612 emendantur.

251 5665 759 5750 Comparavimus
779 5666 1079 5739 praeterea
1105 5674 1202 5714 eas
1230 5671 1432 5714 omnes
1455 5651 1757 5713 editiones
1785 5649 1972 5712 initio
2002 5640 2574 5713 Retr.etConfess.,
2613 5645 2660 5697 ε.
2690 5638 2746 5710 1,
2768 5641 3153 5698 memoratas.
3267 5633 3356 5697 M.

1847 5753 1863 5783 ι
1900 5757 2054 5806 Forte,
2080 5747 2198 5799 nolit
2214 5745 2408 5798 demunt
2429 5743 2556 5810 quod
2580 5740 2694 5792 vult.
