3816 6172
425 305 522 365 69f
1030 250 1035 255 i
1117 248 1122 251 ’
1665 287 2026 349 s..tucus1

2175 286 2477 345 EPISCOPI
3617 297 3707 353 699

424 420 623 476 Potens
644 425 723 475 est
750 413 1004 473 Dominus
1023 413 1115 487 qui
1140 409 1379 485 praecipit
1396 409 1653 465 unitatem
1673 446 1690 473 ,
1719 414 1926 462 mutare
1954 403 2008 458 in

424 512 618 569 melius
644 509 989 566 voluntatem.
1021 504 1176 576 Quod
1215 510 1395 560 autem
1430 499 1745 559 acelamavit
1769 496 2012 554 Charitas

422 611 601 660 vestra
622 643 637 667 ,
669 600 771 656 Aut
795 599 906 665 hic,
937 606 1027 652 aut
1052 611 1334 668 nusquam;
1353 608 1541 651 vocem
1567 592 1621 648 in
1649 590 1796 647 illum
1820 598 2013 646 vestrae

422 692 714 751 Charitatis
731 692 1063 764 agnovimus,
1092 697 1146 745 et
1169 701 1429 743 amamus.
1456 686 1569 741 Hoc
1594 685 1755 740 etiam
1782 697 1882 738 nos
1905 694 2015 737 non

418 802 565 844 nunc
596 787 821 857 primum
842 827 858 851 ,
890 783 982 841 sed
1014 798 1229 853 semper
1250 782 1580 853 cogitamus,
1622 792 1836 847 semper
1862 787 2015 846 cpta-

420 895 564 937 mus.
595 877 737 935 idem
765 886 848 935 est
866 885 919 933 et
938 876 1164 940 animus,
1195 874 1336 946 quod
1369 872 1632 945 praécipue
1652 868 2014 926 necessarium

422 983 506 1030 est
529 1016 544 1041 ,
576 971 755 1028 fratris
780 979 833 1026 et
860 969 1163 1042 coepiscopi
1192 966 1379 1031 nostri,
1411 964 1647 1035 episcopi
1675 964 1838 1018 vestri
1872 962 2014 1015 Deu-

423 1066 563 1121 terii.
596 1063 736 1121 Olim
785 1063 939 1118 nobis
967 1070 1126 1117 notus
1165 1068 1250 1117 est
1291 1056 1501 1112 animus
1546 1056 1682 1125 eius.
1728 1053 2016 1109 Nobiscum

424 1174 617 1231 preces
644 1158 711 1215 de
736 1156 837 1213 hac
861 1170 921 1212 re
950 1155 1175 1211 Domino
1202 1151 1351 1219 fudit,
1378 1165 1499 1207 cum
1525 1149 1769 1210 concilio,
1798 1146 1888 1200 ubi
1917 1146 2017 1199 hoc

421 1253 533 1310 illis
567 1252 658 1325 qui
686 1249 818 1307 foris
845 1257 974 1306 sunt
999 1247 1340 1319 promisimus
1376 1253 1432 1300 et
1466 1241 1773 1297 obtulimus.
1803 1238 1920 1294 Jam
1948 1235 2015 1292 de

428 1349 533 1404 hac
568 1362 627 1402 re
670 1345 1090 1416 subscriptiones
1131 1349 1328 1397 nostrae
1369 1337 1689 1393 retinentur.
1734 1332 2014 1401 Nunquam

430 1440 574 1497 enim
615 1454 713 1494 nos
742 1439 812 1493 ita
843 1436 1099 1492 honorem
1146 1443 1388 1489 nostrum
1416 1431 1653 1485 fovemus
1676 1468 1690 1492 ,
1741 1434 1800 1480 ut
1827 1423 2016 1479 unitati

434 1530 789 1588 invideamus.
813 1529 1041 1584 Minores
1067 1538 1251 1581 sumus
1280 1524 1481 1579 honore
1503 1521 1544 1590 ί,
1571 1535 1690 1577 cum
1714 1518 1882 1573 simus
1905 1530 2019 1571 ma-

439 1621 584 1692 jores
621 1620 918 1676 dilectione.
956 1616 1209 1674 Novimus
1250 1612 1697 1686 quemadmodum
1747 1606 2017 1664 invitanda

435 1714 506 1770 sit
535 1711 812 1767 infirmitas
832 1753 848 1779 ,
877 1718 935 1765 ut
962 1708 1262 1782 perﬁciatur
1287 1705 1480 1761 unitas.

501 1803 555 1858 2.
578 1802 687 1858 Nec
716 1802 836 1858 ideo
864 1801 1091 1857 dicimus
1113 1799 1247 1863 hare,
1277 1794 1487 1858 fratres,
1516 1793 1667 1867 quasi
1694 1794 1768 1850 illi
1801 1792 1891 1864 qui
1919 1791 2020 1848 sub

429 1892 718 1951 schismate
761 1892 1151 1957 remanserint,
1202 1891 1432 1961 aliquam
1475 1901 1625 1958 spem
1675 1885 1907 1941 habeant
1951 1881 2020 1937 ad

428 1987 732 2041 Dominum.
762 1984 909 2040 Multi
937 1985 1077 2040 enim
1121 1983 1390 2052 disputant
1433 1992 1617 2051 parum
1660 1977 2021 2047 iutelligentes

429 2082 554 2153 quid
578 2082 877 2152 loquantur,
904 2087 962 2135 et
987 2079 1173 2134 dicunt
1194 2095 1209 2131 :
1231 2076 1286 2132 Si
1309 2072 1633 2132 schismatici
1652 2079 1799 2140 sunt,
1830 2070 1874 2127 si
1905 2067 2018 2123 hm-

430 2177 582 2231 retici
605 2184 749 2243 sunt,
778 2190 943 2246 quare
969 2174 1047 2229 sic
1074 2173 1193 2228 illus
1219 2167 1551 2242 suscipiunt?
1584 2165 1795 2231 Audite,
1831 2162 2020 2217 fratres

428 2270 557 2325 mei.
588 2267 647 2324 Si
675 2283 768 2322 eos
804 2266 1197 2335 suscipercmus
1220 2305 1235 2331 ,
1275 2263 1384 2337 jam
1426 2260 1583 2315 istum
1632 2258 2020 2328 suscipcrcmus

429 2363 647 2417 fratrem
670 2372 910 2416 nostrum
944 2360 1255 2423 Emeritam,
1285 2356 1396 2410 sive
1424 2354 1645 2417 bonum,
1667 2351 1779 2407 sive
1798 2349 2017 2415 malum,

432 2465 609 2511 tamen
645 2455 883 2509 fratrem.
922 2450 1075 2518 Quod
1116 2449 1236 2503 ideo
1279 2447 1433 2510 dico,
1467 2444 1586 2516 quia
1625 2451 1677 2499 et
1717 2441 1833 2512 ipse
1872 2440 2023 2495 novit

432 2561 532 2615 per
557 2544 867 2615 prephetam
897 2541 1051 2597 nobis
1089 2540 1289 2594 dictum
1315 2552 1454 2601 esse,
1484 2534 1623 2605 quod
1650 2534 1751 2588 illis
1777 2532 1935 2587 etiam
1964 2530 2018 2585 in

430 2635 728 2693 Coilatione
763 2635 995 2689 diximus
1018 2672 1035 2698 ,
1076 2629 1273 2695 Dicite,
1319 2627 1529 2683 Fratres
1564 2626 1723 2681 nostri
1751 2625 1901 2691 estis,
1941 2621 2022 2677 Itis

432 2729 519 2798 qui
558 2744 643 2782 uos
681 2725 895 2781 oderunt
939 2722 1095 2797 (Isai.
1140 2738 1296 2789 LXVI,
1329 2720 1392 2788 5,
1437 2735 1536 2774 sec.
1569 2708 1755 2790 LXX).
1780 2716 2022 2772 Oderunt

436 2833 562 2887 nos,
592 2818 857 2875 credimus
880 2815 1169 2885 finiendum
1196 2829 1317 2870 esse
1346 2810 1487 2882 quod
1511 2810 1734 2866 odiunt:
1766 2817 1946 2863 tamen
1968 2815 2023 2863 et

385 2933 395 2944 ι
434 2912 684 2984 quamdiu
716 2911 848 2977 odit,
874 2908 1039 2965 frater
1064 2906 1230 2972 audit;
1260 2907 1433 2961 donec
1454 2901 1665 2961 finiatur
1689 2898 1894 2969 odium,
1923 2899 2023 2954 erit

436 3023 631 3062 nomen
664 3005 716 3060 in
748 3002 1131 3061 testimonium.
1161 2999 1277 3056 Non
1303 3014 1431 3067 ergo
1460 2996 1537 3052 sic
1562 2995 1681 3050 illos
1704 2994 2022 3063 suscipimus

436 3106 493 3151 ut
530 3104 654 3151 sunt
685 3113 699 3150 :
730 3095 865 3151 absit
892 3109 922 3147 a
953 3092 1131 3157 nobis;
1166 3106 1285 3146 nam
1333 3087 1569 3144 hrrretici
1608 3094 1759 3152 sunt,
1800 3085 2026 3154 suscipi-

435 3203 556 3243 mus
583 3196 759 3243 autem
788 3184 1080 3241 catholicos
1116 3200 1129 3238 :
1163 3189 1464 3244 mutantur,
1506 3178 1885 3248 suscipiuntur.
1918 3175 2024 3232 Sed

436 3288 655 3351 propter
694 3278 892 3333 malum
936 3274 1077 3347 quod
1116 3274 1343 3337 habent,
1374 3288 1479 3326 non
1524 3270 1578 3324 in
1621 3270 1699 3325 eis
1740 3282 2025 3339 possumus

436 3372 683 3443 persequi
724 3371 858 3425 bona
887 3383 1007 3440 quae
1033 3366 1388 3438 agnoscimus.
1424 3363 1618 3419 lialum
1645 3362 1788 3418 enim
1818 3363 2029 3419 dissen-

436 3465 636 3531 sionis,
676 3462 1011 3526 schismatis,
1050 3457 1306 3522 haeresis,
1349 3456 1547 3511 malum
1583 3468 1741 3509 suum
1781 3452 2024 3509 habent:

435 3558 577 3613 bona
621 3570 750 3610 vero
788 3568 909 3625 quas
951 3553 1006 3608 in
1052 3551 1155 3607 illis
1195 3550 1565 3621 agnoscimus,
1602 3563 1709 3603 nou
1741 3556 1864 3603 sunt
1893 3560 2023 3614 sua;

438 3649 650 3706 Domini
687 3648 857 3703 nostri
899 3646 1096 3702 habent
1138 3645 1279 3699 bona
1303 3686 1319 3711 ,
1350 3642 1607 3701 Ecclesiae
1637 3640 1835 3697 habent
1863 3640 2022 3695 bona.

438 3742 741 3812 Baptismus
790 3752 895 3793 nou
937 3746 1021 3792 est
1065 3737 1300 3806 ipsorum
1325 3775 1341 3802 ,
1371 3733 1465 3789 sed
1511 3732 1730 3789 Christi.
1760 3730 2028 3787 invocatio

438 3833 671 3889 nominis
696 3832 791 3886 Dei
830 3840 993 3900 super
1015 3836 1173 3898 caput
1213 3827 1450 3897 ipsorum
1478 3823 1689 3895 quando
1716 3822 2030 3883 ordinantur

440 3924 695 3997 episcopi,
724 3920 987 3978 invocatio
1010 3919 1099 3975 illa
1130 3918 1221 3973 Dei
1243 3926 1357 3983 est,
1388 3931 1494 3970 non
1525 3915 1734 3969 Donati.
1763 3914 1878 3969 Non
1904 3928 2028 3973 eum

439 4018 673 4089 suscipio
706 4016 1047 4085 episcopum,
1085 4012 1130 4067 si
1170 4007 1384 4082 quando
1408 4018 1492 4065 est
1529 4008 1841 4075 ordinatus,
1869 4020 2032 4078 super

438 4117 601 4182 caput
624 4108 743 4180 ejus
783 4108 1018 4163 Donatus
1041 4114 1125 4160 est
1150 4102 1449 4159 invocatus.
1480 4098 1543 4155 lu
1560 4108 1773 4155 errante
1794 4107 1849 4155 et
1871 4100 2030 4157 dese-

442 4213 595 4261 rente
636 4203 806 4258 milite
842 4200 1042 4255 crimen
1083 4205 1167 4255 cst
1190 4194 1482 4252 desertoris
1505 4233 1520 4261 ,
1551 4192 1829 4249 character
1852 4203 2029 4251 autem

442 4310 551 4352 non
582 4303 665 4351 est
687 4291 999 4357 desertoris,
1030 4289 1125 4345 sed
1152 4286 1508 4359 imperatoris.
1536 4284 1643 4341 Sed
1667 4285 1828 4341 frater
1850 4295 2033 4341 noster

443 4409 551 4450 non
582 4388 847 4457 deseruit,
880 4387 970 4443 ubi
1012 4384 1187 4441 adhuc
1211 4398 1478 4454 nunquam
1519 4381 1633 4436 fuit.
1663 4380 1936 4452 Siquidem
1976 4378 2031 4436 in

440 4487 538 4543 illo
565 4482 854 4541 desertoris
882 4494 1035 4536 error
1059 4487 1142 4534 est
1169 4487 1323 4531 natus
1345 4516 1361 4543 ,
1391 4473 1604 4546 quando
1640 4482 1723 4528 est
1767 4487 1797 4527 a
1844 4471 2030 4528 desero

445 4587 564 4633 tore
592 4576 847 4647 signatus.
869 4571 970 4640 Qui
994 4571 1164 4641 primo
1192 4567 1427 4624 schisma
1460 4565 1581 4622 fecit
1600 4606 1617 4633 ,
1640 4564 1729 4635 qui
1756 4579 1815 4619 se
1841 4563 1907 4619 ab
1927 4563 2030 4619 Ec-

444 4669 608 4727 clesia
637 4664 897 4724 catholica
923 4660 1212 4733 separavit,
1235 4674 1354 4715 cum
1385 4660 1468 4713 his
1490 4673 1626 4728 quos
1646 4670 1826 4713 secum
1850 4655 2029 4719 traxit,

445 4764 690 4820 desertor
713 4759 849 4815 fuit:
878 4756 1057 4813 caeteri
1086 4770 1116 4809 a
1140 4753 1504 4810 desertoribus
1531 4751 1721 4822 signati
1752 4758 1892 4815 sunt,
1925 4763 2030 4803 non

445 4870 623 4916 tamen
663 4859 814 4929 signo
853 4852 1178 4915 desertoris,
1218 4848 1315 4905 sed
1343 4848 1496 4920 signo
1532 4846 1892 4916 imperatoris.
1917 4843 2031 4899 Non

447 4957 588 5012 enim
619 4953 863 5009 desertor
881 4948 1244 5004 characterem
1270 4957 1424 4998 suum
1454 4941 1584 4996 fixit.
1614 4939 1753 5009 Quid
1781 4944 1865 4994 est
1890 4936 2033 5008 quod

446 5049 589 5114 dico,
619 5047 863 5101 desertor
887 5044 1251 5099 characterem
1281 5053 1438 5094 suum
1468 5051 1575 5092 non
1604 5034 1755 5090 fixit?
1796 5034 2033 5088 Donatus

445 5155 556 5196 non
603 5136 887 5208 baptizavit
928 5136 981 5191 in
1029 5134 1244 5191 nomine
1272 5131 1480 5186 Donati.
1531 5128 1661 5184 Nam
1705 5126 1748 5182 si
1799 5126 2035 5179 Donatus

448 5230 665 5307 quando
702 5226 931 5283 schisma
959 5227 1113 5296 fecit,
1156 5227 1211 5281 in
1241 5223 1455 5279 nomine
1485 5219 1673 5276 Donati
1699 5217 1989 5288 baptizaret
2015 5255 2031 5282 ,

449 5320 744 5383 desertoris
771 5316 1131 5377 characterem
1176 5317 1421 5387 infigeret
1452 5330 1465 5368 :
1498 5327 1598 5383 ego
1626 5310 1837 5382 quando
1876 5322 2033 5362 voea-

447 5435 564 5476 rem
601 5416 666 5472 ad
696 5411 953 5468 unitatem
976 5453 991 5477 ,
1021 5413 1064 5466 si
1108 5409 1399 5465 invenirem
1439 5404 1728 5460 desertoris
1755 5402 2033 5457 characte-

446 5525 587 5577 rem,
618 5504 1058 5569 exterminarem,
1083 5502 1319 5558 dolerem
1339 5542 1355 5567 ,
1383 5498 1653 5554 abolercm
1670 5536 1685 5561 ,
1713 5494 2029 5564 abjicerem,

456 5619 560 5659 non
619 5598 1005 5671 approbarem;
1028 5607 1333 5663 respuerent
1352 5633 1365 5655 ,
1385 5587 1913 5650 anathematizarem,
1942 5583 2035 5637 da-

513 5797 534 5830 ί
567 5801 728 5857 Forte,
738 5804 904 5847 nam.

2122 418 2401 460 mnarem:
2430 418 2572 461 nunc
2596 418 2726 461 vero
2751 404 2866 476 ipse
2893 406 3134 467 desertor
3155 451 3170 477 ,
3194 405 3578 469 characterem
3617 414 3709 471 lim

2125 497 2457 567 imperatoris
2497 497 2598 553 sui.
2632 498 2773 554 Deus
2800 509 2854 555 et
2884 500 3138 558 Dominus
3162 512 3347 560 noster
3368 503 3546 560 Jesus
3571 505 3704 562 ατί.

2123 597 2238 643 stus
2256 590 2448 659 quaerit
2470 588 2824 658 desertorem,
2854 591 2997 651 delet
3023 594 3224 650 erroris
3244 595 3481 663 crimen,
3505 597 3603 655 sed
3622 615 3709 655 nos

2124 681 2440 737 exterminat
2466 696 2622 736 suum
2658 681 3043 741 characterem.
3086 684 3201 757 Ego
3225 688 3449 757 quando
3476 690 3639 745 venio
3658 693 3709 747 ad

2123 771 2342 828 fratrem
2386 787 2562 830 meum
2586 808 2601 839 ,
2632 783 2688 831 et
2715 776 2910 848 colligo
2935 788 3203 834 errantem
3244 780 3476 838 fratrem
3514 800 3710 853 meum,

2123 869 2341 925 attendo
2386 870 2544 927 fidem
2596 874 2649 928 in
2696 874 2913 930 nomine
2952 876 3124 931 Patris
3152 884 3209 933 et
3235 876 3356 932 Filii
3385 888 3446 935 et
3499 880 3712 950 Spiritus

2124 962 2313 1015 sancti.
2358 962 2464 1019 Iste
2496 973 2581 1019 est
2621 965 2898 1021 character
2942 966 3279 1036 imperatoris
3318 971 3453 1027 mei.
3506 971 3586 1028 De
3627 972 3712 1028 ista

2123 1054 2432 1111 charactere
2460 1056 2715 1112 militibus
2734 1059 2847 1115 suis
2870 1059 2955 1114 vel
2980 1059 3155 1129 potius
3184 1062 3480 1117 comitibus
3508 1064 3643 1126 suis.
3664 1075 3713 1120 ut

2123 1144 2266 1202 hunc
2294 1148 2661 1219 imprimerent
2683 1149 2764 1207 eis
2782 1167 2918 1222 quos
2942 1154 3339 1223 congregabant
3362 1157 3571 1213 castris
3592 1156 3710 1227 είς,

2124 1242 2378 1309 prmcepit
2403 1242 2587 1297 dicens
2617 1261 2631 1297 :
2663 1242 2778 1312 Ite,
2807 1244 3060 1315 baptizata
3091 1256 3263 1317 gentes
3288 1247 3346 1301 in
3380 1250 3598 1304 nomine
3620 1248 3712 1304 Pe-

2126 1333 2216 1385 tris
2243 1340 2289 1386 et
2318 1331 2442 1387 Filii
2461 1344 2507 1388 et
2529 1333 2755 1406 Spiritus
2776 1338 2939 1391 sancti
2964 1337 3176 1411 (Matth.
3194 1352 3393 1407 xxvrtt,
3421 1340 3546 1414 19).
3573 1341 3711 1398 Istum

2126 1422 2487 1480 characterem
2528 1441 2559 1480 a
2594 1426 2821 1482 Domino
2856 1428 3057 1483 dictum
3094 1430 3344 1485 omnibus
3379 1433 3715 1489 credentdm

2126 1514 2536 1586 imprimendum
2559 1518 2678 1588 quia
2710 1531 2932 1575 noverat
2957 1521 3170 1587 Paulus,
3198 1524 3521 1592 expavescit
3546 1524 3614 1578 ad
3637 1539 3712 1579 eos

2126 1608 2216 1678 qui
2248 1609 2496 1665 volebant
2530 1625 2651 1666 esse
2677 1611 2824 1666 Pauli
2847 1644 2863 1679 ,
2890 1621 2945 1666 et
2970 1612 3099 1668 dicit
3124 1613 3203 1668 eis
3228 1631 3244 1667 :
3278 1612 3566 1686 Nunquid
3592 1614 3713 1671 Pu-

2128 1698 2208 1754 lus
2240 1717 2333 1773 pro
2357 1700 2495 1756 vobis
2522 1704 2799 1771 cruciﬁxus
2835 1706 2950 1760 est?
2973 1704 3110 1771 Quid
3140 1707 3298 1762 vultis
3323 1722 3454 1763 esse
3496 1709 3639 1775 mei,
3669 1720 3713 1764 et

2126 1806 2234 1845 non
2260 1789 2430 1859 magis
2459 1792 2666 1849 Domini
2700 1796 2843 1851 mei?
2871 1796 3007 1864 Quid
3030 1798 3191 1853 vultis
3208 1814 3331 1855 esse
3354 1801 3507 1868 mei,
3537 1812 3596 1857 et
3622 1816 3712 1856 non

2128 1884 2304 1953 potius
2328 1884 2481 1954 cujus
2499 1901 2598 1957 ego
2624 1887 2781 1941 sum?
2810 1888 3117 1958 Agnoscite,
3144 1890 3411 1947 advertite
3436 1894 3714 1949 characte-

2127 1990 2243 2031 rem
2273 1988 2528 2032 vestrum.
2558 1978 2822 2044 Numquid
2839 1982 2894 2035 in
2925 1982 3128 2036 nomine
3150 1981 3304 2037 Pauli
3330 1982 3587 2055 baptismi
3614 1988 3714 2040 satis

2128 2066 2173 2139 (i
2203 2066 2322 2124 Cor.
2350 2085 2402 2139 ι,
2453 2070 2584 2141 13)?
2608 2070 2699 2128 Sic
2737 2087 2865 2145 ergo
2902 2087 2995 2128 eos
3025 2073 3357 2146 colligimus,
3386 2084 3449 2130 ut
3495 2091 3604 2130 non
3629 2077 3713 2131 sibi

2127 2160 2468 2217 blandiantur
2489 2164 2560 2218 illi
2588 2180 2723 2234 quos
2757 2180 2861 2219 non
2889 2166 3206 2236 colligimus.
3239 2164 3309 2221 Et
3336 2168 3436 2239 ipsi
3464 2169 3709 2238 colligan-

2128 2262 2236 2321 tur,
2260 2269 2364 2310 non
2388 2254 2642 2312 inflentur
2672 2273 2684 2310 :
2713 2257 2927 2314 veniant
2947 2258 2972 2323 ,'
2988 2259 3365 2337 suscipiantur.
3408 2259 3532 2314 Non
3562 2261 3614 2314 in
3647 2260 3713 2314 eis

2128 2346 2339 2401 odimus
2364 2346 2504 2418 quod
2542 2348 2631 2403 Dei
2660 2355 2743 2403 est
2773 2367 2785 2402 :
2816 2360 2924 2403 non
2950 2346 3160 2404 odimus
3183 2359 3239 2405 et
3265 2351 3410 2420 ipsos
3428 2393 3448 2420 ,
3481 2353 3605 2423 quia
3632 2352 3708 2406 Dei

2124 2448 2273 2495 sunt.
2305 2440 2534 2512 thuod
2561 2442 2761 2497 habent
2783 2442 2875 2497 Dei
2903 2453 3004 2508 est;
3032 2453 3087 2498 et
3114 2443 3205 2498 Dei
3226 2450 3373 2507 sunt,
3400 2446 3532 2514 quia
3560 2444 3711 2497 homi-

2126 2547 2226 2588 nes
2257 2542 2413 2599 sunt,
2445 2542 2498 2589 et
2539 2534 2714 2589 omnis
2753 2533 2912 2589 homo
2952 2544 3194 2590 creatura
3226 2536 3319 2591 Dei
3359 2546 3465 2591 est.
3505 2537 3600 2592 Dei
3640 2546 3710 2592 est

2125 2624 2270 2697 quod
2309 2622 2506 2681 habent
2531 2641 2724 2681 nomen
2753 2626 2922 2681 Patris
2946 2635 3002 2682 et
3029 2627 3147 2682 Filii
3172 2638 3226 2682 et
3257 2628 3493 2698 Spiritus
3511 2628 3671 2684 sancti
3695 2645 3706 2681 :

2128 2716 2429 2789 Baptismus
2454 2712 2764 2786 Trinitatis,
2812 2721 2905 2775 Dei
2941 2729 3024 2775 est
3060 2738 3073 2775 :
3118 2722 3210 2775 Dei
3250 2731 3334 2777 est
3374 2723 3705 2795 Evangelium

2126 2811 2269 2883 quod
2297 2812 2523 2880 habent,
2555 2812 2647 2868 Dei
2675 2821 2761 2868 est
2798 2813 2929 2869 ﬁdes
2956 2829 3114 2885 quam
3143 2814 3360 2870 habent.

2200 2898 2256 2963 3.
2291 2904 2359 2961 Et
2381 2905 2508 2977 quid
2538 2920 2649 2961 non
2689 2905 2918 2975 habent,
2945 2906 3020 2963 ait
3060 2908 3190 2969 mihi
3224 2909 3455 2981 aliquis,
3489 2909 3585 2985 qui
3609 2908 3707 2965 hac

2128 2988 2363 3053 habent?
2393 2997 2471 3052 Tu
2498 2998 2633 3052 dicis
2654 3040 2667 3063 ,
2702 2998 2910 3053 [labent
2954 2996 3280 3069 Baptismum
3319 3000 3547 3056 Christi.
3574 3000 3707 3055 Dico.

2127 3088 2211 3145 Tn
2249 3089 2418 3158 dicis,
2470 3089 2677 3145 Habent
2705 3088 2862 3143 fidem
2903 3090 3120 3145 Christi.
3151 3092 3299 3146 Dico.
3340 3091 3399 3148 Si
3434 3109 3564 3164 ergo
3610 3094 3707 3146 haec

2130 3180 2365 3247 habent,
2392 3179 2517 3251 quid
2565 3196 2667 3235 non
2699 3179 2934 3235 habent?
2963 3180 3099 3250 Quid
3127 3192 3209 3237 est
3246 3183 3591 3253 Baptismus?
3620 3184 3707 3237 Sa-

2131 3279 2483 3328 cramentum.
2515 3271 2651 3326 Audi
2683 3272 2992 3342 Apostolum
3018 3312 3034 3338 ,
3063 3272 3124 3327 Si
3153 3274 3313 3328 sciero
3340 3276 3514 3329 omnia
3547 3290 3704 3330 δαιτα-
3782 3271 3783 3341 1

2130 3374 2320 3422 ntenla.
2382 3364 2601 3420 Multum
2653 3371 2740 3421 est
2798 3366 2940 3421 scire
2992 3365 3174 3421 omnia
3224 3367 3315 3423 Dei
3364 3375 3704 3426 sacramenta.
3782 3360 3783 3363 “

2130 3458 2566 3528 Quantacumque
2603 3458 2835 3515 sciamus
2876 3470 3239 3525 sacramenta,
3279 3460 3404 3533 quis
3440 3462 3587 3516 novit
3624 3458 3703 3515 Dei

2132 3550 2312 3609 omnia
2332 3549 2700 3607 sacramenta?
2723 3550 2857 3619 Quid
2883 3551 2958 3607 ait
2980 3552 3311 3621 Apostolus?
3337 3552 3401 3607 Si
3426 3555 3588 3609 sciero
3612 3567 3706 3605 οιιι-
3782 3538 3783 3545 “

2132 3644 2220 3699 nia
2256 3654 2607 3710 sacramenta,
2643 3645 2691 3703 si
2719 3643 2933 3699 habeam
2959 3661 3156 3701 omnem
3193 3647 3535 3718 prophetiam.
3572 3644 3705 3701 Adde
3782 3690 3783 3697 η

2133 3737 2308 3793 adhuc
2328 3778 2344 3803 ,
2374 3746 2421 3791 et
2440 3754 2639 3794 omnem
2664 3739 2945 3795 scientiam.
2967 3738 3072 3797 Sed
3101 3738 3169 3796 de
3196 3740 3299 3796 fide
3323 3741 3558 3798 dixeras.
3585 3737 3703 3795 Audi

2133 3832 2338 3898 adhuc,
2372 3832 2435 3888 Si
2474 3832 2686 3889 habeam
2722 3850 2921 3889 omnem
2948 3834 3118 3903 Iidem.
3163 3834 3390 3890 Difficile
3418 3845 3502 3893 est
3530 3834 3704 3891 habere

2134 3938 2347 3981 omnem
2376 3923 2534 3981 fidem
2552 3966 2566 3990 ,
2594 3923 2863 3995 quomodo
2891 3923 3107 3981 difficile
3129 3933 3214 3980 est
3238 3941 3400 3983 nosse
3427 3927 3604 3987 omnia
3627 3939 3700 3979 sa-

2134 4028 2429 4075 cramenta.
2478 4017 2545 4072 Et
2584 4016 2709 4087 quid
2757 4026 2841 4073 est
2869 4017 3011 4088 quod
3054 4018 3216 4084 dicit,
3258 4020 3505 4074 omnem?
3544 4018 3624 4073 Ita
3659 4022 3703 4068 ut

2135 4119 2330 4166 πηοιιια
2357 4084 2697 4179 transferam;
2718 4084 3015 4164 charitatem
3041 4119 3212 4165 autem
3237 4126 3342 4165 non
3368 4111 3611 4179 habeam,
3637 4106 3701 4159 ni-
3782 4084 3783 4117 ³

2137 4202 2210 4257 hil
2236 4220 2348 4257 sum
2382 4201 2492 4275 (Id.
2515 4218 2628 4263 xm.
2648 4203 2727 4275 2).
2753 4202 3035 4268 Intendite,
3064 4201 3277 4268 fratres;
3309 4202 3600 4271 intendite,
3625 4198 3703 4257 ob-
3782 4272 3783 4279 γ

2136 4311 2292 4353 scere
2319 4311 2442 4362 vos,
2474 4297 2714 4366 Apostoli
2741 4310 2946 4361 vocem.
2974 4304 3030 4352 et
3059 4295 3237 4351 videte
3262 4311 3433 4366 quare
3459 4311 3577 4353 cum
3600 4302 3701 4349 tan—

2136 4390 2205 4445 tis
2233 4390 2503 4445 laboribus
2530 4400 2588 4446 et
2626 4389 2876 4460 periculis
2916 4388 3107 4445 fratres
3149 4397 3363 4444 nostros
3405 4399 3699 4460 qumramus

2136 4481 2380 4538 Charitas
2408 4497 2503 4538 eos
2526 4482 2716 4552 quierit
2742 4481 2808 4536 de
2833 4480 3085 4537 (sordibus
3110 4480 3327 4537 nostris.
3370 4478 3588 4551 Propter
3610 4481 3700 4549 {ra-

2138 4584 2238 4629 tres
2261 4590 2398 4629 meos
2426 4582 2473 4627 et
2498 4573 2804 4644 propinquos
2833 4587 2988 4637 meos,
3013 4570 3142 4627 dicit
3180 4571 3428 4627 Psalmus
3446 4614 3461 4637 ,
3494 4568 3702 4642 loquebar

2137 4682 2314 4738 pacem
2337 4665 2400 4720 de
2423 4675 2470 4719 te
2510 4664 2880 4734 (Psal.cxxn,
2909 4663 3006 4735 8),
3037 4663 3103 4719 ad
3144 4672 3388 4721 sanctam
3432 4662 3698 4723 Jerusalem

2136 4760 2380 4830 loquens.
2408 4758 2594 4814 Videte
2611 4773 2741 4827 ergo
2757 4798 2773 4823 ,
2796 4758 2986 4813 fratres
3010 4757 3150 4821 mei,
3173 4756 3300 4826 quid
3322 4756 3458 4813 dixit
3498 4760 3699 4827 Aposto-

2139 4852 2223 4906 lus
2255 4868 2269 4905 :
2297 4849 2359 4905 Si
2384 4849 2602 4904 habuero
2640 4849 2812 4903 omnia
2836 4857 3173 4911 sacramenta,
3201 4864 3401 4903 omnem
3427 4847 3695 4909 scientiam,

2138 4943 2478 5015 prophetiam,
2498 4942 2670 5011 ﬁdem.
2685 4940 2902 5008 Qualem
2928 4937 3126 4997 fidem?
3156 4938 3183 4993 1
3189 4949 3237 4991 ια
3258 4948 3314 4995 at
3342 4950 3536 4997 montes
3554 4949 3696 4993 trans-

2143 5035 2303 5105 feram
2328 5050 2347 5100 ;
2376 5034 2673 5088 charitatem
2698 5041 2863 5084 autem
2892 5047 2994 5084 non
3020 5029 3228 5085 habeam
3244 5069 3259 5093 ,
3298 5028 3429 5085 nihil
3454 5047 3580 5084 sum.
3604 5024 3695 5079 Nor

2138 5126 2304 5193 dixit,
2338 5124 2427 5179 illa
2451 5125 2635 5195 omnia.
2654 5123 2781 5178 nihil
2806 5130 2951 5187 sunt;
2980 5121 3097 5188 sed,
3118 5120 3163 5179 si
3185 5121 3481 5175 charilatem
3501 5137 3597 5174 non
3621 5130 3696 5169 aa-

2139 5218 2311 5284 beam,
2347 5218 2475 5273 nihil
2512 5234 2644 5273 sum.
2688 5216 2818 5285 Quis
2854 5215 2999 5271 enim
3046 5214 3267 5271 demens
3305 5214 3544 5277 diceret,
3582 5204 3696 5267 Nihil

2141 5322 2265 5366 sunt
2286 5310 2379 5366 Dei
2406 5308 2774 5365 sacramenta?
2798 5308 2929 5375 Quis
2956 5307 3178 5364 demens
3203 5306 3408 5363 diceret
3426 5346 3441 5370 ,
3470 5304 3601 5361 Nihil
3632 5306 3697 5355 est

2140 5401 2414 5474 prophetia
2435 5442 2452 5468 ,
2480 5399 2613 5457 nihil
2651 5400 2869 5454 scientia
2889 5439 2907 5467 ,
2949 5398 3081 5453 nihil
3126 5396 3296 5452 fides?
3330 5397 3446 5452 Non
3478 5397 3563 5452 illa
3590 5387 3694 5449 nihil

2141 5505 2297 5559 sunt;
2320 5492 2412 5551 sed
2438 5508 2559 5549 cum
2582 5492 2667 5547 illa
2694 5507 2882 5563 magna
2908 5491 3044 5553 sint,
3074 5505 3174 5565 ego
3195 5505 3386 5560 magna
3410 5489 3636 5551 habens.
3661 5479 3695 5533 εί

2141 5587 2436 5643 charitmem
2464 5602 2563 5639 non
2585 5584 2793 5639 habeam
2812 5625 2826 5650 ,
2858 5583 2989 5638 nihil
3013 5599 3141 5637 sum.
3165 5582 3350 5652 Magna
3378 5581 3465 5636 illa
3490 5587 3632 5641 sunt,
3654 5580 3695 5627 et

2141 5694 2330 5752 magna
2361 5679 2549 5743 habeo,
2573 5686 2628 5733 et
2651 5677 2783 5732 nihil
2810 5693 2925 5732 sum
2953 5677 3000 5732 si
3033 5676 3344 5733 charitatem
3368 5689 3477 5730 non
3516 5673 3690 5729 habet).

2141 5790 2240 5847 per
2264 5788 2420 5844 quam
2444 5771 2572 5827 mihi
2595 5780 2815 5842 prosunt
2840 5787 2959 5843 qua:
2989 5783 3176 5842 magna
3204 5776 3346 5824 sunt.
3371 5767 3430 5825 Si
3450 5767 3587 5824 enim
3611 5771 3692 5818 non
