3816 6136
74 244 207 301 695

76 361 297 419 habeo
322 359 651 423 charitatetu
666 401 681 426 ,
712 358 801 419 illa
845 358 1021 429 inesse
1046 365 1300 429 possunt,
1338 355 1599 431 prodesse
1624 368 1731 415 non

76 461 389 523 possunt.

166 546 232 601 4.
281 543 533 603 Attende
560 558 707 625 ergo.
736 542 931 610 frater;
957 541 1197 609 attende,
1226 540 1453 601 obsecro
1476 547 1551 601 te.
1585 536 1733 599 Dicis

80 638 270 704 mihi,
307 637 465 709 Quid
492 651 580 694 me
603 636 841 708 quaeris?
863 634 1207 706 Respondes,
1232 633 1368 702 Quia
1401 632 1565 691 frater
1587 646 1737 693 meus

85 748 179 795 es.
220 732 570 802 RBSpOIIdeS
600 730 730 786 mihi
756 738 813 789 et
847 728 1011 797 dicis,
1038 729 1093 786 Si
1124 728 1291 799 perii,
1322 728 1449 801 quid
1482 742 1571 782 me
1594 740 1740 798 quzc-

89 827 225 885 ris?
262 827 351 884 Et
387 840 486 897 ego
513 823 835 895 reSpoudeo.
866 823 922 879 Si
944 840 1048 878 non
1075 823 1309 892 perisses
1331 864 1345 886 ,
1377 838 1483 881 non
1533 834 1740 891 quaere-

87 936 258 977 rem.
296 918 451 988 Quid
482 934 569 977 me
596 918 824 988 quaeris,
853 916 988 973 dicis
1031 916 1200 973 mihi?
1230 918 1272 971 si
1296 915 1425 987 perii
1454 957 1470 979 ,
1497 914 1625 987 quid
1653 928 1741 973 tne

93 1014 381 1087 φηςι-ἰδςῖ
417 1012 549 1072 Cum
581 1029 682 1083 ego
741 1012 1096 1084 respondeam
1119 1054 1133 1077 ,
1163 1011 1355 1081 Qutrro
1385 1011 1505 1083 quia
1531 1010 1737 1080 peristi.

96 1107 179 1173 Et
230 1122 431 1178 quare
475 1103 698 1177 quaero?
724 1120 830 1175 quo
882 1104 1055 1160 fructu
1092 1102 1309 1174 quaero?
1337 1100 1409 1160 Ut
1458 1101 1742 1173 aliquando

101 1198 357 1256 dicatur
385 1198 538 1267 mihi,
571 1195 752 1255 Frater
775 1206 894 1255 tuus
914 1207 1143 1253 mortuus
1168 1206 1296 1261 erat,
1309 1206 1355 1252 et
1376 1196 1593 1257 revixit;
1622 1212 1741 1267 per-

102 1292 254 1347 ierat
318 1301 379 1349 et
411 1291 640 1346 inventus
664 1297 736 1346 est
761 1287 924 1361 (Luc.
960 1304 1069 1355 xv,
1094 1287 1215 1360 52).
1248 1287 1564 1359 neapondes
1583 1297 1636 1343 et
1662 1288 1744 1347 di-

107 1384 195 1438 cis
220 1381 402 1450 miiti,
440 1380 544 1438 Sed
572 1380 745 1437 habeo
768 1379 1191 1437 Sacramentum.
1220 1379 1400 1436 Habes
1424 1420 1443 1446 ,
1463 1393 1697 1450 agnosco
1726 1395 1741 1435 :

108 1486 373 1549 propter
417 1473 522 1531 hoc
562 1484 615 1531 te
666 1488 867 1544 quiero.
916 1473 1159 1542 Hagnam
1206 1488 1421 1529 causam
1468 1470 1741 1541 addidisti,

113 1581 305 1639 quare
336 1575 396 1622 te
421 1566 726 1638 diligentius
749 1580 1008 1640 quaeram.
1057 1564 1185 1621 Ovis
1212 1573 1296 1621 est
1314 1565 1457 1623 enim
1486 1563 1557 1621 de
1581 1578 1745 1637 grege

113 1658 364 1714 Domini
398 1658 543 1723 mei,
572 1673 693 1715 cum
722 1655 875 1729 signo
913 1656 1103 1714 errasti
1133 1674 1149 1713 :
1190 1655 1311 1713 ideo
1338 1670 1521 1728 quazro
1551 1656 1740 1727 magis,

119 1750 254 1822 quia
304 1748 491 1821 ipsum
533 1749 745 1821 signum
774 1748 959 1809 habes.
1010 1748 1188 1817 Quare
1235 1763 1395 1806 unam
1448 1748 1744 1807 Ecclesium

120 1857 240 1898 non
294 1840 688 1913 possidemus?
724 1839 898 1899 Unum
928 1841 1136 1913 signum
1183 1840 1461 1907 habemus,
1492 1854 1655 1911 quare
1688 1839 1745 1895 iu

122 1951 243 1993 uno
266 1937 408 1992 ovili
442 1951 546 1993 non
574 1934 795 1992 sumus?
843 1934 969 1991 Ideo
997 1944 1049 1990 te
1088 1949 1294 2005 quaero,
1320 1941 1378 1991 ut
1419 1933 1525 1989 hoc
1551 1933 1745 1988 Sacra-

124 2038 395 2087 mentum
421 2028 491 2086 sit
522 2028 614 2085 tibi
643 2028 699 2084 in
726 2028 914 2083 salutis
942 2026 1284 2096 adiutorium,
1315 2042 1421 2083 non
1448 2026 1502 2081 in
1527 2025 1747 2082 damna-

129 2121 309 2178 tionis
340 2121 728 2179 testimonium.
747 2119 927 2178 Nescis
943 2120 1067 2193 quia
1078 2119 1321 2175 desertor
1340 2118 1409 2175 de
1437 2117 1747 2174 charaCtere

131 2214 464 2282 damnatur,
491 2213 558 2271 de
576 2229 684 2286 quo
706 2214 937 2269 militans
959 2211 1295 2269 honoratur?
1319 2210 1445 2268 Ideo
1464 2221 1516 2267 te
1539 2224 1743 2283 quaero,

132 2314 196 2361 ut
221 2322 342 2362 non
374 2320 563 2378 pereas
589 2321 710 2365 cum
737 2306 907 2378 signo.
932 2304 1127 2363 Salutis
1153 2303 1296 2361 enim
1322 2304 1530 2376 signum
1567 2312 1671 2372 est,
1700 2302 1747 2359 si

134 2398 355 2454 habeas
400 2399 648 2467 salutem,
680 2398 725 2454 si
768 2399 967 2455 habeas
1002 2397 1339 2454 oharitatem.
1369 2397 1481 2453 Hoc
1509 2396 1652 2452 enim
1676 2395 1744 2453 sic

137 2506 311 2569 gnum
384 2492 573 2549 salutis
642 2501 792 2549 extra
860 2492 953 2548 tibi
1005 2493 1181 2549 inesse
1241 2499 1456 2562 potest,
1490 2490 1748 2563 prodesse

137 2599 251 2639 non
310 2593 515 2656 potest.
579 2584 715 2642 Veni
739 2625 758 2659 ,
803 2593 861 2641 ut
908 2584 1076 2656 prosit
1129 2584 1223 2641 tibi
1269 2582 1411 2656 quod
1456 2582 1690 2639 habebas
1727 2596 1744 2637 :

139 2694 253 2734 non
296 2689 363 2736 ut
404 2679 636 2750 accipias
679 2679 821 2751 quod
878 2677 1160 2736 habebas:
1202 2676 1300 2734 sed
1361 2685 1421 2734 ut
1491 2676 1748 2748 prodesse

142 2770 243 2825 tibi
285 2770 512 2842 incipiat
563 2770 706 2841 quod
746 2769 982 2826 habebas
1009 2812 1026 2838 ,
1067 2778 1123 2825 et
1161 2770 1391 2840 accipias
1451 2767 1593 2839 quod
1640 2783 1747 2823 non

143 2860 417 2921 habebas.
464 2862 708 2919 Habebas
762 2862 904 2920 enim
950 2863 1160 2933 signum
1208 2864 1376 2933 pacis,
1428 2860 1596 2933 ipsam
1650 2874 1750 2929 pa-

145 2962 265 3003 cem
320 2964 432 3005 non
489 2947 743 3005 habebas.
779 2947 835 3004 In
894 2948 1054 3005 domo
1095 2948 1206 3013 illa,
1234 2947 1287 3003 id
1332 2954 1435 3013 est,
1460 2948 1512 3001 in
1554 2956 1604 3003 te
1632 2946 1746 3005 dis-

145 3038 338 3095 cordia
396 3039 689 3108 habitabat,
720 3049 775 3096 et
817 3040 872 3095 in
900 3040 1086 3096 limine
1132 3039 1311 3095 titulos
1345 3039 1491 3110 pacis
1530 3037 1746 3109 ﬁgebat.

148 3129 409 3202 Agnosco
429 3132 631 3200 titulos,
661 3131 753 3188 sed
781 3148 963 3205 quaero
990 3131 1336 3186 habitantem.
1362 3129 1508 3201 Lego
1537 3128 1748 3185 titulum

153 3224 331 3294 pacis,
364 3224 695 3293 Baptismum
724 3225 779 3279 in
822 3224 1037 3279 nomine
1067 3223 1238 3278 Patris
1262 3232 1315 3279 et
1344 3223 1463 3278 Filii
1500 3230 1554 3277 et
1580 3220 1751 3292 Spiri-

152 3324 238 3370 tus
262 3318 463 3373 sancti.
486 3316 693 3373 Titulus
715 3316 864 3391 pacis
878 3328 980 3383 est,
1003 3317 1156 3387 lego:
1186 3317 1306 3389 quis
1329 3315 1530 3371 habitat
1545 3328 1745 3388 quaero,

150 3404 375 3464 fratrem
445 3423 623 3464 meum
687 3407 940 3476 attendo,
1000 3409 1207 3464 titulum
1277 3409 1424 3480 pacis
1495 3426 1748 3484 agnosco.

155 3498 335 3570 Ipsum
359 3509 418 3557 et
443 3516 545 3573 ego
565 3499 736 3557 habeo
764 3518 778 3556 :
808 3500 1007 3557 intrare
1045 3500 1186 3557 volo.
1231 3500 1370 3570 Quid
1399 3509 1516 3570 est,
1549 3504 1750 3561 intrare

154 3592 315 3649 volo?
342 3594 587 3652 Fratrem
628 3611 713 3650 me
738 3594 921 3668 accipe
942 3639 957 3663 ,
986 3605 1042 3650 ut
1082 3595 1240 3653 simul
1266 3612 1483 3653 oremus
1513 3598 1745 3655 Patrem.

156 3685 270 3742 Non
302 3696 481 3745 tecum
510 3705 625 3745 oro.
671 3690 831 3747 Tituli
863 3690 1009 3763 pacis
1038 3698 1183 3756 sunt,
1215 3700 1272 3748 et
1312 3693 1443 3749 mihi
1481 3693 1748 3755 discordia

157 3778 521 3835 contradicit?
558 3778 721 3836 Plane
749 3778 1023 3848 laborabo,
1052 3781 1337 3853 adjuvante
1366 3783 1622 3851 Domino,
1654 3785 1753 3861 eji-

158 3881 282 3928 cere
329 3872 654 3930 discordiam
696 3874 834 3929 male
878 3874 1238 3947 possidentem
1263 3918 1280 3943 ,
1321 3885 1376 3937 et
1412 3877 1751 3937 introducere

158 3976 347 4032 pacem
400 3974 649 4037 tanquam
692 3964 983 4037 legitimum
1025 3982 1408 4037 possessorem.
1449 3969 1583 4025 Cum
1621 3986 1749 4042 ergo

162 4053 483 4113 discordiam
532 4056 776 4122 excludo,
816 4073 999 4128 pacem
1044 4057 1352 4127 introduco,
1386 4058 1567 4115 titulos
1606 4061 1751 4131 pacis

161 4162 324 4217 quare
343 4150 593 4222 depono?
624 4150 752 4205 Dico
778 4149 932 4222 plane
964 4148 1190 4203 Domino
1228 4164 1349 4205 meo
1379 4168 1392 4203 :
1423 4148 1469 4207 Ο
1496 4149 1707 4208 Christe
1730 4194 1746 4221 ,

164 4240 249 4308 qui
274 4257 334 4298 es
355 4257 458 4313 pax
489 4253 691 4311 nostra,
728 4241 818 4313 qui
845 4238 1017 4296 fecisti
1050 4248 1272 4311 utraque
1321 4257 1483 4295 unttm
1518 4240 1747 4314 (Ep/tes.

167 4347 221 4400 tt,
252 4337 355 4412 tt)
374 4380 390 4406 ,
420 4332 501 4393 fac
526 4352 623 4392 nos
651 4353 834 4401 unum,
865 4345 923 4392 ut
948 4342 1092 4391 recte
1112 4345 1408 4402 cantemus,
1432 4332 1565 4391 Ecce
1589 4353 1741 4406 quam

168 4423 349 4483 bonum
384 4437 434 4484 et
475 4446 625 4500 quam
653 4426 960 4500 jucundum,
987 4427 1212 4482 habitare
1260 4429 1442 4499 fratres
1489 4427 1543 4480 in
1596 4444 1753 4484 unum

169 4515 336 4590 (Psal.
364 4535 571 4585 cxxxn,
597 4517 663 4592 l)
692 4524 705 4574 !
739 4519 985 4575 Introduc
1000 4516 1369 4585 concordiam,
1392 4518 1531 4590 pelle
1548 4518 1755 4574 discor-

170 4608 305 4667 diam
341 4632 353 4667 :
385 4612 633 4669 introduc
676 4621 728 4667 te
756 4613 925 4683 ipsum
974 4611 1029 4665 in
1058 4610 1236 4666 titulos
1263 4618 1399 4665 tuos.
1430 4607 1513 4665 Tu
1548 4625 1705 4667 mane
1736 4630 1749 4666 :

173 4717 273 4759 non
299 4707 435 4761 alter
458 4706 726 4781 possideat
751 4747 766 4773 ,
798 4713 852 4760 et
876 4702 943 4760 de
970 4705 1072 4758 tuis
1100 4702 1265 4758 titulis
1298 4701 1464 4757 fallat.
1502 4701 1580 4758 Tu
1608 4711 1751 4757 muta

174 4794 325 4852 istum
354 4797 822 4863 contradictorem,
868 4797 957 4867 qui
985 4810 1089 4851 una
1115 4795 1245 4850 hora
1271 4793 1324 4850 in
1349 4809 1507 4850 cruce
1536 4795 1751 4851 mutasti

176 4883 429 4945 latronem
462 4884 615 4960 (Luc.
640 4904 793 4954 xxttt,
824 4886 1035 4956 40-43).

242 4977 294 5033 5.
337 4978 404 5035 Et
448 4988 595 5036 certe
625 4980 897 5034 videamus
922 4975 1049 5049 quid
1085 4975 1270 5032 habes.
1304 4973 1488 5033 Habeo
1513 5017 1527 5040 ,
1559 4974 1750 5046 inquit,

176 5065 605 5138 Sacramentum,
659 5068 829 5125 habeo
874 5068 1225 5140 Baptismum.
1282 5067 1338 5123 Si
1392 5067 1563 5122 dicam
1619 5067 1751 5137 tibi,

179 5155 340 5218 Proba
365 5181 378 5217 :
407 5161 643 5217 ostendis
665 5160 793 5215 mihi
820 5160 945 5232 quid
974 5158 1246 5228 acceperis
1269 5199 1284 5224 ,
1315 5156 1448 5213 dicis
1467 5156 1592 5227 quid
1622 5172 1748 5212 con-

178 5246 342 5310 fessus
369 5254 552 5320 fueris,
593 5253 726 5309 dicis
761 5251 885 5324 qttid
918 5260 1119 5307 teneas.
1151 5252 1426 5321 Agnosco,
1456 5266 1560 5303 non
1586 5260 1751 5318 muto,

180 5355 279 5399 non
305 5345 550 5403 exsufﬂo.
575 5345 728 5400 Absit
754 5353 810 5398 ιιι
833 5358 952 5398 eum
980 5357 1162 5413 quer
1187 5341 1410 5396 salutem
1438 5340 1751 5409 desertoris,

180 5432 356 5496 faciam
382 5440 630 5513 injuriam
653 5436 980 5509 imperatori.
1010 5435 1149 5507 Ergo
1179 5434 1412 5506 probasti
1450 5432 1579 5489 mihi
1611 5433 1754 5503 quod

181 5525 369 5592 habeas
405 5534 812 5593 Sacramentum
836 5570 853 5598 ,
901 5529 1219 5600 exponendo
1278 5528 1679 5585 Sacramentum
1710 5528 1751 5583 ί.

237 5754 255 5790 ι
290 5763 445 5823 ποι-ιε,
468 5771 575 5825 μισ,
598 5750 897 5823 exponendo,
916 5749 1200 5816 legendum,
1221 5765 1309 5820 ego
1328 5767 1420 5809 non
1444 5756 1523 5809 do.

929 240 1159 298 SERMO
1198 239 1290 301 AD
1325 235 1818 297 CESAREENSIS
1846 236 2199 296 ECCLESIE
2237 238 2527 301 PLEBEM.

3312 246 3418 305 69$

1843 352 2093 411 Probasti
2113 353 2243 415 mihi
2270 362 2322 410 te
2344 353 2542 411 habere
2570 352 2731 412 ﬁdem
2764 372 2777 409 :
2811 356 2975 427 proba
2995 355 3127 413 mihi
3155 356 3299 429 quod
3323 357 3422 414 ha-

1842 446 1975 505 beas
2014 446 2362 513 charitatem;
2411 456 2534 507 tene
2577 449 2852 505 unitatem.
2903 448 3038 507 Nolo
3076 450 3212 507 mihi
3255 450 3425 521 dicas,

1842 538 2026 603 Balteo
2058 539 2370 605 charitatem
2400 557 2415 593 :
2450 540 2636 609 proba.
2683 539 2861 598 Unum
2885 540 3101 598 Patrem
3144 541 3424 610 habemus,

1842 632 2003 695 simul
2026 648 2261 693 oremus.
2292 632 2430 705 Quid
2470 642 2526 691 tu
2552 633 2687 691 dicis
2708 675 2725 699 ,
2753 634 2965 705 quando
2993 649 3115 691 oras
3138 675 3157 701 ,
3179 650 3309 706 rogo
3336 633 3423 691 te!

1843 722 2001 785 Pater
2025 736 2216 794 noster,
2244 728 2335 796 qui
2359 743 2413 783 es
2448 728 2500 781 in
2523 726 2660 782 caelis
2682 725 2892 802 (Matth.
2919 743 2974 783 vt
2994 770 3010 794 ,
3032 727 3067 783 9
3087 727 3128 797 ).
3166 728 3276 782 Deo
3308 742 3431 800 gra-

1845 818 1964 879 tias.
1995 818 2297 881 Secundum
2326 819 2690 890 magisterium
2719 819 2930 877 Domini
2955 820 3123 876 nostri
3151 819 3429 888 addidisti,

1843 912 1931 984 qui
1958 912 2083 969 esin
2124 912 2283 967 uelis.
2325 912 2573 984 Singulos
2594 914 2736 968 enim
2762 924 2941 984 patres
2990 902 3320 972 habebamus
3375 916 3430 975 in

1846 1004 2005 1059 terris
2026 1046 2043 1072 ,
2076 1021 2237 1065 unum
2279 1006 2579 1062 invenimus
2600 1006 2754 1062 simul
2775 1008 2828 1062 in
2857 1008 3028 1064 cmlis.
3057 1007 3213 1064 Pater
3237 1018 3426 1078 noster,

1847 1096 1932 1169 qui
1958 1112 2011 1151 es
2048 1097 2106 1151 in
2123 1098 2261 1153 aulis
2288 1113 2307 1152 :
2349 1098 2523 1169 ipsum
2550 1099 2770 1153 invocas
2792 1099 3021 1155 Patrem.
3052 1100 3209 1157 Pater
3248 1109 3433 1161 noster

1847 1204 2006 1249 unam
2052 1190 2331 1262 coniugem
2374 1191 2540 1247 voluit
2585 1190 2822 1248 habere:
2872 1193 2963 1263 qui
2994 1208 3123 1266 ergo
3147 1194 3433 1255 adoramus

1847 1300 2015 1339 unum
2034 1284 2265 1353 Patrem,
2296 1300 2463 1356 quare
2488 1301 2597 1345 non
2619 1286 2956 1357 agnoscimus
2986 1302 3144 1342 unam
3166 1299 3392 1345 matrem
3406 1288 3433 1343 ‘i

1846 1376 1905 1433 Si
1931 1386 2112 1437 natum
2141 1386 2192 1433 te
2220 1378 2359 1435 dicis
2381 1378 2449 1435 de
2476 1380 2579 1434 alia
2601 1420 2617 1447 ,
2658 1387 2716 1437 et
2757 1379 2827 1436 de
2869 1380 2989 1442 sinu
3032 1381 3209 1436 alieno
3234 1381 3349 1452 ipsa
3376 1391 3431 1443 te

1846 1472 2054 1543 peperit
2082 1468 2177 1545 (α).
2204 1470 2356 1541 Quod
2398 1471 2507 1527 dixi
2532 1511 2547 1537 ,
2570 1488 2675 1526 non
2702 1487 2890 1527 omnes
2934 1472 3231 1543 intelligere
3255 1472 3431 1543 potui-

1848 1566 1967 1623 stis.
1995 1566 2252 1625 Novimtcs
2278 1582 2373 1635 per
2404 1566 2667 1636 legitimas
2687 1566 2945 1638 coniuges
2978 1565 3173 1621 factum
3203 1581 3344 1634 esse,
3372 1574 3435 1622 ut

1847 1658 2006 1715 etiam
2043 1658 2132 1729 qui
2172 1656 2372 1713 nonde
2414 1656 2663 1728 legitimis
2705 1657 3020 1729 conjugibus
3064 1665 3432 1726 nascerentur,

1847 1753 1905 1805 in
1941 1749 2131 1807 eadem
2169 1748 2482 1811 haereditate
2507 1749 2836 1805 sociarentur
2870 1766 2886 1803 :
2916 1748 3019 1807 hoc
3042 1748 3286 1803 voluntas
3308 1762 3436 1805 con-

1842 1842 1985 1916 jugis
2009 1843 2150 1900 facit.
2172 1842 2309 1898 Nam
2358 1842 2543 1899 lstnael
2574 1841 2946 1899 exhorredatus
2971 1849 3070 1897 est.
3100 1842 3273 1911 Ipsum
3303 1841 3435 1897 Sara

1850 1945 2163 2007 pepererat,
2188 1935 2287 1990 etsi
2318 1933 2386 1993 de
2414 1943 2569 1993 utero
2604 1934 2801 1991 alieno.
2819 1935 2950 1991 Sara
2977 1943 3259 2005 pepererat
3284 1942 3436 1991 utero

1848 2030 2025 2087 alieno
2044 2069 2060 2095 ,
2096 2037 2221 2084 voto
2249 2041 2367 2083 suo.
2396 2027 2509 2097 Ipsa
2537 2026 2683 2082 enim
2718 2026 2870 2091 dixit,
2910 2025 3038 2080 Volo
3060 2026 3202 2080 enim
3238 2024 3307 2080 de
3336 2024 3435 2079 ista

1848 2122 1980 2179 mihi
2009 2122 2147 2177 ﬁlios
2173 2120 2357 2183 faciam
2406 2120 2479 2177 Et
2516 2121 2637 2177 ideo
2672 2119 2795 2176 fecit
2822 2118 3091 2175 Abraham
3114 2118 3276 2190 (Gen.
3322 2134 3430 2184 xvr,

1848 2216 1996 2289 2-4).
2022 2215 2165 2274 Uxor
2190 2217 2333 2275 enim
2354 2233 2459 2275 non
2479 2215 2631 2271 habet
2654 2223 2944 2287 potestatem
2966 2213 3193 2283 corporis
3216 2213 3316 2277 sui,
3344 2212 3435 2266 sed

1849 2310 1926 2365 uir
1954 2325 1974 2365 :
2016 2308 2266 2376 similiter,
2313 2308 2389 2365 uir
2422 2324 2525 2365 non
2568 2306 2716 2361 habet
2744 2315 3035 2377 potestatem
3080 2304 3305 2374 corporis
3330 2302 3435 2369 sui,

1850 2401 1938 2457 sed
1962 2400 2143 2456 mulier
2171 2397 2378 2473 (lCor.
2405 2415 2501 2467 vit,
2548 2398 2642 2469 ι).
2670 2397 2801 2455 Nam
2850 2395 2987 2451 ﬁlius
3033 2404 3195 2459 esset,
3236 2396 3283 2450 si
3330 2410 3438 2451 non

1851 2492 2198 2562 superbisset.
2225 2492 2498 2561 Superbus
2515 2500 2596 2547 est
2619 2488 2993 2546 exlueredatus
3013 2486 3225 2542 lsmael.
3255 2487 3437 2542 Erexit

1852 2585 1996 2641 enim
2034 2583 2229 2643 ancilla
2268 2583 2554 2650 cervicem,
2583 2591 2640 2637 ut
2666 2580 2888 2650 diceret,
2919 2578 3067 2650 Ejice
3116 2579 3357 2633 ancillam
3392 2588 3441 2634 et

1851 2675 2015 2746 ﬁlium
2036 2676 2182 2746 ejus;
2206 2690 2307 2736 non
2335 2673 2467 2735 enim
2492 2672 2650 2729 Ιιωνεδ
2678 2673 2772 2729 erit
2800 2671 2936 2742 ﬁlius
2954 2671 3155 2726 ancilla
3189 2687 3307 2725 cum
3330 2671 3440 2738 ﬁlio

1851 2785 1963 2823 meo
1989 2766 2143 2822 Isaac
2186 2763 2350 2839 (Gen.
2377 2780 2487 2832 xxt,
2518 2763 2657 2836 10)?
2680 2762 2811 2820 Nam
2833 2763 2911 2818 vis
2936 2777 3094 2820 nosse
3118 2762 3244 2833 quid
3268 2762 3441 2819 valeat

1850 2876 1982 2932 pax,
2011 2860 2136 2932 quid
2157 2858 2330 2913 valeat
2353 2856 2636 2913 concordia
2658 2898 2671 2921 ,
2700 2856 2824 2927 quid
2852 2856 3023 2913 valeat
3061 2853 3350 2921 humilitas,
3382 2864 3441 2913 et

1852 2953 1978 3027 quid
2004 2951 2256 3024 impediat
2273 2950 2557 3025 superbia?
2587 2950 2860 3007 lsmaelem
2890 2948 3270 3016 ethredavit,
3297 2946 3438 3002 ﬁlios

1852 3056 2031 3107 autem
2059 3047 2369 3105 ancillarum
2396 3044 2464 3105 de
2488 3043 2654 3103 Iacob
2677 3085 2693 3111 ,
2722 3044 2843 3115 quia
2869 3052 2923 3099 et
2961 3042 3034 3098 illi
3062 3050 3120 3097 ut
3148 3056 3436 3098 nasceren-

1854 3150 1941 3197 tur
1964 3139 2207 3212 eonjugia
2240 3138 2384 3213 justa
2425 3136 2741 3195 voluerunt:
2797 3134 2933 3191 ﬁlios
2962 3150 3090 3207 ergo
3126 3134 3438 3190 ancillarum

1852 3231 1921 3288 de
1946 3230 2132 3295 Jacob,
2164 3230 2409 3287 novimus
2450 3228 2503 3283 in
2541 3242 2699 3283 unam
2735 3225 3095 3283 hareditatem
3128 3224 3435 3280 advocatos.

1853 3323 2022 3383 Simul
2061 3322 2324 3379 numerati
2373 3329 2499 3377 sunt
2539 3335 2729 3376 omnes
2774 3319 3090 3390 patriarcha:
3130 3317 3431 3386 duodecim,

1853 3416 2055 3474 nullum
2086 3415 2153 3473 ab
2175 3415 2345 3471 altero
2374 3412 2508 3471 uteri
2532 3411 2811 3467 diversitas
2848 3410 3132 3480 separavit,
3164 3409 3285 3481 quia
3313 3423 3433 3465 om-

1853 3523 1951 3571 nes
1969 3506 2202 3565 charitas
2239 3504 2480 3561 sociavit.
2521 3502 2659 3573 Quid
2701 3502 2922 3558 interest
2963 3516 3093 3572 ergo
3125 3500 3211 3554 ubi
3255 3499 3435 3570 Bapti-

1852 3615 2029 3657 smum
2051 3596 2357 3671 acceperis?
2383 3596 2680 3666 Baptismus
2701 3609 2851 3650 meus
2868 3603 2970 3660 est,
2989 3592 3118 3648 dicit
3148 3592 3237 3647 tibi
3264 3593 3396 3661 Sara
3422 3608 3438 3646 :

1853 3693 2159 3765 Baptismus
2179 3704 2331 3749 meus
2357 3699 2460 3757 est,
2489 3688 2620 3745 dicit
2643 3687 2733 3743 tibi
2752 3687 2969 3743 Rachel.
2993 3685 3112 3743 Noli
3137 3685 3433 3755 superbire,

1854 3786 1976 3847 veni
2018 3784 2085 3841 ad
2135 3783 2499 3841 lmreditatem
2530 3798 2544 3835 :
2575 3780 2805 3836 maxime
2852 3780 2974 3851 quia
3005 3779 3119 3851 ipsa
3151 3778 3440 3839 hereditas

1852 3896 1962 3936 non
2005 3885 2088 3935 est
2129 3875 2220 3932 illa
2258 3884 2400 3933 terra
2445 3889 2564 3949 quae
2607 3873 2728 3939 data
2765 3882 2847 3929 est
2895 3873 3016 3935 ﬁliis
3059 3873 3246 3931 lat-ob.
3296 3871 3335 3931 ι’
3341 3872 3442 3931 iliis

1855 3971 2018 4030 Israel
2042 3972 2162 4026 data
2190 3978 2272 4025 est
2300 3978 2441 4025 terra
2469 3986 2483 4024 :
2515 3977 2715 4041 quanto
2737 3982 2766 4023 a
2785 3967 3022 4038 pluribus
3049 3966 3437 4037 possidebatur,

1857 4072 2006 4119 tanto
2036 4063 2154 4133 plus
2176 4062 2576 4133 angustabatur.
2624 4059 2916 4115 llaereditas
2943 4070 3121 4113 nostra
3151 4074 3249 4127 pax
3278 4073 3439 4113 voca-

1858 4168 1962 4217 tur.
1999 4157 2397 4212 Testamentum
2446 4155 2566 4225 lego
2596 4171 2610 4209 :
2640 4151 2831 4207 Pacem
2872 4167 3032 4205 meum
3067 4150 3132 4206 do
3158 4151 3315 4217 vobis,
3345 4167 3442 4222 pa—

1855 4266 1964 4313 cem
1986 4264 2149 4302 meam
2188 4248 2414 4316 relinquo
2466 4245 2601 4301 vobis
2632 4243 2818 4318 (Joan.
2846 4259 2958 4308 xw,
2984 4242 3118 4316 27).
3150 4242 3317 4297 Simul
3364 4251 3443 4299 te-

1856 4355 2079 4399 neamus
2098 4339 2240 4411 quod
2264 4338 2425 4393 dividi
2454 4353 2557 4393 uon
2587 4346 2779 4409 potest.
2806 4335 2919 4392 Non
2944 4352 3062 4392 eam
3084 4344 3444 4408 augustatnu-

1857 4449 2101 4495 merosus
2154 4447 2468 4505 possessor,
2518 4430 2929 4501 quanticumque
2982 4431 3253 4494 venerint;
3308 4429 3445 4486 sicut

1859 4527 2179 4599 promissum
2218 4533 2334 4589 est,
2364 4524 2455 4579 Sic
2496 4524 2588 4583 erit
2626 4540 2791 4578 semen
2828 4532 2967 4577 tuum
3001 4531 3239 4597 tanquam
3284 4520 3444 4578 stella

1860 4613 1990 4683 cali,
2022 4628 2068 4671 et
2093 4619 2221 4675 sicut
2248 4634 2405 4673 arena
2424 4631 2537 4686 qua:
2560 4624 2633 4673 est
2653 4615 2722 4669 ad
2750 4614 2939 4671 labium
2962 4613 3134 4677 maris,
3163 4611 3229 4669 In
3258 4614 3445 4668 semine

1861 4722 1947 4768 tuo
1966 4710 2317 4777 benedicentur
2343 4727 2513 4773 omnes
2545 4720 2713 4783 gentes
2739 4707 2901 4781 (Gen.
2930 4723 3071 4773 xxu,
3100 4707 3189 4773 17,
3218 4704 3337 4774 18).
3374 4703 3443 4761 Et

1860 4803 1983 4870 uidi,
2007 4802 2241 4874 inquitin
2264 4802 2604 4874 Apocalypsi,
2636 4802 2818 4857 multos
2836 4801 2890 4855 in
2914 4799 3055 4855 stolis
3079 4798 3206 4857 albis
3224 4840 3239 4863 ,
3271 4807 3314 4852 et
3347 4796 3441 4851 Ita-

1864 4894 2028 4949 bentes
2055 4894 2271 4965 palmas,
2302 4909 2424 4960 quos
2448 4909 2715 4949 numerare
2734 4908 2879 4946 nemo
2901 4900 3081 4961 potest,
3104 4890 3353 4944 venientes
3381 4904 3443 4944 ea:

1862 4986 2093 5043 omnibus
2128 4987 2353 5059 gentibus
2388 4986 2569 5058 (Apoc.
2595 5001 2702 5051 vn,
2732 4983 2819 5049 9).
2859 4982 3114 5051 Veniant,
3147 4997 3330 5053 pacem
3363 4990 3443 5036 te-

1864 5089 2057 5143 neant;
2096 5088 2315 5151 angusta
2355 5093 2460 5132 non
2483 5086 2550 5131 Sll
2579 5078 2594 5108 ί
2628 5088 2807 5131 nostra
2855 5076 3120 5144 possesio
3162 5073 3445 5143 Angustias

1863 5186 1966 5227 non
1996 5172 2137 5236 facit,
2181 5169 2284 5227 nisi
2324 5168 2433 5227 sola
2464 5168 2745 5227 dissensio.
2790 5168 2925 5223 Ecce
2949 5208 2964 5233 ,
2997 5165 3183 5223 fratres
3213 5165 3315 5220 mei
3338 5204 3355 5231 ,
3391 5175 3446 5225 ut

1862 5264 2131 5335 angustias
2170 5262 2342 5317 adhuc
2399 5261 2693 5330 patiamur,
2746 5256 3007 5314 dissensio
3076 5256 3201 5311 facit
3268 5254 3446 5311 fratris

1864 5357 2029 5411 nostri
2064 5373 2075 5408 :
2099 5355 2397 5410 consentiat
2424 5354 2474 5407 in
2500 5367 2626 5421 pace
2646 5394 2660 5418 ,
2684 5360 2739 5407 et
2769 5351 2902 5406 facta
2930 5360 3014 5405 est
3039 5349 3280 5404 latitudo.

1936 5448 1987 5503 6.
2017 5447 2120 5502 Sed
2151 5447 2275 5519 quid
2309 5446 2580 5506 faciamus,
2628 5445 2727 5499 nisi
2770 5442 3052 5498 fraternam
3083 5439 3442 5495 inﬁrmitatem

1862 5538 2114 5599 feramus,
2132 5548 2185 5591 et
2207 5552 2313 5591 non
2330 5535 2673 5591 deﬁciamus?
2691 5533 2865 5588 Sudor
2884 5536 2985 5587 iste
3003 5546 3156 5586 meus
3179 5528 3446 5593 credimus

1927 5695 1943 5727 ί
1978 5696 2137 5753 Forte,
2160 5702 2251 5742 non
2276 5689 2349 5755 ﬁt.

1929 5755 2001 5822 (α)
2036 5762 2103 5805 ne
2124 5745 2363 5818 baptismo
2392 5756 2556 5803 contra
2573 5749 2855 5811 Donatistas,
2881 5746 2966 5801 lib.
2994 5745 3041 5810 i,
3060 5760 3111 5799 ιι.
3133 5747 3288 5802 εδει.
