3804 6166
369 291 474 344 693

370 403 512 476 quod
544 403 644 458 erit
693 400 1011 456 fructuosus.
1060 394 1313 448 Dominus
1342 389 1481 443 Deus
1523 391 1708 440 noster
1752 381 1844 454 qui
1869 397 1964 438 vo-

300 487 305 492 ’
374 500 472 554 iuit
496 506 554 552 ut
579 495 878 550 veniremus
907 488 974 542 ad
1002 501 1118 551 vos,
1147 484 1235 556 qui
1260 483 1420 553 jussit
1455 487 1518 536 ut
1542 493 1666 536 eum
1694 490 1967 550 querere-

373 599 513 650 mus,
534 580 620 652 qui
644 577 768 633 fecit
791 583 847 630 ut
868 589 989 629 eum
1014 571 1228 628 interim
1255 569 1388 624 facie
1408 577 1563 623 tenus
1581 566 1967 633 inveniremus,

374 675 584 744 adjutos
635 668 965 725 orationibus
1012 663 1206 719 vestris
1247 661 1407 718 faciet
1450 674 1550 716 nos
1575 655 1838 716 invenire
1874 672 1971 714 cor

373 767 488 837 ejus
513 807 525 829 ,
553 762 725 820 lcetari
755 761 821 816 de
862 757 1146 815 concordia
1172 755 1288 828 ejus
1309 798 1324 821 ,
1356 754 1554 825 gratias
1580 767 1738 826 agere
1763 752 1876 810 Deo
1900 751 1972 810 de

374 858 544 914 salute
569 855 686 921 ejus
706 895 724 922 ,
757 867 916 924 quam
943 866 1050 905 non
1077 857 1254 920 potest
1279 846 1479 902 habere
1505 845 1607 901 nisi
1638 845 1693 900 in
1727 843 1972 900 Ecclesia

373 949 655 1007 catholica.
695 946 856 1001 Extra
885 943 1180 1001 Ecclesiam
1225 940 1542 998 catholicam
1593 946 1762 994 totum
1792 945 1974 1009 potest

374 1049 572 1112 praeter
587 1037 833 1094 salutem.
853 1035 1034 1091 Potest
1053 1032 1248 1088 habere
1262 1030 1541 1098 honorem,
1569 1038 1743 1100 potest
1772 1028 1974 1084 habere

375 1135 798 1199 Sacramentum,
824 1137 996 1202 potest
1019 1137 1235 1186 cantare
1261 1126 1510 1190 Alleluia,
1538 1133 1712 1196 potest
1749 1138 1974 1194 respon-

375 1230 506 1284 dere
517 1228 703 1291 Amen,
724 1232 900 1296 potest
919 1220 1259 1292 Evangelium
1270 1225 1476 1283 tenere,
1500 1225 1676 1287 potest
1692 1214 1747 1270 in
1761 1215 1977 1273 nomine

376 1319 551 1377 Patris
592 1327 648 1374 et
670 1317 793 1373 Filii
835 1324 890 1371 et
927 1313 1157 1384 Spiritus
1189 1311 1360 1367 sancti
1412 1309 1570 1364 fidem
1599 1317 1654 1364 et
1677 1307 1876 1364 habere
1922 1316 1977 1364 et

376 1413 709 1487 praedicare:
746 1409 840 1466 sed
885 1423 1146 1479 nusquam
1189 1405 1292 1461 nisi
1318 1404 1370 1460 in
1422 1403 1659 1459 Ecclesia
1709 1401 1975 1458 catholica

380 1507 604 1562 salutem
622 1502 816 1574 poterit
841 1499 1099 1556 invenire.
1127 1497 1432 1554 Transeunt
1457 1494 1602 1551 enim
1634 1495 1814 1550 omnia
1844 1493 1973 1560 ista,

382 1599 573 1655 fratres
599 1595 723 1651 mei.
751 1592 904 1649 Modo
927 1599 1076 1663 putat
1117 1590 1239 1662 quia
1264 1603 1488 1660 magnus
1512 1587 1616 1643 erit
1655 1585 1795 1658 apud
1824 1599 1974 1652 suos,

382 1693 425 1749 si
457 1706 565 1747 non
585 1687 918 1746 consenserit
942 1727 956 1750 ,
985 1693 1039 1741 et
1063 1683 1237 1739 dictus
1267 1680 1428 1737 fuerit
1451 1687 1656 1751 martyr
1681 1678 1847 1750 partis
1873 1678 1979 1733 Do-

384 1783 516 1839 nati.
543 1781 730 1848 Absit,
762 1780 977 1836 tollatur
1001 1778 1057 1833 in
1099 1775 1317 1832 nomine
1347 1773 1555 1829 Domini
1582 1772 1650 1829 de
1673 1772 1838 1829 corde
1863 1772 1978 1845 ejus

384 1878 485 1931 iste
510 1873 724 1948 typhus.
757 1872 915 1929 Novit
942 1881 996 1928 et
1030 1871 1168 1941 ipse,
1195 1868 1321 1941 legit
1355 1874 1413 1923 et
1436 1868 1552 1938 ipse
1584 1885 1598 1922 :
1633 1867 1697 1923 Si
1721 1867 1978 1923 tradidero

383 1984 567 2039 corpus
589 1983 755 2021 meum
777 1975 832 2020 ut
855 1964 1088 2030 ardeam,
1106 1961 1404 2016 charitatem
1429 1968 1598 2015 autem
1621 1977 1723 2016 non
1743 1960 1975 2030 habeam,

385 2060 514 2114 nihil
558 2059 680 2113 mihi
708 2059 909 2130 prodest
948 2055 1005 2127 (l
1031 2054 1149 2111 Cor.
1178 2069 1292 2120 xm,
1325 2055 1360 2109 3
1453 2052 1568 2124 Ego
1595 2067 1703 2110 non
1730 2052 1871 2121 dico,
1920 2053 1978 2108 Si

383 2153 586 2222 aliquas
617 2151 834 2218 injurias
854 2148 1004 2220 quasi
1025 2147 1190 2219 jactet
1231 2161 1290 2202 se
1323 2159 1540 2218 passum
1568 2160 1689 2202 esse
1713 2160 1810 2216 pro
1830 2154 1982 2216 parte

392 2243 622 2307 Donati,
660 2250 752 2297 aut
779 2241 954 2310 aliqua
996 2239 1192 2294 damna
1220 2247 1430 2294 terrena
1450 2279 1467 2304 ,
1499 2236 1629 2292 nihil
1661 2238 1708 2292 ei
1739 2238 1976 2306 prodest.

385 2338 499 2408 Ego
526 2335 642 2406 plus
671 2335 810 2400 dico,
841 2333 895 2389 Si
912 2331 1141 2403 patiatur
1166 2330 1297 2386 foris
1322 2329 1594 2384 inimicum
1622 2327 1837 2395 Christi,
1871 2345 1980 2384 non

387 2429 718 2486 Catholicum
767 2427 984 2482 fratrem
1026 2440 1181 2481 suum
1214 2431 1541 2496 quaerentem
1571 2422 1798 2478 salutem
1823 2422 1939 2493 ejus
1963 2464 1978 2490 ,

389 2525 482 2580 sed
509 2523 781 2579 inimicum
809 2519 1004 2576 Christi
1031 2519 1077 2575 si
1119 2518 1250 2574 foris
1279 2517 1509 2588 patiatur
1532 2559 1547 2584 ,
1576 2524 1630 2573 et
1656 2515 1800 2571 dicat
1820 2516 1868 2570 ei
1896 2515 1981 2570 fo-

390 2633 480 2673 ras
507 2617 575 2672 ab
602 2614 842 2671 Ecclesia
883 2610 1082 2668 Christi
1127 2609 1376 2665 inimicus
1413 2607 1649 2677 Christi,
1680 2606 1828 2662 Pone
1858 2605 1982 2664 thus

390 2710 568 2775 idolis,
594 2707 756 2763 adora
783 2705 914 2761 deos
933 2717 1117 2769 meos;
1143 2711 1199 2759 et
1228 2716 1332 2757 non
1360 2700 1592 2757 adorans
1615 2699 1891 2757 occidatur
1912 2699 1982 2755 ab

389 2805 609 2862 inimico
635 2800 832 2862 Christi
864 2818 880 2856 :
910 2799 1222 2871 sanguinem
1246 2795 1470 2853 fundere
1496 2804 1694 2867 potest,
1726 2808 1982 2851 coronam

390 2897 634 2967 accipere
661 2907 773 2951 non
796 2901 990 2964 potest.

460 2990 514 3042 7.
545 2989 649 3057 Ipsn
681 2997 973 3052 noverunt,
1002 2984 1216 3057 quando
1246 2984 1299 3038 in
1329 2981 1628 3038 Collatione
1647 2991 1830 3037 nostra
1860 2980 1981 3037 fue-

387 3094 531 3150 runt,
565 3097 726 3153 quam
752 3079 1072 3151 Carthagine
1100 3075 1384 3132 habuimus
1403 3115 1417 3139 ,
1447 3073 1718 3146 quomodo
1747 3072 1980 3130 confessi

393 3186 536 3244 sunt,
578 3175 702 3246 quia
744 3181 993 3246 parentes
1035 3185 1222 3228 eorum
1264 3168 1506 3224 fecerunt
1553 3166 1980 3237 persecutionem

388 3268 674 3327 Czeciliano
691 3265 966 3338 episcopo.
996 3263 1148 3319 Tunc
1176 3277 1207 3316 a
1235 3259 1510 3317 Catholica
1533 3259 1552 3291 ί
1581 3257 1977 3327 discordantes,

388 3361 621 3418 schisma
646 3357 888 3415 fecerunt
916 3374 930 3411 :
961 3354 1222 3428 persecuti
1243 3361 1368 3408 sunt
1394 3351 1543 3407 illum
1571 3358 1821 3422 parentes
1838 3349 1982 3420 ipso-

385 3471 528 3522 rum,
559 3454 608 3509 id
630 3460 734 3522 est,
761 3451 915 3524 primi
933 3450 1021 3520 qui
1052 3449 1293 3504 fecerunt
1314 3456 1522 3517 partem
1549 3443 1761 3510 Donati,
1795 3457 1981 3512 perse-

385 3549 493 3605 cuti
517 3553 640 3601 sunt
657 3543 1021 3608 Caecilianum,
1047 3538 1410 3612 perduxerunt
1432 3535 1580 3591 illum
1609 3532 1981 3606 persequendo

385 3653 555 3709 usque
620 3636 686 3692 ad
733 3633 990 3706 judicium
1036 3629 1397 3702 Imperatoris.
1453 3627 1710 3683 Miserunt
1756 3626 1982 3682 crimina

387 3730 555 3800 ipsius
584 3726 928 3797 Imperatori,
956 3740 1076 3796 qua:
1119 3737 1245 3779 vera
1293 3736 1400 3777 non
1445 3718 1763 3776 existebant.
1816 3717 1984 3773 Iussit

395 3822 570 3876 audiri
601 3835 816 3876 causam
846 3819 1161 3887 Imperator.
1188 3813 1381 3870 Audita
1400 3822 1484 3867 est
1507 3811 1647 3882 apud
1674 3811 1975 3881 episcopos,

393 3914 526 3972 falsa
549 3912 637 3970 illa
659 3911 884 3970 crimina
912 3910 1125 3966 inventa
1146 3915 1271 3962 sunt
1289 3946 1306 3976 ,
1329 3903 1603 3962 absolutus
1627 3911 1712 3962 est
1737 3901 1982 3962 Camilia-

391 4022 514 4062 nus.
534 4004 645 4062 Nec
672 4005 744 4061 illi
790 4020 820 4059 a
869 3999 1241 4074 persequendo
1264 3999 1602 4062 destiterunt,
1626 3996 1722 4052 sed
1750 3997 1984 4067 Impera-

393 4111 563 4154 torem
593 4112 736 4168 sznpe
763 4095 1192 4166 interpellarunt,
1223 4092 1312 4148 ubi
1335 4099 1520 4164 postea
1539 4088 1773 4161 judicem
1805 4104 1981 4146 causa:

390 4192 799 4248 constituerunt.
823 4189 892 4245 Et
919 4189 1032 4260 ipse
1052 4188 1190 4242 inter
1213 4194 1394 4257 partes
1419 4183 1620 4238 audivit
1638 4192 1692 4238 et
1711 4184 1979 4254 cognovit.

393 4282 651 4354 Cognovit
691 4283 1002 4351 Imperator,
1044 4281 1380 4334 innocentem
1404 4273 1747 4332 Carcilianum
1771 4274 1981 4346 judica-

393 4379 484 4432 vit.
510 4377 581 4432 Et
605 4392 725 4432 cum
751 4375 853 4431 hoc
875 4374 1251 4443 objiceremus,
1283 4371 1676 4428 contenderunt
1699 4371 1976 4428 nobiscum

391 4478 444 4525 et
470 4469 755 4535 dixerunt,
783 4467 905 4539 quia
930 4465 1273 4521 Cmcilianum
1303 4463 1568 4519 damnarit
1606 4462 1900 4533 Imperator
1928 4465 1982 4519 in

329 4603 333 4606 -
392 4563 633 4618 exsilium
669 4561 851 4632 :quod
889 4560 1078 4615 falsum
1123 4567 1227 4614 est.
1267 4555 1372 4613 Sed
1425 4565 1602 4612 tamen
1629 4556 1805 4612 videte
1854 4556 1983 4628 quid

390 4655 640 4712 dixerunt
673 4674 687 4711 ε
711 4655 844 4723 Quia
871 4652 1316 4724 persequentibus
1341 4649 1632 4721 majoribus
1671 4651 1782 4706 suis
1808 4650 1979 4706 addu-

389 4761 505 4803 ctus
561 4757 644 4804 est
687 4746 754 4802 ad
793 4747 1170 4816 Imperatorem
1217 4741 1557 4810 Cmcilianus,
1610 4752 1665 4798 et
1708 4742 1900 4798 missus
1927 4744 1980 4798 in

391 4837 660 4892 exsilium.
702 4837 862 4894 Gesta
890 4837 1147 4908 legimus,
1176 4834 1576 4905 prosecutiones
1624 4835 1790 4906 ipsius
1833 4843 1977 4902 sunt,

391 4941 581 4981 manus
605 4928 774 4997 ipsius
808 4937 1021 4984 tenetur
1045 4929 1066 4960 ²
1093 4926 1480 4983 subscribentis
1512 4926 1690 4981 verbis
1715 4927 1827 4982 suis
1851 4945 1865 4994 ;
1897 4928 1978 4983 in-

391 5019 616 5086 tendite,
665 5021 893 5078 obsecro
929 5037 1047 5090 vos,
1091 5020 1377 5091 dijudicate
1423 5019 1584 5076 modo
1617 5034 1833 5075 causam
1884 5035 1981 5076 no-

390 5125 577 5171 stram.
603 5115 760 5171 Certe
789 5116 1049 5185 persecuti
1075 5125 1198 5171 sunt
1224 5113 1455 5185 majores
1479 5114 1562 5170 sui
1593 5113 1934 5170 Caecilianum
1963 5157 1976 5182 ,

389 5212 538 5262 certe
551 5203 618 5260 ad
643 5204 1018 5277 Imperatorem
1033 5205 1418 5277 perduxerunt,
1449 5215 1594 5262 certe
1617 5214 1674 5261 ut
1697 5205 1980 5263 damnare-

391 5310 479 5355 tur
506 5298 766 5356 fecerunt.
809 5298 944 5355 Nolo
988 5299 1167 5356 dicere
1206 5299 1328 5370 quia
1366 5314 1474 5356 non
1527 5309 1611 5356 est
1654 5299 1973 5356 damnatus:
2072 5310 2075 5311 '

454 5421 473 5451 ι
511 5427 634 5481 Αηι.,
659 5432 690 5470 a
710 5416 969 5470 Catholica.

452 5484 482 5547 '_
508 5482 751 5534 mlitiones
793 5481 1014 5547 quaedam
1047 5481 1398 5547 persecutiones
1434 5481 1586 5547 ipsius
1628 5490 1767 5547 sunt,
1806 5496 1978 5547 manus

439 5544 540 5596 sius
559 5544 827 5606 tenentur,’
845 5550 962 5604 etc.;
985 5544 1238 5606 mendose.
1293 5544 1644 5598 Prosec'utiones
1687 5545 1766 5597 hic
1801 5546 1978 5597 indicat

439 5605 539 5670 eius
554 5607 754 5670 εωθτίιί
777 5605 864 5658 ere
889 5607 936 5656 in
954 5605 1216 5670 Collatione
1235 5607 1596 5670 Carthaginensi
1615 5607 1778 5670 factas,
1806 5615 1978 5670 etma-

388 5667 626 5732 nuipsius
661 5671 982 5732 subscriptas;
1023 5669 1183 5732 adque
1207 5681 1301 5718 eas.
1327 5667 1582 5731 pertinere
1616 5667 1698 5732 illa
1721 5667 1975 5732 signiﬁcat,

388 5741 499 5791 qua
522 5730 586 5779 de
607 5730 864 5794 Caeciliano
879 5730 1304 5794 persequentibus,
1328 5730 1589 5794 majoribus
1615 5731 1717 5782 snis
1737 5730 1796 5780 ad
1821 5738 1974 5793 Impe-

389 5797 600 5840 ratorem
624 5793 828 5843 adducto
851 5791 973 5844 etin
998 5791 1224 5843 eisilium
1247 5791 1643 5842 misso'diverunt
1668 5791 1939 5842 Donatistie.

855 282 913 334 S.
946 274 1311 335 AUGUSTINI
1356 266 1653 325 EPISCOPI
1694 260 1919 318 SICRllO
1961 286 1970 310 ι

2097 257 2562 318 [ῖιειτςλιιισὶΕΝδιδ
2607 261 2958 319 accensus
2997 261 3296 320 PLEBED.

3582 266 3706 324 636

2077 385 2200 440 nolo
2214 384 2394 440 dicere
2417 383 2539 457 quia
2559 385 2814 442 innocens
2829 393 2913 442 est
2932 386 3323 458 pronuntiatus.
3355 386 3468 446 Sed
3489 386 3617 445 hoc
3637 391 3713 446 sit

2073 477 2216 549 quod
2245 477 2442 534 dicant.
2487 476 2712 546 Quando
2753 494 2876 536 eum
2918 480 3414 552 persequebantur,
3451 481 3709 553 quando

2074 571 2315 629 damnari
2337 572 2598 638 fecerunt,
2620 581 2749 629 tunc
2772 572 2900 645 quid
2923 583 3040 630 erat
3061 573 3420 630 Caecilianus?
3444 574 3707 642 Quando

2075 666 2498 736 persecutionem
2535 665 2834 736 patiebatur
2869 681 2900 720 a
2941 666 3234 738 majoribus
3266 667 3536 735 istorum,
3570 669 3707 739 quid

2077 757 2229 814 erat?
2259 758 2474 813 Dicatur
2502 756 2668 825 mihi,
2696 757 2822 829 quid
2853 758 3006 813 erat?
3030 758 3364 814 Christianus
3394 767 3529 815 erat
3552 758 3584 812 ’ἒ
3611 774 3706 814 ca-

2078 853 2309 908 tholicus
2334 851 2488 908 erat?
2513 860 2603 906 aut
2639 851 2766 921 quid
2796 851 2952 906 erat?
2989 850 3106 907 Non
3149 851 3360 918 dicunt,
3392 851 3529 908 Non
3575 863 3709 908 erat

2077 943 2400 1010 catholicus;
2421 943 2534 1009 sed,
2569 944 2907 1000 criminosus.
2935 944 3166 1000 Possunt
3191 961 3320 1018 ergo
3350 947 3461 1017 pati
3487 962 3703 1018 perse-

2078 1036 2347 1092 cutionem
2383 1050 2414 1090 a
2452 1036 2653 1092 sanctis
2694 1035 2936 1092 homines
2964 1037 3261 1094 criminosi.
3301 1039 3552 1096 Prorsus
3597 1040 3706 1096 hoc

2079 1127 2438 1199 accipiamus:
2476 1127 2798 1183 criminosus
2831 1141 2949 1185 erat
2976 1129 3287 1186 Caecilianus
3310 1173 3326 1199 ,
3373 1131 3465 1202 qui
3499 1147 3706 1204 perse-

2079 1219 2347 1274 cutionem
2378 1219 2697 1289 patiebatur.
2719 1217 2808 1276 Sic
2835 1221 2977 1275 enim
3005 1236 3114 1276 non
3153 1221 3296 1287 dico,
3335 1221 3700 1279 Mentieban-

2082 1318 2201 1378 tur;
2232 1309 2327 1366 sed
2371 1308 2688 1365 fallebantur
2718 1327 2732 1365 :
2765 1318 2823 1366 nt
2848 1319 2902 1366 et
2951 1326 3049 1368 nos
3095 1312 3201 1368 illis
3227 1315 3694 1383 consentiamus,

2080 1403 2398 1460 criminosus
2427 1413 2559 1460 erat.
2592 1405 2694 1473 Qui
2720 1403 3003 1474 iaciebant,
3031 1406 3160 1479 quid
3185 1410 3379 1464 erant?
3409 1408 3587 1479 Quod
3617 1413 3699 1467 vis

2083 1495 2218 1566 elige
2251 1513 2267 1551 :
2298 1495 2342 1550 si
2382 1495 2546 1568 iniqui
2595 1505 2780 1565 erant;
2809 1497 2998 1554 desere
3025 1499 3254 1572 iniquos,
3292 1503 3418 1558 veni
3453 1503 3532 1559 ad
3573 1520 3694 1560 nos.

2080 1585 2137 1643 Si
2166 1595 2343 1642 autem
2368 1587 2536 1642 sancti
2567 1595 2756 1654 erant;
2781 1598 2960 1659 potest
2981 1606 3108 1662 ergo
3134 1591 3249 1647 fieri
3278 1601 3338 1648 ut
3355 1597 3544 1649 sancti
3569 1611 3697 1666 per-

2083 1689 2376 1752 sequantur
2421 1680 2696 1752 injustum.
2765 1680 2884 1737 Noli
2909 1682 3063 1739 nobis
3085 1683 3239 1739 irasci
3268 1727 3284 1752 ,
3324 1686 3370 1740 si
3398 1689 3696 1758 persequi-

2083 1788 2208 1829 mur
2237 1791 2252 1828 :
2281 1774 2387 1829 noli
2414 1775 2614 1843 dicere,
2638 1773 2824 1846 Injusti
2854 1777 2986 1832 estis
3007 1778 3098 1847 qui
3123 1779 3541 1850 persequimini.
3567 1780 3692 1836 Jam

2083 1869 2228 1922 enim
2268 1868 2577 1924 ostendistis
2621 1870 2739 1940 quia
2768 1869 2884 1926 ﬁeri
2925 1879 3099 1941 potest
3135 1880 3194 1927 ut
3238 1879 3293 1927 et
3315 1872 3447 1943 justi
3490 1890 3693 1945 perse-

2084 1969 2316 2030 quantur
2367 1961 2643 2031 injustam.
2699 1961 2842 2019 Fieri
2899 1972 3112 2034 potest,
3166 1973 3260 2020 aut
3306 1981 3414 2020 non
3462 1970 3695 2037 potest?

2083 2052 2259 2110 Unum
2286 2053 2354 2108 de
2380 2053 2588 2111 duobus
2631 2055 2839 2112 dicatur
2863 2057 3013 2111 mihi.
3045 2057 3100 2113 Si
3138 2057 3253 2113 ﬁeri
3300 2074 3408 2114 non
3454 2070 3639 2130 potest
3677 2082 3689 2116 :

2084 2161 2252 2216 quare
2298 2147 2462 2201 vestri
2509 2148 2774 2218 persecuti
2821 2157 2946 2204 sunt
2992 2147 3372 2205 Caecilianum?
3399 2150 3459 2208 Si
3501 2163 3689 2208 autem

2088 2239 2202 2294 fieri
2243 2247 2420 2310 potest
2448 2241 2610 2311 :quid
2640 2241 2894 2297 miraris?
2937 2243 3076 2312 Quid
3119 2244 3304 2300 laudas
3336 2260 3581 2317 poenam,
3636 2260 3690 2304 et

2087 2345 2193 2385 non
2222 2331 2458 2386 ostendis
2485 2346 2700 2388 causam
2719 2335 2744 2387 ?
2769 2333 2948 2403 Beati,
2978 2336 3054 2391 ait
3084 2336 3363 2404 Dominus,
3393 2339 3484 2410 qui
3511 2357 3686 2407 perse-

2086 2426 2337 2480 cutionem
2362 2427 2642 2492 patiuntur.
2663 2427 2834 2493 Adde,
2877 2438 3085 2500 propter
3099 2431 3353 2504 justitiam
3383 2430 3604 2504 (Matth.
3628 2449 3682 2499 v,

2089 2515 2231 2585 10),
2259 2525 2313 2571 et
2337 2517 2595 2588 separasti
2623 2519 2878 2586 latrones,
2907 2522 3162 2590 separasti
3191 2503 3485 2591 maleﬁcos,
3521 2539 3680 2594 sepa-

2085 2606 2217 2661 rasti
2239 2607 2530 2674 adulteros,
2550 2611 2807 2679 separasti
2839 2610 3053 2683 impios,
3082 2615 3341 2682 separasti
3365 2615 3681 2687 sacrilegos,

2087 2698 2349 2768 separasti
2378 2698 2680 2755 haereticos.
2712 2701 2871 2757 Tales
2912 2705 3339 2774 persecutionem
3385 2707 3679 2777 patiuntur,

2087 2791 2183 2847 sed
2209 2807 2315 2847 non
2338 2803 2556 2864 propter
2572 2795 2856 2865 justitiam.

2157 2884 2212 2940 8.
2244 2884 2316 2940 Et
2355 2894 2532 2942 tamen
2571 2888 2780 2957 qualem
2824 2890 3248 2959 persecutionem
3279 2894 3478 2963 patitur
3515 2893 3681 2952 frater

2087 2986 2286 3043 noster,
2316 2979 2405 3048 qui
2445 2978 2704 3036 adductus
2733 2989 2811 3036 est
2838 2981 2904 3035 ad
2946 2983 3082 3037 nos?
3108 2983 3222 3054 Ipsa
3254 2991 3337 3039 est
3380 2990 3682 3056 persecutio

2087 3070 2410 3142 gloriosior:
2459 3072 2528 3128 de
2581 3073 2670 3127 illa
2717 3089 2936 3143 prorsus
2980 3075 3253 3145 proﬁteor.
3300 3076 3680 3148 Reprehendat

2086 3165 2179 3234 qui
2223 3165 2356 3231 vult,
2398 3165 2558 3220 talem
2614 3169 3038 3236 persecutionem
3091 3168 3364 3239 profiteor.
3412 3171 3679 3229 Psalmntn

2085 3257 2208 3327 lego
2240 3273 2254 3310 :
2294 3255 2652 3311 Detrahentem
2688 3260 2925 3327 proximo
2968 3276 3060 3314 suo
3099 3261 3288 3316 occulte
3307 3302 3320 3326 ,
3378 3261 3512 3316 hunc
3556 3281 3674 3333 pcr-

2086 3348 2327 3421 sequebar
2355 3348 2539 3420 (Psal.
2589 3365 2620 3405 c
2645 3391 2659 3415 ,
2691 3349 2783 3418 5).
2831 3350 2886 3406 Si
2927 3361 3073 3408 recte
3137 3368 3432 3424 persequor
3472 3357 3675 3412 occulte

2085 3444 2332 3513 proximo
2374 3443 2774 3509 detrahentem,
2829 3459 2935 3500 non
2991 3446 3192 3502 rectius
3239 3462 3529 3520 persequor
3585 3450 3673 3506 Dei

2086 3536 2385 3594 Ecclesiam
2412 3537 2621 3608 publice
2638 3537 3116 3609 blasphemantem,
3139 3539 3352 3610 quando
3379 3540 3522 3606 dicit,
3556 3541 3670 3597 Non

2087 3639 2161 3686 est
2188 3629 2303 3700 ipsa
2331 3645 2350 3684 .'
2374 3631 2587 3702 quando
2615 3631 2773 3697 dicit,
2806 3630 3000 3686 Nostra
3029 3642 3101 3688 est
3137 3650 3254 3704 qua:
3291 3635 3344 3689 in
3373 3645 3512 3704 parte
3557 3649 3664 3693 est:

2087 3722 2302 3794 quando
2325 3723 2455 3778 dicit
2478 3764 2494 3790 ,
2528 3722 2632 3778 Illa
2661 3725 2899 3780 meretrix
2917 3735 2988 3780 est
3004 3725 3032 3780 i’
3054 3726 3196 3798 Ergo
3220 3726 3668 3802 blasphemanieut

2088 3814 2387 3873 Ecclesiam
2457 3832 2565 3872 non
2620 3818 2945 3893 persequar?
2983 3819 3283 3897 Persequar
3326 3826 3512 3899 plane,
3550 3829 3664 3900 quia

2089 3908 2390 3969 membrum
2407 3929 2524 3968 sum
2554 3913 2806 3969 Ecclesia:
2839 3933 2852 3969 :
2881 3909 3171 3987 peraequar
3196 3917 3371 3987 plane,
3395 3920 3513 3990 quia
3536 3919 3664 3975 Illius

2089 4023 2204 4061 sum
2236 4005 2512 4062 Ecclesiae.
2542 4005 2712 4077 Ipsius
2740 4022 2871 4064 voce
2896 4008 3147 4064 Ecclesim
3177 4017 3317 4077 utor,
3347 4014 3459 4081 ipsa
3487 4011 3659 4068 Eccle-

2089 4098 2164 4152 sia
2195 4113 2289 4167 per
2320 4113 2408 4154 me
2436 4098 2566 4154 dicit
2590 4100 2640 4153 in
2683 4100 2914 4168 Psalmo,
2948 4099 3233 4171 Persequar
3267 4104 3494 4160 inimicos
3517 4123 3658 4172 meos,

2090 4201 2135 4246 et
2159 4191 2582 4261 comprehendam
2610 4191 2747 4258 illos,
2776 4202 2822 4246 et
2848 4210 2948 4247 non
2968 4203 3228 4249 convertar
3254 4196 3414 4250 donec
3439 4197 3660 4266 deﬁciant

2090 4283 2275 4356 (Psal.
2298 4300 2429 4351 xvn,
2459 4285 2573 4356 58).
2595 4285 2853 4342 Deliciant
2893 4287 2944 4341 in
2970 4287 3112 4342 malo
3135 4329 3148 4351 ,
3179 4288 3460 4359 proﬁciant
3501 4291 3547 4344 in
3575 4290 3660 4346 bo-

2088 4391 2236 4434 num.
2269 4376 2508 4444 Fratres,
2540 4393 2605 4432 ne
2628 4378 2822 4448 putetis
2856 4379 3052 4449 aliquid
3083 4396 3277 4436 novum
3322 4381 3516 4438 factum
3551 4399 3659 4440 esse

2090 4469 2236 4524 fratri
2271 4478 2475 4524 nostro.
2523 4469 2653 4524 Pars
2688 4470 2876 4524 Donati
2906 4471 3119 4538 quando
3155 4473 3482 4542 praevalebat
3528 4475 3651 4530 Con-

2091 4565 2337 4619 stantina;
2357 4605 2374 4631 ,
2403 4563 2595 4618 laicum
2646 4573 2886 4618 nostrum
2908 4563 3345 4620 catechumenum
3393 4577 3563 4622 natum
3600 4569 3654 4623 de

2093 4656 2403 4727 parentibus
2431 4655 2734 4722 catholicis,
2764 4657 3081 4712 Petilianum
3127 4659 3298 4712 tenuit
3319 4659 3360 4724 ί,
3411 4660 3516 4714 vim
3546 4659 3652 4716 fecit

2091 4749 2333 4818 nolenti,
2364 4759 2630 4807 scrutatus
2670 4759 2753 4805 est
2797 4748 3084 4822 fugientem
3108 4794 3122 4818 ,
3168 4752 3374 4808 invenit
3402 4751 3647 4823 latentem,

2089 4841 2320 4899 extraxit
2357 4850 2680 4914 paventem,
2737 4841 3024 4912 baptizavit
3077 4852 3413 4910 trementem,
3465 4849 3651 4903 ordina-

2089 4939 2163 4993 vit
2188 4937 2481 4993 nolentem.
2512 4935 2651 4992 Ecce
2679 4935 2892 5007 qualem
2923 4936 3228 4992 violentiam
3251 4937 3374 4994 fecit
3395 4939 3446 4995 in
3473 4951 3648 4997 nostro.

2089 5030 2285 5102 Rapuit
2328 5029 2418 5085 illa
2456 5027 2522 5083 ad
2557 5036 2822 5096 mortem,
2865 5043 2964 5084 nos
3004 5044 3108 5084 non
3157 5029 3417 5087 trahimus
3442 5032 3504 5087 ad
3530 5033 3651 5088 salu.

2085 5124 2227 5182 tem?

2156 5218 2209 5276 9.
2240 5217 2364 5273 Haec
2389 5217 2598 5272 locutus
2615 5229 2733 5271 sum
2755 5214 3008 5270 Cliaritati
3034 5223 3229 5270 vestrae
3248 5257 3262 5282 ,
3295 5226 3510 5287 propter
3533 5217 3642 5273 illud

2151 5419 2166 5450 ί
2203 5425 2254 5467 ιιι
2285 5423 2399 5468 ante
2441 5415 2586 5478 editis
2620 5413 2896 5478 legebatur,
2914 5475 2924 5478 _
2943 5413 3210 5478 Petiliam;
3238 5413 3421 5478 latuit;
3452 5421 3500 5465 et
3530 5416 3648 5477 paulo

2085 5488 2193 5545 post
2213 5495 2226 5530 :
2244 5476 2517 5545 Rapuitin
2539 5477 2605 5527 ad
2627 5475 2842 5545 mortem.
2863 5475 3178 5545 librariorum
3200 5477 3277 5527 hic
3298 5475 3481 5545 lapsum
3505 5475 3648 5527 einen-

2083 5538 2202 5593 dare
2225 5538 2321 5592 non
2343 5541 2633 5598 dubitamus,
2657 5539 2960 5589 considerato
2993 5538 3115 5590 libro
3154 5538 3369 5590 secundo
3391 5549 3544 5589 contra
3576 5548 3648 5590 Pe-

2086 5605 2234 5656 tiliani
2252 5606 2471 5662 Litteras,
2497 5617 2545 5650 n.
2565 5601 2674 5661 259,
2694 5601 2776 5650 ubi
2800 5603 2858 5650 ad
2873 5602 3030 5664 ipsum
3053 5602 3372 5665 Augustinus,
3393 5604 3647 5665 «Discernit

2093 5687 2116 5716 ι
2141 5676 2192 5718 te
2214 5674 2359 5725 Deus,
2385 5681 2408 5710 ι
2445 5665 2619 5726 inquit,
2655 5681 2678 5710 ι
2697 5676 2726 5711 a
2748 5663 3094 5726 parte’Donati,
3119 5663 3171 5714 et
3206 5664 3258 5712 in
3279 5663 3550 5714 Catholicam
3575 5679 3644 5714 τίκ

2093 5749 2116 5777 ‹‹
2136 5737 2296 5787 vocet,
2323 5724 2452 5788 unde
2469 5724 2610 5788 teilli
2633 5724 3033 5776 cateChumenum
3058 5727 3312 5788 abreptum
3335 5726 3555 5777 mortiferi
3573 5729 3642 5777 ho-

2097 5811 2117 5837 e
2143 5786 2484 5839 noris'vinculo
2506 5786 2836 5852 ligaverunt.»
