3804 6158
47 326 173 382 697
789 320 878 375 DE
916 317 1159 375 GESTIS
1197 316 1338 374 CUM
1380 315 1704 381 EMEBI'I‘O,
1745 313 1801 370 S.
1843 315 2206 373 AUCUS’I‘INI
2247 319 2448 376 LIBER
2489 321 2686 379 UNUS.

43 439 227 512 quod
264 438 503 506 dixistis,
531 435 632 491 Aut
657 435 762 503 hic,
791 444 880 488 aut
901 449 1168 503 nusquam.
1196 431 1311 488 Hoc
1333 431 1474 486 enim
1500 441 1555 486 et
1589 445 1688 486 nos

50 533 366 599 volumus,
394 540 451 586 ut
478 529 585 593 hic,
609 527 730 594 hic;
761 526 855 582 sed
876 525 930 581 in
961 526 1206 593 unitate,
1239 523 1294 580 in
1331 538 1464 596 pace
1505 542 1520 579 :
1574 522 1684 590 hic,

55 625 156 680 hic
181 641 200 690 ;
241 610 349 681 séd
384 623 436 678 in
461 620 736 678 charitatis
760 621 1036 675 societate.
1066 618 1216 673 Tunc
1242 617 1380 674 bene
1414 616 1521 672 hic.
1551 615 1687 672 Nam

54 717 292 772 melius
319 729 576 786 nusquam
605 729 763 784 quam
790 711 897 768 hic.
924 711 1031 769 Sed
1079 719 1298 782 praestet
1322 710 1598 776 Dominus,
1627 719 1685 765 ut

54 808 157 864 hic
187 809 390 879 potius
414 821 572 878 quam
603 789 884 876 nusquam.
929 803 985 860 Si
1027 817 1132 858 non
1163 803 1272 870 hic,
1316 802 1456 858 absit
1480 812 1538 858 ut
1579 818 1685 858 non

53 899 232 966 alibi,
269 899 452 955 absit:
480 897 600 965 hic,
629 905 722 952 aut
745 896 892 951 alibi.
925 893 1182 961 Audistis,
1220 894 1440 950 audivit.
1467 894 1603 964 Quid
1631 895 1686 950 in

50 993 188 1064 ejus
213 993 413 1048 animo
439 991 578 1047 Deus
615 988 803 1061 egerit,
842 988 958 1058 ipse
995 988 1158 1042 novit.
1187 985 1299 1042 Nos
1325 985 1468 1042 enim
1499 1001 1684 1041 aurem

55 1084 398 1142 forinsecus
422 1082 782 1155 percutimus;
812 1080 904 1136 ille
928 1080 1074 1135 novit
1101 1079 1246 1135 intus
1273 1078 1442 1150 loqui,
1487 1078 1578 1133 ille
1604 1078 1686 1134 in-

50 1189 151 1235 tus
181 1177 460 1249 praedicat
482 1189 691 1247 pacem,
715 1187 815 1230 nec
828 1180 1007 1228 cessat
1027 1171 1318 1242 praedicare
1341 1169 1389 1226 si
1412 1169 1680 1226 audiatur.

3277 328 3381 386 698

1794 430 1978 486 Aderit
2028 434 2389 490 misericordia
2445 437 2579 506 ejus,
2627 437 2998 509 adjuvantibus
3043 441 3380 500 orationibus

1793 525 2008 588 vestris,
2041 534 2098 580 ut
2138 527 2207 580 sit
2232 525 2536 584 fructuosus
2561 529 2712 586 labor
2742 540 2944 588 noster.
2977 532 3179 590 Tamen
3205 535 3249 590 si
3281 535 3380 591 ho-

1793 617 1880 674 die
1903 620 2296 675 communicare
2338 623 2567 678 noluerit
2590 665 2604 689 ,
2634 625 2875 695 quamvis
2903 625 3110 697 fatigari
3149 645 3254 684 non
3289 629 3381 685 de-

1794 709 2014 766 beamus
2030 752 2044 777 ,
2069 712 2162 766 sed
2196 711 2394 768 instare
2419 723 2672 784 quantum
2712 729 2994 786 possumus
3015 760 3031 786 ,
3059 719 3375 788 debeamus;

1793 819 1896 860 nec
1935 805 2014 860 sic
2053 814 2228 861 tamen
2271 805 2476 875 fatigari
2506 805 2782 864 debemus.
2830 808 3038 864 Diﬂ‘erri
3073 825 3377 880 possumus,

1793 895 2004 953 auferre
2055 897 2361 953 instantiam
2403 909 2638 956 nostram
2683 915 2782 956 nec
2829 915 3132 972 possumus,
3164 917 3262 957 nec
3281 902 3378 959 de-

1793 987 2001 1045 bemus.
2032 989 2218 1045 Aderit
2263 989 2354 1047 ille
2381 991 2472 1061 qui
2509 989 2613 1046 huc
2662 991 2811 1047 illum
2849 991 2916 1048 ad
2946 1007 3044 1049 nos
3087 993 3375 1064 perduxit,

1793 1089 1853 1135 ut
1881 1095 1980 1136 nos
2010 1080 2169 1136 faciat
2192 1097 2314 1138 eum
2335 1081 2429 1138 illo
2467 1081 2522 1137 in
2553 1081 2754 1139 unitate
2794 1083 3068 1140 vobiscum
3103 1095 3160 1142 et
3197 1086 3252 1142 in
3279 1100 3376 1144 sua

1794 1187 1925 1244 pace
1951 1173 2204 1244 gaudere.

131 1308 573 1383 Subjungendus
603 1305 704 1383 hoc
728 1307 847 1383 loco
871 1306 992 1383 erit,
1026 1306 1072 1383 si
1116 1304 1405 1383 aliquando
1428 1307 1762 1383 reperiatur,
1781 1306 1862 1383 ᾼιί
1892 1307 2169 1362 Emeritam
2195 1309 2485 1383 ερεξεοριιηι
2529 1306 2934 1380 υοηαιίειαηιπιν
2985 1321 3098 1383 P0“
3131 1311 3377 1370 σοίίατίο·

52 1397 209 1448 nem,
249 1377 563 1446 libertinus;
585 1379 738 1449 cujus
767 1378 886 1433 libri
915 1378 1156 1432 meminit
1183 1378 1513 1448 Augustinus
1539 1379 1591 1432 in
1618 1378 1712 1435 lib.
1733 1377 1770 1432 2
1795 1380 2053 1444 Retract.,
2081 1394 2199 1450 cap.
2229 1379 2324 1434 46.

2546 1538 3339 1553 m2:

1166 1615 1275 1675 AD
1328 1614 1588 1676 GESTA
1634 1614 1799 1678 CUM
1850 1615 2214 1678 EMERITO
2242 1662 2256 1684 ,

156 1740 335 1828 Ῡὶἀε
391 1739 586 1812 lib.2,
631 1757 782 1828 cap._
823 1737 948 1828 51,.
981 1738 1552 1828 Retractationum,
1597 1747 1744 1828 t_o_m.
1792 1741 1851 1815 1,
1886 1741 2003 1801 col.
2061 1739 2202 1814 650,
2261 1761 2301 1803 a
2342 1741 2543 1804 verbis
2572 1789 2588 1812 ,
2645 1743 2992 1825 Aliquanto
3046 1754 3191 1828 post
3244 1751 3376 1812 col-

59 1821 429 1896 lationem,
460 1837 653 1900 usque
700 1815 782 1880 21d
817 1815 1086 1885 verbum,
1121 1816 1533 1880 Consulibus.
1619 1820 1706 1881 M.

77 1985 3375 2037 Μ

3273 2028 3330 2035 ο-.

713 2103 854 2219 S.
931 2104 1676 2219 ΔΠΒΕῙιῙΙ

1800 2108 2773 2227 IUGUSTINI

1245 2297 1763 2365 HIPPONENSIS
1802 2300 2158 2366 EPISCOPI

392 2461 665 2606 DE
759 2456 1458 2608 GESTIS
1558 2457 1980 2608 CUM
2105 2464 3016 2618 EMERITO

566 2700 1293 2777 CIBSABEENSI
1351 2701 2270 2779 DONATISTABUM
2332 2705 2860 2781 EPISCOPO

1468 3045 1984 3100 ξῷΞῦῶῶ

146 3188 172 3242 1
187 3226 202 3241 .
241 3183 658 3244 Gloriosissimis
687 3181 1095 3256 imperatoribus
1118 3222 1132 3246 ,
1159 3178 1394 3235 Honorio
1412 3177 1668 3233 duodeci-

75 3296 224 3336 mum
241 3267 269 3348 λ,
301 3288 358 3336 et
397 3278 700 3335 Theodosio
723 3286 968 3335 octavum
997 3274 1304 3332 consulibus
1327 3274 1431 3345 (α),
1467 3269 1676 3326 duode-

77 3374 222 3429 cimo
249 3371 510 3428 calendas
537 3371 772 3428 octobris
797 3413 813 3439 ,
841 3368 1100 3426 Caesareas
1123 3368 1178 3423 in
1204 3367 1429 3424 ecclesia
1451 3366 1634 3436 Majori
1658 3407 1674 3433 ,

76 3481 198 3520 cum
224 3465 514 3520 Deuterius
533 3464 816 3534 episcopus
835 3460 1280 3532 metropolitanus
1295 3458 1676 3524 Caesareensis,

77 3572 179 3612 una
203 3570 335 3613 cum
359 3555 555 3627 Alypio
577 3553 925 3625 Thagastensi
947 3595 962 3618 ,
986 3551 1284 3623 Augustino
1308 3550 1634 3622 Hipponensi
1658 3592 1674 3618 ,

78 3647 336 3705 Possidio
362 3647 663 3704 Calamensi
687 3688 704 3714 ,
737 3646 957 3702 Rustico
1006 3643 1350 3700 Cartenitano
1375 3685 1390 3708 ,
1440 3641 1678 3698 Palladio

79 3739 404 3812 Tigabitano
429 3779 443 3804 ,
473 3747 527 3794 et
545 3738 754 3794 caeteris
773 3737 1038 3808 episcOpis
1062 3777 1078 3803 ,
1105 3736 1158 3791 in
1179 3734 1430 3792 exedram
1458 3748 1676 3805 proces-

81 3833 326 3898 sissent,
379 3831 730 3903 pmsentibus
773 3830 1100 3902 presbyteris
1142 3838 1197 3886 et
1239 3828 1550 3884 diaconibus
1574 3870 1590 3895 ,
1625 3837 1682 3885 et

81 3928 347 3984 universo
388 3927 574 3991 clero,
620 3941 682 3982 ac
734 3923 1164 3996 frequentissima
1220 3923 1415 3993 plebe,
1467 3921 1681 3978 adesset

81 4021 241 4075 etiam
277 4019 546 4075 Emeritus
575 4018 740 4088 partis
769 4017 958 4072 Donati
987 4018 1309 4087 episcopus;
1351 4015 1680 4084 Augustinus

83 4115 372 4183 episcopus
397 4112 651 4168 Ecclesia:
679 4110 960 4166 catholica:
1003 4108 1137 4164 dixit
1165 4127 1179 4164 :
1221 4106 1440 4163 Fratres
1475 4106 1678 4162 charis-

83 4205 202 4260 simi
230 4247 249 4269 ,
283 4204 374 4276 qui
404 4205 470 4260 ab
497 4204 647 4259 initio
671 4202 924 4259 Catholici
949 4201 1123 4257 fuistis
1149 4242 1164 4267 ,
1193 4208 1250 4256 et
1271 4200 1592 4270 quicumque
1612 4197 1679 4252 ad

85 4294 415 4352 Catholicam
441 4312 508 4352 ex
537 4295 936 4351 Donatistarum
983 4307 1167 4349 errore
1206 4291 1426 4347 venistis
1451 4332 1466 4358 ,
1499 4299 1554 4346 et
1583 4305 1677 4360 pa-

85 4405 200 4446 cem
231 4389 395 4460 hujus
423 4398 622 4445 sancta:
653 4387 908 4444 Ecclesiae
933 4385 1210 4442 catholicae
1234 4383 1559 4455 cognovistis
1581 4425 1595 4448 ,
1626 4391 1683 4438 et

89 4483 264 4540 veraci
289 4480 451 4537 corde
473 4481 722 4536 tenuistis
743 4521 758 4545 ,
779 4487 835 4536 et
853 4479 944 4550 qui
965 4478 1136 4534 adhuc
1157 4477 1294 4532 forte
1318 4477 1386 4533 de
1405 4475 1680 4531 catholica

88 4573 309 4632 unitatis
335 4574 558 4629 veritate
588 4571 842 4628 dubitatis
865 4613 882 4638 ,
920 4570 1102 4626 audite
1132 4584 1232 4625 nos
1266 4567 1521 4623 sollicitos
1551 4582 1679 4636 pura

91 4665 378 4724 dilectione
405 4680 503 4736 pro
528 4665 703 4721 vobis.
731 4661 958 4731 Quando
990 4662 1134 4717 venit
1157 4661 1223 4716 ad
1248 4661 1385 4715 hanc
1410 4660 1680 4714 civitatem

91 4758 174 4813 die
203 4758 629 4814 nudiustertiana
671 4757 836 4812 lrater
864 4764 1048 4810 noster
1078 4753 1348 4810 Emeritos
1377 4753 1680 4808 Donatista-

93 4865 207 4906 rum
235 4849 411 4906 adbuc
446 4851 771 4921 episcopus,
817 4848 1078 4918 perlatum
1124 4854 1207 4902 est
1252 4845 1319 4900 ad
1363 4860 1462 4901 nos
1508 4845 1683 4900 subito

93 4957 213 4997 eum
241 4957 363 4998 esse
390 4949 727 5010 praesentem.
784 4939 852 4994 Et
890 4937 1144 5008 quoniam
1172 4935 1432 4992 charitate
1457 4977 1472 5002 ,
1523 4950 1682 5006 quam

97 5035 234 5092 Deus
260 5035 442 5101 videt,
466 5033 904 5089 desiderabamus
923 5031 1040 5100 ejus
1063 5029 1398 5101 praesentiam
1427 5043 1443 5093 ;
1467 5027 1534 5082 ad
1561 5042 1682 5082 eum

100 5127 383 5183 videndum
414 5125 668 5180 continuo
709 5123 1111 5180 convolavimus
1157 5140 1170 5176 :
1220 5119 1521 5175 invenimus
1561 5134 1682 5173 eum

101 5226 324 5275 stantem
355 5218 407 5273 in
434 5218 630 5288 platea.
661 5216 821 5272 Facta
854 5216 1080 5272 invicem
1109 5212 1426 5270 salutatione
1449 5253 1464 5278 ,
1501 5211 1686 5266 admo-

102 5311 308 5366 nuimus
334 5353 348 5377 ,
377 5309 517 5382 quod
545 5309 735 5364 durum
764 5317 908 5365 esset
936 5323 999 5363 ac
1045 5316 1196 5378 turpe
1243 5320 1365 5360 eum
1410 5304 1463 5358 in
1511 5303 1683 5374 platea

102 5417 374 5460 remanere
398 5444 416 5471 ,
447 5412 506 5459 ut
533 5402 598 5458 ad
629 5402 913 5458 ecclesiam
939 5401 1215 5457 nobiscum
1249 5399 1472 5454 veniret.
1502 5399 1569 5451 At
1596 5396 1686 5452 ille

103 5495 250 5552 nobis
274 5495 393 5551 sine
422 5494 527 5550 ulla
558 5494 896 5549 recusatione
922 5492 1192 5548 consensit
1220 5509 1235 5546 :
1268 5489 1357 5545 ubi
1397 5503 1495 5544 nos
1533 5495 1686 5558 puta-

105 5586 271 5643 vimus
293 5601 415 5643 eum
445 5587 514 5641 ita
537 5586 969 5641 communionem
995 5583 1308 5640 catholicam
1336 5597 1442 5637 non
1472 5594 1686 5635 recusa-

107 5686 274 5735 turum
290 5721 306 5746 ,
325 5677 774 5751 quemadmodum
800 5678 881 5733 vel
903 5687 1252 5748 spontaneum
1277 5674 1466 5731 obtulit
1487 5673 1684 5730 adven~

164 5789 234 5854 (ιι)
263 5790 432 5841 Christi
457 5802 583 5840 anno
606 5788 713 5838 418.

1784 3192 1895 3239 tum
1915 3227 1931 3252 ,
1960 3185 2044 3241 vel
2073 3186 2137 3239 ad
2170 3187 2450 3242 ecclesiam
2498 3189 2680 3243 venire
2719 3189 2940 3245 minime
2967 3188 3244 3253 dubitavit.
3273 3189 3370 3246 lllo

1783 3285 1964 3331 autem
1994 3277 2046 3330 in
2076 3279 2422 3347 perversitate
2445 3277 2698 3334 haeretica
2722 3321 2737 3344 ,
2767 3280 3008 3350 quamvis
3038 3281 3173 3336 intra
3199 3281 3368 3336 eccle-

1785 3368 1918 3423 siam
1949 3368 2263 3425 catholicam
2291 3412 2306 3436 ,
2335 3369 2536 3426 diutius
2560 3380 2866 3427 remorante
2889 3414 2904 3437 ,
2950 3370 3210 3427 allocutus
3249 3388 3367 3428 sum

1784 3460 2134 3516 Dilectionem
2185 3470 2459 3530 vestram,
2512 3463 2650 3519 sicut
2691 3464 3000 3520 meminisse
3053 3463 3364 3536 dignamini.

1782 3551 1941 3607 Multa
1970 3552 2079 3608 dixi
2105 3567 2224 3623 qum
2248 3553 2475 3610 audistis
2498 3597 2514 3622 ,
2542 3563 2597 3611 et
2618 3571 2736 3626 qua:
2775 3556 2892 3612 sine
2924 3555 3086 3612 dubio
3113 3567 3366 3627 quantum

1786 3647 2007 3715 potestis
2033 3647 2192 3701 etiam
2218 3648 2539 3704 meministis
2567 3667 2582 3704 :
2625 3648 2791 3704 multa
2816 3649 2883 3706 de
2911 3665 3041 3720 pace
3063 3691 3079 3718 ,
3107 3650 3268 3706 multa
3298 3651 3365 3710 de

1782 3738 2041 3793 cha‘ritate
2063 3783 2076 3800 .
2103 3742 2266 3794 multa
2289 3740 2357 3796 de
2372 3751 2572 3797 sancta:
2595 3741 2852 3798 Ecclesiae
2872 3743 3147 3799 catholica:
3168 3787 3183 3813 ,
3205 3760 3365 3817 quam

1783 3828 1928 3885 Deus
1957 3831 2204 3901 promisit
2232 3841 2287 3886 et
2315 3831 2601 3902 praestitit,
2633 3834 2854 3889 unitate.
2883 3833 2939 3890 ln
2969 3851 3074 3905 quo
3097 3850 3218 3892 meo
3247 3853 3365 3894 ser-

1782 3939 1942 3981 mone
1966 3934 2019 3980 et
2039 3940 2134 3980 vos
2159 3925 2472 3997 alloquebar
2489 3936 2543 3982 et
2567 3927 2712 3983 illum
2737 3927 3096 3996 exhortabar;
3123 3937 3176 3984 et
3200 3945 3366 4000 quan-

1786 4027 1895 4072 tum
1923 4019 1975 4072 in
1999 4034 2085 4074 me
2110 4027 2356 4089 poterant
2375 4020 2580 4075 viscera
2605 4019 2880 4076 charitatis
2902 4063 2918 4088 ,
2946 4037 3132 4078 omnes
3156 4022 3210 4077 in
3235 4024 3368 4093 peri-

1784 4112 1904 4166 culo
1953 4112 2145 4166 animat
2193 4127 2304 4166 suae
2345 4112 2663 4167 constitutos
2711 4113 2764 4166 in
2814 4113 2905 4167 illo
2950 4128 3071 4168 meo
3119 4129 3366 4170 sermone

1783 4203 2142 4273 parturiebam
2169 4244 2184 4268 ,
2214 4211 2270 4258 et
2293 4217 2482 4272 parere
2512 4203 2736 4258 Domino
2759 4203 3061 4272 cupiebam.
3086 4202 3198 4260 Hoc
3221 4207 3364 4261 enim

1784 4301 1838 4347 et
1866 4293 2053 4348 beatus
2082 4292 2276 4347 Paulus
2304 4293 2580 4362 apostolus
2609 4292 2742 4348 dixit
2764 4293 3079 4363 quibusdam
3127 4313 3141 4348 :
3189 4293 3366 4350 Filioli

1783 4386 1881 4439 mei
1905 4427 1918 4449 ,
1948 4401 2074 4456 quos
2101 4385 2283 4439 iterum
2313 4385 2540 4456 periurio
2565 4428 2581 4454 ,
2610 4386 2767 4440 donec
2791 4385 3017 4441 Christus
3044 4391 3286 4460 {ametur
3312 4390 3364 4444 in

1783 4479 1920 4534 vobis
1952 4480 1970 4551 (
1995 4478 2164 4534 Galat.
2195 4494 2268 4543 tv,
2300 4479 2366 4536 l9
2396 4479 2437 4551 ).
2481 4478 2588 4535 Sed
2613 4482 2770 4534 etiam
2799 4489 2917 4550 post
2944 4496 3244 4537 sermonem
3269 4496 3367 4537 no-

1786 4580 1953 4626 strum
1983 4587 2102 4626 cum
2131 4570 2304 4625 adhuc
2332 4571 2383 4625 in
2418 4571 2503 4625 illa
2545 4585 2640 4626 sua
2686 4570 2997 4642 perduraret
3033 4573 3322 4642 pertinacia
3345 4611 3361 4638 ,

1785 4679 1884 4719 nec
1909 4665 1988 4719 sic
2027 4663 2418 4733 desperandum
2463 4665 2805 4733 putavimus:
2847 4664 2940 4720 sed
2988 4678 3086 4719 nee
3129 4663 3198 4720 de
3235 4680 3362 4735 quo-

1785 4771 1942 4827 quam
1970 4799 1984 4822 ,
2011 4755 2263 4825 quamdiu
2285 4756 2416 4810 vivit
2445 4756 2497 4810 in
2525 4755 2626 4812 hoc
2650 4771 2873 4826 corpore
2896 4798 2910 4820 ,
2941 4755 3156 4810 homine
3179 4755 3343 4826 despe

1788 4850 2011 4905 randum
2037 4859 2300 4920 putamus.
2329 4849 2512 4921 Neque
2537 4851 2680 4906 enim
2702 4851 2778 4904 sic
2803 4849 2910 4904 dixi
2942 4892 2956 4914 ,
2987 4849 3370 4906 nudiustertius

1789 4957 1873 4996 me
1899 4957 2002 4995 non
2029 4941 2344 5010 desperasse
2375 4985 2390 5008 ,
2419 4951 2476 4997 ut
2502 4940 2659 4996 hodie
2685 4941 2906 4996 audeam
2933 4941 3239 5011 desperare.

1857 5033 1910 5086 2.
1951 5032 2056 5089 Sed
2083 5031 2149 5087 ad
2180 5033 2320 5088 hunc
2357 5033 2636 5088 articulum
2681 5047 2838 5087 causa
2881 5032 3133 5103 perducta
3161 5044 3282 5102 est,
3312 5046 3371 5091 ut

1789 5126 2039 5195 quoniam
2071 5125 2254 5189 venit,
2285 5134 2338 5179 et
2364 5134 2618 5195 quantum
2650 5125 2994 5193 cognovimus
3017 5166 3032 5192 ,
3064 5135 3253 5196 sponte
3283 5142 3371 5182 ve-

1791 5216 1867 5270 nit
1891 5257 1904 5279 ,
1933 5229 2036 5270 non
2060 5215 2128 5269 sit
2156 5215 2279 5270 huic
2300 5215 2555 5270 Ecclesia:
2577 5214 2935 5270 infructuosus
2955 5216 3071 5287 ejus
3087 5217 3366 5274 adventus.
3417 5291 3423 5295 .

1790 5311 1895 5364 Aut
1923 5309 2064 5365 enim
2093 5350 2105 5372 ,
2136 5308 2277 5378 quod
2305 5309 2472 5377 magis
2497 5316 2742 5378 optamus
2780 5316 2834 5363 et
2875 5309 3120 5380 cupimus
3145 5351 3161 5377 ,
3211 5310 3369 5366 etiam

1789 5401 1855 5456 de
1882 5401 2022 5455 illius
2047 5401 2218 5455 salute
2247 5400 2518 5455 vobiscum
2552 5400 2602 5454 in
2649 5399 2909 5455 catholica
2949 5415 3081 5472 pace
3117 5398 3369 5470 gaudebi-

1790 5510 1909 5549 mus
1937 5512 1948 5548 :
1981 5503 2072 5548 aut
2097 5493 2141 5548 si
2173 5534 2187 5559 ,
2218 5494 2360 5564 quod
2386 5493 2755 5548 abominamur
2785 5501 2838 5549 et
2863 5494 3188 5549 detestamur
3211 5533 3228 5558 ,
3259 5492 3372 5562 ipse

1793 5590 1844 5644 in
1878 5588 1958 5642 illa
1989 5588 2276 5660 pertinacia
2311 5585 2674 5657 perduraverit
2697 5630 2711 5653 ,
2744 5586 2947 5642 debetis
2974 5599 3068 5640 vos
3096 5583 3210 5654 ejus
3237 5599 3372 5654 pra:-

1791 5685 1959 5736 sentia
1992 5681 2181 5735 melius
2205 5695 2360 5734 nosse
2387 5679 2511 5750 quid
2541 5679 2746 5734 intersit
2774 5679 2912 5732 inter
2935 5675 3250 5732 catholicam
3279 5692 3372 5746 pa-

1792 5787 1907 5827 cem
1938 5783 1990 5826 el
2037 5773 2340 5829 haereticaui
2383 5772 2788 5828 dissensionem.
2819 5769 2990 5826 Partis
3015 5769 3154 5824 enim
3185 5769 3372 5827 Donati
