3804 6148
470 372 752 444 episcopus
775 381 894 439 est,
922 371 1016 429 sed
1036 370 1334 449 Donatistis
1355 372 1371 405 ¹
1395 370 1553 442 hujus
1579 372 1810 428 civitatis
1839 371 2050 427 ordina-

471 475 576 522 tus.
603 466 748 535 Quos
774 464 1076 525 Donatistas
1111 464 1165 521 in
1210 463 1426 521 nomine
1464 461 1664 521 Christi
1706 463 1763 520 in
1789 462 2054 536 gremium

470 558 782 615 catholicum
806 557 916 626 jam
957 571 1146 629 magna
1185 572 1252 613 ex
1299 568 1447 631 parte
1491 558 1824 627 suscepimus
1851 599 1868 625 ,
1901 558 1972 614 ita
1998 567 2057 619 ut

470 665 608 727 pene
635 663 821 704 omnes
845 647 1208 704 communioni
1232 648 1507 705 catholicae
1528 650 1758 705 sociatos
1782 663 1901 706 esse
1926 664 2056 722 gau-

470 740 711 799 deamus.
741 740 849 798 Sed
874 742 1127 814 quoniam
1150 751 1205 799 et
1235 742 1324 813 qui
1345 742 1455 812 jam
1484 744 2012 800 communicaverunt
2037 786 2053 814 ,

472 850 576 891 non
603 834 815 907 quidem
844 834 1082 891 universi
1105 876 1121 900 ,
1149 834 1245 890 sed
1273 835 1489 906 quidam
1531 835 1779 893 videntur
1805 836 1871 893 de
1898 837 2010 908 ipsa
2036 879 2053 905 ,

470 938 529 985 ut
554 928 712 1000 paulo
740 937 862 986 ante
889 929 995 986 dixi
1024 970 1039 995 ,
1066 928 1328 987 catholica
1355 931 1581 987 veritate
1618 930 1862 988 dubitare
1886 946 1901 997 ;
1938 931 2056 1003 qui-

471 1022 594 1079 dam
623 1038 750 1078 vero
778 1037 885 1079 non
915 1023 1103 1081 saltem
1130 1022 1373 1079 dubitant
1400 1066 1415 1090 ,
1446 1023 1542 1079 sed
1567 1023 1741 1081 adhuc
1766 1023 1933 1082 corde
1965 1041 2057 1096 po-

469 1112 557 1167 siti
589 1113 639 1167 in
668 1123 821 1183 parte
854 1113 1041 1168 Donati
1066 1155 1081 1179 ,
1112 1116 1449 1184 praesentiam
1478 1115 1630 1170 nobis
1657 1116 1909 1173 exhibent
1932 1132 2056 1175 cor-

472 1208 750 1278 poralem,
809 1207 924 1263 sive
978 1208 1115 1275 viri,
1172 1209 1284 1264 sive
1337 1208 1589 1277 feminas,
1643 1224 1803 1265 carne
1874 1210 2052 1278 intus,

469 1299 659 1368 spiritu
691 1294 820 1355 loris
849 1316 863 1354 :
909 1298 1107 1354 bonum
1133 1313 1253 1354 esse
1279 1299 1606 1357 aestimamus
1637 1300 1944 1373 episcopum
1978 1302 2057 1373 ip-

472 1403 653 1444 sorum
684 1391 1010 1462 interrogare
1030 1431 1046 1458 ,
1078 1400 1134 1445 ut
1159 1391 1202 1445 si
1234 1390 1394 1446 habet
1424 1390 1621 1462 aliquid
1647 1393 1788 1463 quod
1820 1409 1915 1463 pro
1943 1394 2052 1464 ipsa

471 1489 622 1552 parte
662 1481 835 1538 adhuc
871 1482 1049 1549 dicat,
1096 1491 1213 1553 post
1259 1481 1448 1538 factam
1494 1483 1633 1553 apud
1684 1483 2055 1557 Carthaginem

471 1574 719 1629 omnibus
748 1585 924 1629 notam
952 1575 1333 1641 Collationem;
1381 1575 1425 1631 si
1470 1576 1632 1633 habet
1674 1578 1869 1649 aliquid
1913 1580 2055 1649 quod

470 1665 643 1722 adhuc
686 1667 863 1737 dicat,
910 1668 1049 1724 dicat
1094 1668 1210 1725 sine
1258 1668 1564 1739 pratjudicio
1609 1670 1776 1739 partis
1825 1671 2048 1738 Donati,

468 1758 611 1829 quod
664 1768 843 1815 tamen
886 1758 1143 1832 prodesse
1185 1760 1454 1815 existimet
1497 1760 1686 1829 vobis,
1734 1762 1787 1815 in
1830 1778 2053 1833 quorum

467 1851 681 1907 civitate
710 1868 806 1923 pro
836 1863 1007 1908 vestra
1031 1854 1081 1907 in
1106 1853 1318 1909 Christo
1344 1854 1513 1909 salute
1539 1869 1597 1909 se
1618 1854 1885 1909 existimat
1910 1857 2056 1911 ordi-

467 1952 650 1998 natum
681 1961 694 1998 :
726 1953 780 1999 et
809 1960 904 1999 nos
926 1944 1368 2015 respondebimus
1389 1946 1506 2000 sine
1529 1945 1839 2016 prmludlclo
1858 1946 2054 2005 Catho-

471 2037 587 2094 licae
611 2056 625 2106 ;
654 2038 903 2109 quoniam
930 2040 1088 2099 modo
1113 2040 1293 2096 nullus
1316 2049 1495 2112 partes
1521 2038 1852 2097 defensionis
1877 2042 2051 2115 impo-

467 2133 616 2188 suit:
671 2133 813 2203 qood
856 2142 1029 2188 tamen
1055 2170 1072 2199 ,
1120 2133 1259 2187 sicut
1299 2131 1627 2188 aestimamus
1670 2141 1725 2188 et
1767 2134 2049 2201 volumus,

467 2222 726 2295 prodesse
753 2224 904 2279 vobis
929 2224 1094 2294 possit
1116 2224 1463 2293 priescntibns
1485 2234 1665 2278 contra
1694 2234 2009 2297 praesentem
2034 2244 2048 2283 :

468 2325 527 2369 ut
557 2315 599 2369 si
630 2315 879 2369 seductus
907 2325 990 2369 est
1013 2356 1027 2376 ,
1061 2330 1164 2370 non
1192 2315 1413 2370 seducat
1439 2332 1453 2381 ;
1486 2316 1528 2369 si
1560 2326 1736 2371 autem
1764 2332 1860 2372 nos
1886 2318 2048 2374 sedu-

470 2406 757 2472 cebamus,
812 2406 926 2479 ipso
973 2415 1238 2474 praesente
1282 2406 1373 2476 qni
1426 2405 1559 2462 foris
1603 2408 1826 2464 fortasse
1883 2411 2051 2467 multa

464 2496 672 2567 jactitat
690 2537 705 2563 ,
730 2508 1018 2566 arguantur
1033 2536 1049 2562 ,
1071 2496 1370 2553 relellamur
1391 2513 1407 2564 ;
1431 2498 1809 2553 convincuntur
1827 2542 1841 2564 ,
1862 2497 2053 2556 docea-

470 2604 607 2644 mur.
639 2588 751 2644 Hoc
777 2597 1054 2659 propterea
1084 2587 1198 2643 dixi
1225 2632 1237 2650 ,
1267 2603 1335 2643 ne
1380 2588 1501 2643 ideo
1541 2588 1683 2660 loqui
1725 2589 1895 2654 nolit,
1927 2592 2051 2661 quia

467 2689 643 2752 potest
678 2681 895 2749 dicere,
941 2680 1128 2737 Nullas
1170 2678 1299 2737 mihi
1338 2680 1497 2737 modo
1539 2696 1662 2751 pars
1708 2696 1825 2738 mea
1873 2694 2053 2753 partes

468 2777 790 2834 delensionis
819 2777 1089 2848 imposuit.
1123 2776 1236 2831 Non
1268 2777 1408 2832 enim
1437 2785 1557 2847 post
1595 2778 1761 2847 ipsam
1803 2778 2052 2835 Collatin-

465 2886 587 2927 nem
613 2887 720 2926 non
750 2871 1065 2939 loquebatur
1091 2911 1105 2934 ,
1134 2878 1225 2924 aut
1255 2879 1376 2940 post
1400 2870 1543 2924 illam
1568 2868 1919 2927 Collationom
1944 2886 2050 2927 non

465 2962 533 3019 ad
564 2964 716 3018 istam
741 2963 1011 3018 civitatem
1037 2962 1225 3026 venit,
1272 2971 1363 3016 ant
1406 2960 1475 3016 de
1517 2961 1614 3016 ista
1658 2963 1925 3032 provincia
1953 2963 2051 3019 ali-

469 3054 683 3126 quando
728 3052 1013 3120 discessit,
1059 3060 1151 3107 ant
1193 3053 1464 3108 credimus
1499 3067 1621 3107 eum
1668 3056 1887 3109 omnino
1930 3062 2053 3126 post

472 3145 615 3200 illam
642 3143 989 3200 (inﬂationem
1017 3142 1146 3198 nulli
1175 3142 1376 3199 homini
1400 3143 1619 3199 verbum
1647 3159 1742 3214 pro
1769 3154 1918 3216 parte
1949 3148 2052 3203 Do-

468 3236 577 3292 nati
628 3234 837 3291 fecisse.
884 3233 1015 3290 Novi
1049 3249 1171 3305 qua:
1217 3234 1369 3290 vobis
1411 3233 1725 3292 dicebantur
1755 3255 1767 3290 :
1798 3252 1892 3293 vos
1916 3238 2050 3295 allo-

467 3344 604 3400 quor
625 3370 642 3396 ,
669 3328 758 3399 qui
786 3342 850 3383 ex
882 3327 994 3397 ipsa
1023 3334 1175 3397 parte
1199 3327 1422 3385 venistis
1444 3343 1461 3392 ;
1483 3327 1606 3382 novi
1634 3328 1759 3398 quid
1774 3327 2049 3388 dicebatur

462 3419 614 3477 vobis
636 3460 653 3485 ,
682 3435 775 3475 nos
801 3418 1085 3491 Cognitoris
1118 3418 1300 3474 emisse
1334 3419 1651 3475 sententiam.
1684 3417 1822 3475 Novi
1859 3420 2049 3477 dictum

460 3528 568 3568 esse
605 3511 781 3576 vobis,
822 3511 957 3583 quod
996 3511 1084 3566 ille
1128 3511 1281 3581 fuerit
1324 3511 1690 3571 communionis
1736 3522 1957 3582 nostra,
2000 3523 2050 3573 et

461 3614 725 3678 propterea
749 3605 871 3659 istos
897 3602 1036 3675 loqui
1057 3605 1226 3660 omnia
1252 3619 1365 3674 qua:
1388 3604 1567 3659 uellent
1589 3643 1606 3671 ,
1634 3603 1840 3661 minime
1864 3608 2048 3676 permi-

460 3701 567 3765 sit;
589 3710 638 3756 et
678 3715 763 3755 eos
810 3708 1051 3771 potestate
1081 3699 1248 3771 potius
1294 3699 1538 3770 oppressit
1573 3715 1727 3771 quam
1766 3700 1970 3755 ueritate
1988 3702 2047 3769 ²;

461 3794 594 3866 quod
615 3794 945 3862 loquebantur
967 3808 1068 3846 non
1093 3792 1305 3862 accepit.
1338 3790 1440 3847 Ista
1478 3793 1657 3847 omnia
1690 3792 1886 3864 iactata
1925 3803 2048 3850 sunt

466 3892 586 3955 post
612 3882 966 3938 Collationem
992 3921 1009 3948 ,
1038 3882 1152 3937 sive
1179 3882 1246 3937 ab
1274 3883 1390 3954 ipso
1412 3920 1428 3947 ,
1472 3884 1586 3939 sive
1627 3884 1695 3939 ab
1744 3884 2046 3942 hominibus

461 3975 849 4033 communionis
874 3974 1034 4030 illius.
1061 3974 1195 4045 Quid
1224 3976 1444 4033 interest
1465 3992 1497 4033 a
1526 3991 1632 4047 quo
1652 3992 1748 4034 vos
1770 3983 2047 4048 perturbe-

461 4069 631 4135 mini,
661 4082 796 4140 quos
823 4067 1069 4124 volumus
1097 4068 1151 4123 in
1176 4067 1439 4124 catholica
1469 4083 1600 4139 pace
1634 4084 1755 4126 esse
1784 4074 2042 4144 tranquil-

462 4162 587 4219 los?
613 4162 670 4220 Si
694 4160 891 4219 absens
917 4170 1098 4230 esset,
1129 4160 1362 4218 dicerem
1390 4162 1458 4219 de
1486 4162 1578 4219 illo
1605 4163 1793 4221 vobis:
1826 4164 1926 4233 Qui
1950 4184 2046 4223 aut

461 4264 560 4310 teris
583 4254 842 4309 conturbat
860 4269 964 4319 vos,
980 4254 1199 4321 portabit
1244 4253 1510 4325 iudicium,
1543 4255 1842 4330 quicumque
1869 4268 1942 4314 est
1958 4259 2045 4315 ille

459 4346 828 4419 (Gelot.v,10).
850 4346 973 4401 Haic
986 4345 1128 4401 enim
1143 4362 1262 4415 quze
1279 4346 1411 4414 dixi,
1430 4347 1569 4403 beati
1583 4346 1732 4404 Pauli
1745 4350 1903 4407 verba
1923 4361 2045 4409 sunt

458 4440 715 4496 adversus
740 4440 990 4494 absentes
1012 4478 1025 4501 ,
1058 4454 1087 4492 a
1124 4438 1316 4509 quibus
1355 4439 1624 4509 simplices
1669 4442 2039 4499 turbabantur.

457 4532 608 4589 Nunc
626 4540 801 4588 autem
829 4545 1065 4602 prasens
1083 4538 1167 4588 est
1193 4549 1207 4586 :
1237 4530 1396 4588 modo
1417 4532 1571 4589 nobis
1591 4533 1841 4605 dignetur
1859 4535 2043 4594 dicere

457 4639 623 4696 quare
650 4622 943 4679 advenerit.

528 4717 581 4772 3.
623 4714 812 4771 Frater
842 4714 1076 4771 Emerita
1096 4754 1112 4781 ,
1145 4728 1385 4785 praesens
1410 4728 1471 4771 es
1504 4732 1518 4769 :
1553 4714 1937 4776 Collationihus
1961 4721 2042 4777 in-

457 4805 686 4863 terfuisti
713 4805 776 4873 ’ς
807 4806 852 4862 si
881 4805 1051 4862 victus
1074 4820 1136 4861 es
1159 4846 1174 4874 ,
1203 4820 1368 4876 quare
1393 4805 1631 4862 venisti?
1668 4807 1725 4864 Si
1763 4819 1940 4867 autem
1987 4820 2041 4870 te

454 4899 652 4955 victum
681 4915 802 4956 esse
830 4914 935 4954 non
966 4906 1121 4968 putas
1144 4938 1159 4962 ,
1188 4897 1408 4969 loquere
1434 4898 1576 4955 unde
1604 4900 1700 4957 tibi
1724 4902 1893 4959 victor
1918 4921 2039 4963 esse

456 4989 731 5046 videaris?
761 4989 912 5046 Tunc
938 4990 1080 5045 enim
1112 4988 1284 5045 victus
1307 5000 1365 5044 es
1390 5030 1406 5054 ,
1437 4989 1483 5044 si
1510 4992 1732 5049 veritate
1757 4993 1926 5050 victus
1954 5013 2034 5053 es.

453 5082 509 5142 Si
533 5092 708 5139 autem
735 5082 930 5139 videris
958 5083 1130 5140 victus
1160 5091 1422 5152 potestate
1445 5124 1460 5149 ,
1491 5092 1545 5141 et
1574 5083 1745 5141 vicisti
1773 5088 2033 5157 veritate;

452 5194 561 5237 non
606 5188 689 5236 est
729 5178 811 5233 h't-
863 5188 1137 5251 potestas,
1176 5194 1280 5251 qua
1317 5178 1488 5236 victos
1530 5179 1772 5235 videris:
1819 5181 2036 5239 audiant

515 5316 532 5349 ¹
569 5321 677 5365 Lov.
701 5311 809 5390 sed
830 5326 861 5363 a
885 5311 1176 5376 Donatistis;
1197 5311 1741 5425 additirgrieposttione,
1764 5326 1812 5376 a,
1837 5328 1949 5380 quae
1986 5317 2036 5369 in

515 5379 601 5425 ima
633 5349 849 5425 editione
874 5385 972 5425 am.
991 5412 1006 5425 .
1029 5389 1126 5425 non
1162 5384 1286 5425 erat.
1419 5376 1618 5425 ltramur
1661 5376 1946 5425 leuandum.
1988 5386 2036 5425 et

447 5349 860 5451 μίωῐῖὲζῖίᾶῖὶἷιὲ
874 5349 1141 5439 ἴιιῖἶῗῶῗ
1156 5349 1949 5441 Ἵέᾇὲωἶὶὶῖ
1986 5349 2036 5431 ἓὶ

512 5506 535 5536 ³
568 5496 871 5576 spatium”
891 5499 1344 5576 ‘qttamyrobitate.
1386 5505 1524 5552 Forte
1539 5498 1843 5576 “legendum
1859 5539 1888 5576 ,⁸
1921 5503 2034 5567 quia

964 5514 1061 5552 tam
1092 5514 1341 5565 promote.
1387 5514 1524 5552 vorte
1576 5514 1843 5566 tegendum
1859 5539 1875 5564 ,
1921 5514 2033 5567 quia

926 5514 1352 5629 aquabwtturnon
1385 5564 1601 5629 accepit;
1637 5562 1738 5627 vel,
1760 5565 1888 5629 quod
1922 5580 2033 5632 qua,-

507 5570 1352 5701 zmquodwquebmuurm
1385 5570 1601 5629 accepit;
1637 5570 1835 5629 vel,qtu

567 5690 740 5738 Eadem
763 5686 1055 5751 editicium,
1081 5682 1418 5751 collationibus
1434 5701 1543 5751 cum
1576 5688 1851 5751 interfuisti.
1890 5698 2029 5743 Forte

448 5749 730 5816 legendum,
758 5748 1007 5801 Collatiani
1028 5747 1269 5801 nobiscum
1294 5749 1566 5813 interfuisti.

1402 258 1493 316 DE
1531 257 1773 317 GESTIS
1807 257 1947 317 CUM
1989 258 2309 326 EMERITO,
2351 260 2409 317 S.
2452 262 2821 323 AUGUSTINI

3662 283 3765 335 ’ῖϋέ

2166 372 2312 429 cives
2343 374 2417 430 toi
2444 374 2542 450 (α),
2570 376 2711 433 unde
2738 388 2788 437 te
2819 380 3070 441 victorem
3103 388 3380 455 praesumis
3406 405 3561 450 esse.
3608 397 3689 452 At
3724 417 3763 453 si

2162 470 2302 525 nosti
2340 469 2601 535 adversus
2642 483 2696 533 te
2734 475 3006 535 victricem
3041 477 3207 543 fuisse
3250 484 3539 547 veritatem
3565 530 3586 559 ,
3636 495 3763 563 qua

2161 560 2335 654 adhuc
2363 564 2571 634 respuis
2608 565 2910 627 unitatem?
2950 569 3221 633 Emeritos
3262 560 3759 654 episcopus

2162 653 2353 713 Donati
2379 656 2514 713 dixit
2537 677 2550 712 :
2573 657 2732 719 Gesta
2757 661 2993 725 indicant
3014 706 3032 731 ,
3053 667 3097 723 si
3119 668 3289 728 victus
3307 686 3424 733 sum
3449 717 3465 739 ,
3490 653 3756 736 autivici:

2161 747 2207 809 si
2236 750 2458 805 veritate
2484 749 2655 815 victus
2680 768 2797 811 sum
2824 794 2840 822 ,
2872 766 2963 812 aut
2993 766 3253 828 patestate
3289 779 3597 839 oppressus
3622 786 3754 827 sua.

2162 841 2491 913 Augustinus
2542 846 2826 917 episcopus
2884 847 3138 908 Ecclesize
3202 857 3482 915 catholica
3563 861 3755 919 dixit:

2160 932 2336 1000 Quare
2362 951 2490 1007 ergo
2516 938 2748 995 venisti?
2771 939 3037 1001 Emeritos
3064 946 3346 1018 episcopus
3371 953 3555 1024 partis
3578 954 3760 1013 Donati

2160 1024 2335 1083 dixit:
2368 1026 2440 1084 Ut
2469 1028 2569 1089 hoc
2611 1029 2887 1103 dicerem,
2930 1036 3073 1107 quod
3120 1041 3368 1113 requiris.
3422 1046 3759 1118 Augustinus

2160 1118 2440 1193 episcopus
2482 1121 2737 1181 Ecclesia:
2778 1127 3054 1185 catholica
3089 1131 3266 1191 dixit:
3304 1135 3560 1208 nequis-0
3602 1157 3759 1212 Quare

2160 1214 2370 1269 veneris
2395 1231 2409 1278 ;
2442 1216 2544 1271 hoc
2570 1233 2678 1273 non
2703 1235 2997 1290 quaererem
3021 1265 3038 1291 ,
3070 1225 3115 1280 si
3159 1242 3263 1282 non
3302 1232 3579 1287 venisses.
3610 1235 3759 1291 Eme-

2159 1303 2294 1361 ritos
2323 1303 2605 1378 episcopus
2631 1312 2795 1382 partis
2825 1312 3013 1369 Donati
3055 1314 3191 1375 dixit
3226 1322 3440 1378 notario
3478 1325 3587 1399 qui
3627 1330 3757 1385 exci-

2161 1394 2337 1464 piebat
2366 1415 2380 1452 :
2414 1396 2537 1453 Fac.

2229 1488 2283 1543 4.
2324 1489 2562 1562 Cumque
2591 1494 2879 1566 reticeret,
2904 1499 3229 1572 Augustinus
3247 1505 3548 1579 episcopus
3577 1508 3753 1569 Eccle-

2159 1580 2252 1637 site
2281 1584 2559 1641 catholica:
2589 1588 2764 1645 dixit:
2814 1592 2869 1649 Si
2913 1609 3041 1665 ergo
3081 1598 3180 1652 sub
3226 1601 3458 1659 veritate
3504 1609 3751 1673 tacuisti,

2159 1687 2264 1726 non
2293 1674 2408 1729 sine
2442 1691 2600 1733 causa
2630 1681 2860 1749 venisti,
2894 1685 2996 1741 nisi
3024 1688 3145 1759 quia
3183 1691 3313 1749 istos
3352 1695 3628 1765 decipere
3673 1716 3754 1755 vo-

2158 1758 2321 1819 luisti.
2365 1768 2605 1843 Cumque
2646 1771 2736 1829 diu
2776 1758 3061 1845 reticeret,
3103 1778 3434 1854 Augustinus
3470 1758 3756 1864 om

2159 1855 2413 1913 Ecclesia:
2434 1862 2713 1933 catholicae
2734 1865 2867 1921 dixit
2891 1886 2903 1921 ε
2930 1869 3132 1927 Videtis
3156 1915 3170 1939 ,
3194 1873 3391 1934 fratres
3416 1919 3433 1944 ,
3457 1855 3555 1935 diu
3584 1855 3754 1939 ηοὲυ-

2156 1955 2307 2015 tem;
2355 1964 2549 2006 moneo
2584 1962 2643 2009 ut
2688 1959 2885 2028 optetis
2930 1964 3372 2035 resipiscentem,
3422 1972 3665 2029 obsecro
3696 1990 3754 2031 ne

2154 2042 2454 2136 sequamini
2497 2056 2829 2115 pereuntem.
2876 2050 3254 2113 Verumtamen
3301 2062 3568 2129 quoniam
3614 2075 3751 2136 gesta

2154 2126 2467 2191 Collationis
2487 2146 2683 2193 ηοειντυ
2702 2147 3170 2216 commemoravit,
3196 2150 3282 2204 ubi
3303 2126 3580 2222 apparere
3604 2126 3753 2227 pm

2155 2222 2330 2295 dixit,
2359 2236 2533 2285 utrum
2564 2232 2784 2289 veritate
2811 2235 2881 2289 sit
2905 2235 3077 2294 victus
3098 2280 3112 2303 ,
3137 2256 3205 2295 an
3229 2253 3500 2312 potestate
3527 2222 3751 2319 oppres-

2156 2328 2247 2370 sus
2275 2334 2287 2369 :
2322 2319 2483 2373 multa
2510 2330 2637 2376 sunt
2661 2323 2875 2393 quidem
2899 2368 2915 2393 ,
2940 2326 3027 2382 ubi
3057 2333 3340 2400 soperlluis
3363 2345 3421 2390 et
3446 2344 3751 2396 moratoriis

2157 2412 2620 2476 prosecutionibus
2639 2424 2787 2485 gesta
2810 2420 3149 2477 cumularunt
3171 2456 3187 2490 ,
3213 2425 3345 2485 nihil
3370 2427 3520 2485 aliud
3550 2435 3748 2502 magnis

2157 2499 2357 2556 viribus
2385 2513 2604 2576 agentes
2628 2546 2643 2572 ,
2673 2507 2775 2562 nisi
2804 2517 2857 2564 ot
2888 2510 3019 2571 nihil
3049 2526 3338 2585 ageretur:
3377 2520 3477 2583 sed
3524 2499 3747 2580 Domino

2158 2593 2478 2661 praesidente
2507 2637 2519 2660 ,
2548 2606 2601 2652 et
2626 2614 2841 2655 causam
2870 2618 3017 2658 suam
3040 2617 3230 2677 agente
3252 2653 3268 2676 ,
3289 2620 3512 2668 ventum
3539 2625 3629 2671 est
3648 2634 3746 2687 «tuo

2157 2684 2463 2740 noluerunt.
2493 2687 2639 2744 Dicta
2668 2705 2826 2747 causa
2856 2700 3015 2764 atque
3040 2696 3255 2756 deﬁnita
3283 2711 3382 2756 est.
3415 2702 3526 2760 Sed
3557 2710 3605 2761 si
3634 2684 3744 2762 oin-

2156 2773 2241 2827 nia
2270 2784 2416 2847 gesta
2445 2778 2595 2843 vobis
2623 2781 2800 2851 legere
2828 2785 3052 2841 velimus
3080 2806 3095 2843 :
3134 2805 3438 2863 quanquam
3466 2800 3743 2865 prmad-

2156 2866 2254 2923 bus
2285 2869 2432 2927 vobis
2460 2868 2673 2930 fratrem
2701 2885 2755 2931 et
2790 2880 3165 2952 coepiscopum
3207 2901 3387 2941 meum
3435 2889 3741 2948 Deuterium

2155 2959 2430 3052 obstringo
2459 3005 2474 3030 ,
2501 2975 2559 3019 ut
2583 2954 3031 3035 quemadmodum
3063 2973 3122 3028 ﬁt
3150 2977 3288 3046 apud
3318 2978 3703 3052 Carthaginem
3724 3028 3737 3047 ,

2156 3051 2295 3121 apud
2324 3050 2641 3125 Tliagastem
2666 3099 2680 3123 ,
2710 3058 2851 3128 apud
2879 3058 3278 3120 Constantinam
3304 3108 3318 3131 ,
3352 3071 3495 3141 apud
3532 3050 3737 3144 Vllippo-

2154 3157 2279 3200 nem
2304 3182 2321 3211 ,
2366 3145 2506 3215 apud
2550 3162 2742 3207 omnes
2781 3151 3060 3223 diligentes
3105 3157 3411 3227 Ecclesiss,
3463 3164 3547 3220 sie
3583 3168 3736 3221 etiam

2153 3237 2407 3310 deinceps
2433 3240 2611 3300 facere
2635 3258 2741 3301 non
2767 3246 3066 3318 pigrescat;
3100 3260 3158 3307 ut
3182 3255 3340 3311 anuis
3364 3260 3620 3317 omnibus
3648 3277 3738 3331 per

2147 3329 2472 3400 jejuniorum
2500 3334 2614 3393 dies
2639 3378 2654 3402 ,
2682 3337 2734 3394 ld
2760 3348 2843 3394 est
2863 3379 2880 3405 ,
2910 3340 3327 3415 Quadragesima
3348 3359 3479 3407 ante
3503 3329 3733 3421 Passus,

2153 3424 2368 3492 quando
2392 3426 2543 3482 vobis
2566 3431 2796 3488 maxime
2814 3432 3180 3504 jejunantibus
3201 3441 3319 3509 plus
3342 3454 3497 3500 vacat
3515 3446 3700 3504 audire
3716 3488 3731 3515 ,

2152 3514 2337 3576 eadem
2367 3528 2513 3588 gesta
2541 3519 2852 3581 Collationls
2875 3542 2970 3597 per
2989 3543 3159 3586 annos
3183 3532 3426 3603 singulos
3450 3577 3465 3597 .
3492 3514 3731 3596 universa

2149 3623 2183 3663 a
2212 3610 2384 3679 capite
2414 3612 2464 3669 in
2496 3610 2658 3670 linem
2686 3631 2753 3672 cx
2779 3618 2965 3674 ordine
2993 3622 3322 3681 recitentur:
3361 3634 3541 3685 tamen
3569 3645 3629 3687 ut
3650 3632 3729 3687 di-

2151 3715 2275 3757 cere
2302 3716 2569 3773 ceperam
2594 3748 2610 3773 ,
2640 3709 2762 3779 quia
2803 3725 2909 3766 non
2946 3714 3123 3769 omnia
3165 3717 3314 3774 vobis
3357 3721 3520 3777 modo
3563 3723 3729 3795 legere

2151 3809 2438 3865 possumus
2462 3840 2478 3865 ,
2505 3798 2795 3872 dlgnamini
2827 3804 2974 3874 prius
2998 3807 3185 3865 audire
3222 3819 3350 3866 ante
3386 3813 3726 3873 Collatiam

2149 3904 2285 3960 quas
2310 3892 2512 3949 litteras
2539 3893 2847 3953 dederimus
2872 3899 2939 3953 ad
2970 3900 3309 3972 Cognitorcm
3334 3945 3351 3971 ,
3376 3906 3468 3962 ubi
3494 3912 3727 3979 promisi.

2150 3996 2271 4037 mus
2294 4020 2310 4050 ,
2343 3985 2423 4040 vel
2452 3988 2901 4055 quemadmodum
2935 3994 3134 4063 suscipi
3181 3996 3437 4053 vellemus
3460 4039 3477 4063 ,
3520 4001 3568 4055 si
3613 4003 3724 4057 victi

2149 4071 2436 4133 fuissemus
2461 4118 2478 4144 ,
2512 4079 2594 4134 vel
2624 4081 3074 4149 quemadmodum
3103 4100 3197 4143 eos
3220 4090 3617 4159 susciperemos
3636 4133 3654 4157 ,
3682 4094 3723 4148 si

2150 4167 2485 4227 vincet-emus
2505 4210 2520 4238 ,
2551 4180 2612 4228 ut
2636 4173 2906 4232 videretur
2932 4191 3038 4233 non
3067 4178 3120 4234 iu
3147 4183 3493 4241 conluuione
3513 4226 3528 4252 ,
3559 4187 3649 4243 sed
3674 4188 3723 4242 in

2150 4258 2448 4320 humilitate
2470 4279 2591 4321 esse
2618 4266 2856 4325 victoria.

2221 4353 2273 4409 5.
2316 4356 2537 4428 Alypius
2567 4357 2849 4429 episcopus
2878 4361 3132 4419 Ecclesia:
3152 4364 3438 4423 catholicas
3455 4369 3720 4440 epistolam

2147 4448 2388 4504 recitavit
2416 4468 2431 4505 :
2464 4449 2764 4507 Honorabili
2788 4470 2849 4508 ac
2873 4454 3196 4512 dilectissimo
3222 4460 3332 4529 ﬁlio
3359 4500 3375 4528 ,
3418 4463 3526 4518 viro
3550 4465 3720 4519 clavis-

2146 4543 2275 4599 simo
2303 4553 2348 4598 et
2368 4544 2627 4616 spectabili
2646 4587 2660 4612 ,
2688 4548 2885 4603 tribuno
2908 4559 2956 4605 et
2998 4552 3197 4607 notario
3240 4552 3541 4610 Marcellino
3558 4596 3576 4623 ,
3621 4559 3720 4612 Aa-

2145 4634 2330 4697 relius,
2372 4636 2634 4704 Silvanus,
2668 4644 2714 4691 et
2736 4639 2957 4695 uniuersi
2996 4642 3222 4711 episcopi
3248 4646 3504 4701 catholici.
3547 4646 3715 4703 Edicto

2147 4725 2542 4798 Spectobilitatis
2563 4738 2682 4794 tua,
2708 4745 2809 4799 quo
2827 4741 3016 4787 nostra
3036 4733 3337 4790 Collationis
3378 4740 3713 4810 tranquillitati

2143 4815 2393 4885 quietique
2434 4817 2714 4882 seruanda,
2738 4828 2786 4873 et
2824 4819 3021 4875 ueritati
3084 4822 3476 4893 manifesde
3513 4842 3573 4879 ee
3612 4846 3715 4881 uiso

2144 4908 2341 4962 niendte
2367 4907 2651 4965 consultum
2680 4920 2772 4978 est,
2802 4913 2856 4967 in
2884 4913 3116 4971 omnibus
3142 4932 3233 4971 nos
3273 4918 3567 4983 consentire,
3598 4922 3714 4975 sicut

2140 4997 2737 5071 admoneredignatuses,
2768 5021 2856 5073 per
2883 5006 2974 5060 has
2995 5006 3186 5063 litteras
3206 5008 3587 5082 intimanwstb)
3624 5010 3713 5066 Illo

2142 5084 2312 5151 etiam,
2338 5087 2543 5140 ueritate
2566 5087 2765 5155 conﬁsi,
2792 5104 2884 5142 nos
2906 5091 3102 5145 uinculo
3134 5091 3436 5147 conditionis
3459 5096 3710 5166 obstringi-

2138 5187 2273 5237 mus,
2304 5180 2358 5223 ut
2384 5172 2428 5225 si
2449 5170 2589 5225 nobis
2614 5172 2668 5225 lii
2694 5189 2807 5227 cum
2827 5173 3003 5244 quibus
3024 5176 3222 5248 agimus
3247 5176 3589 5237 demonstrare
3628 5199 3709 5249 po-

2141 5256 2351 5321 tuerint,
2381 5272 2495 5310 cum
2522 5257 2799 5312 secundum
2828 5257 2923 5313 Dei
2966 5261 3215 5330 promissa
3254 5263 3432 5336 pepuli
3460 5266 3707 5321 christiani

2139 5361 2487 5418 usquequaque
2514 5349 2782 5405 crescendo
2817 5351 2931 5422 jam
2961 5368 3196 5425 magnam
3240 5365 3431 5427 partem
3467 5359 3598 5415 orbis
3623 5361 3705 5417 itu-

2224 5505 2275 5578 ᾳ)
2310 5503 2392 5578 Adi
2425 5506 2762 5578 Possidiumiu
2779 5513 3029 5578 Augustini
3046 5514 3164 5573 vita,
3190 5527 3295 5578 mp.
3318 5514 3394 5567 ii.

2199 5504 2275 5629 is;
2307 5504 3551 5638 aua‘tiiaiaiiammam“
3569 5581 3701 5634 ατε.

2137 5630 3036 5715 92,ιένξεςξέξεέιηξιξξιψειξέιξάιεμ
3049 5630 3339 5715 ’βρίδιοιιιη
3636 5630 3700 5715 Et

2136 5690 2257 5803 actis
2277 5690 2957 5804 Colldfltiéuiigredintegratam
2975 5733 2989 5760 ,
3015 5690 3141 5752 inter
3164 5690 3532 5767 Augusti—diana},
3547 5690 3699 5758 ﬂ

2136 5767 2185 5802 tn
2286 5767 2342 5803 or
2574 5792 2585 5804 .
