3816 6136
16 328 175 391 701

22 444 379 517 placius-nt,
410 448 461 498 et
484 439 538 496 in
560 445 788 495 ceteram
809 432 1146 489 dilatarentur
1173 428 1690 502 implendam,'subito

28 535 375 592 Ecclesium
399 532 590 589 Christi
618 529 789 586 nescio
833 540 1050 598 quorum
1069 564 1085 592 ,
1138 539 1264 595 quos
1301 522 1385 579 isti
1413 530 1650 577 accusant
1675 561 1691 587 ,

1509 315 1712 374 LIBER
1750 311 1954 371 UNUS.

3271 293 3375 353 703

1802 428 1992 485 fratres
2010 432 2065 484 et
2084 423 2426 496 coepiscopis
2450 426 2661 478 nostros
2677 459 2693 486 ,
2716 433 2824 476 non
2848 417 3002 474 facile
3023 415 3178 473 nobis
3194 426 3383 471 occur-

1799 519 2091 592 rebantqui
2112 519 2211 573 hoc
2236 515 2432 572 vellent
2456 513 2726 583 suscipere
2742 552 2760 580 ,
2783 518 2840 567 et
2860 509 2931 567 de
2959 508 3059 565 hac
3087 506 3386 564 humilitate

28 638 418 701 peccatorum
468 623 657 697 perisse
682 618 1018 691 contagione,
1065 625 1112 670 et
1153 615 1209 670 in
1244 614 1357 670 sola
1396 613 1696 671 remansisse
1800 616 2027 675 Domino
2072 612 2393 668 sacriﬁcare.
2440 606 2756 664 Dicebamus
2779 646 2794 671 ,
2841 612 2900 661 ut
2923 602 3038 658 ﬁeri
3082 600 3253 666 solet,
3295 599 3386 656 Ille

30 731 231 792 parte
262 717 459 773 Donati
488 731 508 771 :
547 714 592 769 si
618 713 710 768 hoc
728 753 744 779 ,
774 721 828 765 ut
857 709 1049 764 dictum
1089 716 1197 774 est,
1223 705 1566 762 demonstrare
1606 720 1699 775 po-

36 812 279 865 tuerint
296 850 314 876 ,
344 806 515 865 nullos
533 803 672 875 apud
692 820 778 858 eos
799 801 1015 855 honores
1033 799 1353 870 episcopatus
1368 797 1696 866 requiremus,

37 903 163 958 sed
196 918 386 958 eorum
410 914 674 971 sequemur
698 912 792 968 pro
835 892 947 950 sola
986 903 1175 948 (eterna
1211 892 1372 948 salute
1396 892 1661 947 consilium
1680 930 1698 958 ,

42 996 275 1067 quibus
303 993 437 1049 tanti
476 991 696 1063 gratiam
722 985 946 1057 beneﬁcii
975 1002 1066 1056 pro
1093 985 1294 1056 cognitu
1323 985 1527 1040 veritate
1549 983 1701 1039 debe-

46 1086 277 1141 bimus.
314 1084 383 1141 Si
407 1096 573 1138 autem
597 1096 691 1136 nos
720 1080 889 1151 potius
912 1078 1218 1134 voluerimus
1244 1076 1505 1132 ostendere
1526 1073 1704 1131 Eccle-

52 1180 224 1235 sium
254 1176 453 1233 Christi
475 1175 702 1229 omnium
722 1213 738 1240 ,
766 1188 869 1227 non
910 1170 1076 1225 solum
1102 1169 1487 1240 Africanarum,
1534 1181 1705 1222 verum

54 1271 250 1325 etiam
268 1267 731 1322 transmarinarum
754 1262 1126 1334 provinciarum
1150 1299 1165 1325 ,
1190 1260 1564 1329 multarumque
1580 1275 1705 1330 gen-

62 1362 224 1419 tium
254 1360 431 1431 spatia
459 1356 772 1431 feracissima
800 1353 1107 1425 populorum
1127 1351 1274 1421 copia
1294 1351 1403 1422 jam
1428 1359 1673 1406 tenentem
1690 1387 1707 1416 ,

64 1463 122 1510 et
159 1457 308 1508 sicut
358 1452 606 1522 scriptum
635 1456 749 1515 est,
772 1455 877 1500 toto
926 1444 1118 1499 mundo
1147 1442 1539 1515 fructiﬁcantem
1561 1451 1711 1512 atque

67 1553 443 1609 crescentem,
471 1541 728 1596 nullorum
748 1538 1008 1593 hominum
1051 1535 1146 1592 sibi
1169 1536 1559 1591 commixtorum
1586 1549 1710 1605 pec-

70 1638 227 1693 catis
278 1635 452 1707 perire
495 1633 717 1706 potuisse
741 1647 760 1687 :
783 1635 830 1686 si
875 1629 1087 1700 denique
1128 1628 1354 1699 ipsorum
1374 1668 1389 1694 ,
1424 1642 1550 1697 quos
1594 1635 1712 1680 tunc

74 1745 356 1787 accusare
379 1727 645 1783 soluerunt
689 1724 885 1797 potius,
913 1737 1067 1792 quam
1087 1722 1381 1775 convincere
1405 1718 1671 1775 valuerunt
1692 1756 1709 1785 ,

77 1822 443 1894 attentionem
468 1818 730 1888 deﬁnitur»
754 1818 795 1884 ί,
841 1814 1068 1886 quamvis
1111 1830 1213 1867 non
1259 1812 1314 1867 in
1361 1812 1433 1866 eis
1471 1809 1716 1867 Ecclesia

82 1931 267 1970 causa
286 1914 534 1968 consistat
551 1951 568 1977 ,
600 1918 648 1964 et
674 1906 1004 1965 Cecilianum
1037 1906 1382 1970 innocentem,
1410 1902 1528 1958 illos
1548 1909 1716 1956 autem

83 2008 363 2063 violentos
386 2012 435 2060 et
462 2001 804 2059 calumniosos
820 2015 927 2055 esse
935 1997 1197 2069 judicatus
1217 1996 1281 2051 ab
1307 2012 1364 2050 eo
1392 1997 1711 2065 imperatore,

86 2099 171 2154 ad
197 2098 362 2170 cujus
399 2110 614 2152 examen
658 2091 1038 2147 criminationes
1081 2105 1201 2144 suos
1251 2086 1386 2141 ultro
1433 2084 1718 2140 accusando

93 2194 375 2249 miserunt
407 2205 427 2245 :
455 2198 737 2259 postremo,
769 2186 813 2240 si
839 2183 1090 2255 quidquid
1117 2182 1181 2238 de
1208 2181 1424 2252 peccatis
1451 2179 1721 2252 quorumlic

101 2284 197 2341 bet
226 2282 500 2338 Isauricum
518 2277 773 2342 dixerint,
801 2276 877 2331 vel
901 2275 1137 2331 humanis
1165 2271 1474 2327 documentis
1495 2311 1512 2339 ,
1541 2269 1620 2326 vel
1641 2270 1723 2324 di-

95 2375 249 2431 uinis
269 2371 651 2444 probaverimus
669 2410 685 2437 ,
711 2377 800 2427 aut
828 2384 1003 2422 eorum
1026 2367 1362 2423 innocentiam
1389 2366 1532 2436 falsis
1553 2364 1721 2419 crimi-

98 2468 272 2525 nibus
302 2466 616 2538 appetitam,
643 2475 734 2518 aut
763 2460 949 2517 Citriin
975 2459 1293 2526 Ecclesium,
1322 2459 1468 2529 cujus
1496 2473 1722 2512 commu-

103 2562 266 2617 nioni
288 2558 607 2614 cohteremus
623 2596 642 2623 ,
669 2554 826 2611 nullis
848 2569 1022 2607 eorum
1047 2550 1244 2606 delictis
1266 2566 1375 2605 esse
1394 2550 1725 2614 destructum;

101 2655 189 2710 sic
219 2652 343 2722 ejus
369 2647 628 2704 nobiscum
650 2653 848 2700 teneant
876 2643 1119 2708 unitatem
1138 2682 1154 2709 ,
1183 2652 1238 2695 ut
1265 2657 1368 2697 non
1408 2641 1575 2695 solum
1598 2641 1728 2694 viam

105 2743 310 2801 salutis
335 2739 595 2795 inveniant
613 2778 631 2805 ,
656 2736 747 2791 sed
774 2751 867 2789 nec
896 2735 1137 2791 honorem
1154 2731 1449 2801 epicoputus
1471 2731 1725 2784 amittant.

110 2834 315 2906 Neque
361 2832 494 2889 enim
532 2830 587 2886 in
621 2829 693 2884 eis
739 2828 924 2883 divina
966 2824 1298 2883 Sacramenta
1344 2823 1598 2888 veritatis,
1642 2821 1731 2878 sed

112 2932 414 2983 commenta
440 2920 650 2977 humani
678 2918 984 2977 detestamur
1010 2918 1195 2972 erroris
1222 2930 1243 2970 :
1266 2913 1446 2984 quibus
1486 2913 1726 2980 sublatis,

112 3026 417 3093 fraternum
449 3025 622 3091 pectus
658 3015 1043 3084 complectentur
1084 3010 1366 3065 christiana
1390 3009 1532 3063 nobis
1558 3008 1731 3063 chari-

116 3123 232 3171 tate
256 3112 609 3182 coniunctum,
640 3105 775 3176 quod
803 3120 936 3159 nunc
972 3102 1202 3158 dolemus
1229 3100 1536 3156 dissensione
1557 3098 1736 3155 diabo-

117 3207 231 3262 lica
272 3207 586 3273 separatum.
640 3196 830 3255 Poterit
870 3196 1061 3266 quippe
1120 3191 1456 3262 unusquisque
1506 3198 1736 3244 nostrum

121 3295 349 3353 honoris
373 3293 470 3349 sibi
494 3290 631 3347 socio
676 3286 912 3359 copulato
950 3284 1165 3341 vicissim
1193 3283 1367 3337 sedere
1402 3282 1699 3337 eminentius
1716 3319 1733 3346 ,

119 3391 265 3445 sicut
310 3384 575 3457 peregrino
617 3381 853 3450 episcopo
885 3380 1041 3450 juxta
1069 3375 1358 3431 considente
1379 3373 1593 3446 collega.
1624 3371 1737 3427 Hoc

123 3499 254 3539 cum
297 3478 509 3534 alternis
533 3474 756 3529 basilicis
782 3471 1013 3540 utrinque
1040 3466 1349 3533 conceditur,
1376 3475 1587 3536 utroque
1613 3464 1740 3519 alte-

123 3591 253 3630 rum
288 3589 408 3627 eum
427 3570 617 3625 honore
641 3575 814 3620 mutuo
839 3559 1209 3635 praeveniente"
1242 3576 1256 3612 :
1289 3558 1406 3628 quia
1435 3557 1520 3613 ubi
1549 3571 1739 3627 prlece-

126 3668 245 3737 ptio
274 3661 538 3719 charitatis
565 3657 851 3714 dilataverit
888 3652 1045 3708 corda
1062 3694 1077 3718 ,
1111 3651 1357 3722 possessio
1396 3650 1533 3722 pacis
1560 3664 1663 3703 non
1681 3649 1740 3717 ﬁt

128 3767 363 3832 angusta
394 3771 414 3811 :
442 3766 495 3809 ut
519 3770 623 3807 uno
652 3766 824 3807 eorum
851 3747 1087 3818 defuncto
1105 3786 1120 3809 ,
1142 3744 1379 3815 deinceps
1392 3744 1508 3813 jam
1528 3741 1741 3813 singulis

131 3831 335 3923 singuli
387 3845 600 3918 pristino
646 3858 786 3898 more
824 3838 1113 3894 succedant.
1169 3834 1279 3889 Nec
1326 3850 1508 3889 novum
1547 3831 1742 3904 aliquid

133 3947 228 4016 ﬁet
263 3959 283 3998 :
309 3956 431 3997 nam
448 3939 546 3993 hoc
570 3952 632 3992 ea:
648 3934 812 4005 ipsius
834 3929 1171 4000 separationis
1196 3925 1434 3990 exordio,
1466 3924 1523 3979 in
1550 3925 1621 3979 eis
1654 3923 1741 3997 qui

131 4015 389 4093 damnato
415 4028 626 4103 nefaria:
648 4023 957 4080 diseissionis
995 4036 1164 4075 errore
1193 4018 1396 4073 unitatis
1425 4015 1744 4071 dulcedinem

134 4129 217 4189 vel
261 4141 377 4185 sero
402 4127 707 4195 sapuerunt,
735 4114 985 4173 catholica
1012 4111 1213 4169 dilectio
1240 4108 1525 4165 custodiuit.
1557 4107 1656 4163 Aut
1700 4107 1744 4162 si

136 4228 281 4297 forte
304 4215 484 4290 populi
520 4210 785 4267 christiani
809 4202 1022 4276 singulis
1049 4200 1361 4258 delectantur
1385 4198 1636 4271 episcopis
1651 4236 1666 4264 ,
1698 4205 1745 4252 et

136 4290 369 4372 duorum
394 4305 702 4367 consortium
729 4299 974 4358 inusitata
1014 4310 1186 4351 rerum
1225 4292 1357 4366 facie
1399 4290 1614 4347 tolerare
1643 4304 1746 4343 non

138 4412 399 4481 possunt,
427 4399 628 4470 utrique
655 4395 719 4451 de
746 4391 911 4449 medio
937 4386 1291 4446 discedamus;
1322 4392 1368 4439 et
1397 4380 1616 4437 ecclesiis
1638 4379 1747 4434 sin-

143 4471 321 4571 gulis,
364 4471 608 4551 damnata
634 4482 921 4543 schismatis
949 4496 1141 4546 causa,
1188 4478 1242 4532 in
1288 4474 1485 4530 unitate
1529 4471 1746 4543 paciﬁca

142 4564 436 4648 sum
454 4625 470 4652 ,
496 4581 559 4639 ab
588 4579 668 4641 his
691 4576 777 4650 qui
807 4570 995 4646 singuli
1021 4572 1075 4631 in
1107 4568 1326 4625 ecclesiis
1358 4564 1573 4637 singulis
1608 4565 1747 4619 inve.

146 4684 361 4738 nientur
386 4676 579 4731 unitate
606 4672 744 4747 facta
772 4682 863 4739 per
892 4664 1003 4719 loca
1030 4660 1313 4716 necessaria
1352 4656 1537 4730 singuli
1563 4655 1748 4711 consti-

146 4780 364 4829 tuantta'
388 4763 613 4841 episcopi
636 4760 732 4833 (α).

222 4864 283 4922 6.
319 4861 388 4917 Et
422 4840 553 4915 cum
595 4854 838 4927 legeret,
877 4845 1203 4918 Augustinus
1229 4844 1509 4915 episcopus
1554 4840 1688 4897 dixit
1733 4860 1748 4897 :

154 4958 345 5014 Dicam
372 4947 632 5010 Cbaritati
676 4953 902 5010 vestrae,
934 4949 989 4996 et
1033 4949 1447 4993 commemorem
1488 4949 1600 4990 rem
1628 4933 1752 4989 dul-

153 5049 428 5108 cissimam
445 5052 501 5102 et
513 5038 906 5103 suavissimam,
929 5046 1085 5105 quam
1109 5028 1331 5084 Domino
1356 5024 1637 5097 adjuvante
1662 5043 1753 5081 su-

157 5158 283 5200 mus
307 5138 534 5211 experti.
562 5134 697 5191 Cum
741 5140 863 5187 ante
906 5127 1075 5196 ipsam
1105 5120 1450 5175 Collationcm
1492 5119 1628 5173 inter
1658 5133 1754 5172 nos

160 5234 328 5304 aliqui
351 5209 545 5289 fratres
572 5225 641 5281 de
670 5223 768 5278 hac
793 5235 853 5279 re
882 5216 1325 5284 colloquerentur,
1355 5209 1475 5279 quia
1501 5224 1598 5279 pro
1623 5221 1754 5279 pace

160 5300 365 5383 Christi
411 5317 646 5391 episcopi
674 5304 1049 5373 debentcsse,
1079 5311 1169 5357 aut
1212 5300 1408 5356 debent
1455 5313 1561 5351 non
1600 5312 1752 5365 esse;

164 5416 309 5490 quod
362 5413 508 5469 vobis
557 5404 827 5465 latendum
875 5410 992 5468 est,
1038 5393 1526 5462 circumspicientes
1569 5404 1755 5445 omnes

233 5596 249 5627 ι
282 5598 334 5646 tn
359 5589 505 5654 epist.
540 5583 642 5651 128,
681 5575 991 5649 quaestionem
1051 5564 1532 5623 demonstraverimus
1564 5577 1665 5616 esse
1686 5561 1750 5630 ﬁ-

168 5653 338 5767 ""372
379 5712 557 5765 eadem
593 5666 817 5773 epistola,
840 5706 1040 5762 uterque
1061 5693 1121 5747 ab
1144 5694 1376 5747 alterum
1396 5689 1573 5743 honore
1594 5694 1759 5741 mtqu

172 5776 477 5845 prerem!!!-
665 5838 692 5845 _
866 5822 1007 5845 mm.
1052 5821 1096 5845 ,ις

235 5816 477 5905 Eiifﬁiia;
498 5846 644 5899 supra
665 5830 845 5881 Brevia.
865 5822 1027 5873 (tollat.
1052 5821 1132 5869 die
1155 5820 1196 5879 1,
1214 5828 1320 5879 cap.
1345 5816 1391 5865 ὅ.

1803 717 2007 781 potest,
2055 706 2146 761 ille
2171 721 2276 759 non
2316 710 2521 775 potest;
2552 700 2641 755 ille
2668 696 2936 754 consentit
2975 694 3114 761 hoc,
3145 692 3234 748 ille
3277 706 3387 749 non

1804 802 2027 866 tolerat;
2076 798 2354 868 loquentes
2398 792 2567 863 magis
2611 805 2710 861 pro
2737 784 3129 858 suspicionibus
3157 783 3389 849 nostris,

1805 895 1894 964 qui
1924 891 2086 948 corda
2111 890 2324 945 illorum
2347 886 2532 942 videre
2562 883 2782 939 minime
2808 888 3136 952 poteramus.
3164 874 3389 946 Quando

1806 996 1983 1041 autem
2007 994 2222 1039 ventum
2272 989 2441 1036 estut
2483 979 2586 1034 hoc
2622 976 2798 1047 palam
2839 973 3021 1040 ﬁeret,
3066 972 3121 1027 in
3167 971 3394 1027 concilio

1807 1080 2178 1134 universorum
2207 1084 2314 1130 tam
2342 1071 2602 1142 frequenti
2621 1069 2771 1140 pene
2804 1076 3158 1123 trecentorum
3182 1064 3393 1134 episco-

1809 1185 1999 1241 porum
2023 1209 2040 1237 ,
2070 1168 2149 1223 sic
2178 1164 2374 1236 placuit
2399 1163 2646 1218 omnibus
2665 1202 2678 1224 ,
2724 1160 2802 1215 sic
2827 1165 3141 1214 exarserunt
3168 1169 3354 1210 omnes
3375 1192 3392 1221 ,

1813 1275 1870 1320 ut
1896 1264 2065 1336 parati
2094 1268 2274 1317 essent
2315 1258 2681 1330 episcopatum
2708 1267 2804 1323 pro
2829 1251 3021 1306 Christi
3056 1249 3256 1304 unitate
3298 1247 3396 1302 de-

1811 1372 2012 1431 ponere
2034 1396 2049 1421 ,
2077 1364 2133 1411 et
2156 1369 2261 1410 non
2291 1352 2516 1423 perdere
2534 1391 2549 1417 ,
2573 1348 2665 1404 sed
2691 1347 2803 1402 Deo
2818 1345 2983 1400 tutius
3001 1341 3396 1400 commendare.

1815 1454 1930 1508 Duo
1955 1451 2027 1506 ibi
2058 1450 2145 1504 vix
2191 1446 2391 1503 inventi
2419 1453 2573 1510 sunt,
2616 1442 2809 1513 quibus
2851 1438 3158 1509 displiceret
3203 1453 3216 1492 :
3263 1448 3402 1491 unus

1814 1556 2048 1599 annosus
2093 1553 2258 1596 senex
2281 1580 2297 1607 ,
2344 1537 2435 1609 qui
2464 1536 2565 1590 hoc
2593 1534 2753 1589 etiam
2796 1532 2978 1588 dicere
3002 1530 3220 1587 liberius
3242 1542 3403 1584 ausus

1816 1645 1917 1703 est,
1947 1633 2103 1690 aliter
2120 1633 2448 1688 voluntatem
2496 1643 2645 1682 suam
2695 1626 2853 1681 tacito
2894 1623 3041 1678 vultu
3064 1622 3400 1693 signiﬁcavit.

1814 1726 1922 1785 Sed
1969 1733 2312 1797 posteaquam
2337 1722 2485 1777 illum
2511 1735 2693 1777 senem
2724 1716 2944 1775 liberius
2968 1714 3071 1771 hoc
3104 1714 3366 1770 dicentem
3385 1755 3401 1782 ,

1820 1821 1999 1879 obruit
2020 1816 2258 1876 omnium
2285 1814 2516 1871 fraterna
2541 1802 2839 1882 correptio,
2875 1808 2966 1865 illo
3008 1814 3248 1864 mutante
3275 1821 3402 1863 sen-

1821 1916 2039 1972 tentiam
2057 1953 2074 1981 ,
2105 1911 2309 1968 vultum
2335 1908 2500 1965 etiam
2525 1906 2614 1964 ille
2642 1904 2884 1961 mutavit.
2914 1901 3108 1959 Audite
3133 1914 3260 1971 ergo
3282 1900 3403 1971 qui-

1822 2009 1922 2065 bus
1937 2005 2109 2063 modis
2127 2005 2289 2060 etiam
2302 2003 2413 2074 ipsa
2425 1998 2724 2056 exhortatio
2746 1997 2885 2052 facta
2900 2003 3001 2061 est,
3020 2003 3239 2067 propter
3259 1993 3406 2049 illum

1821 2102 1911 2174 qui
1936 2102 2009 2156 ait
2038 2119 2052 2155 :
2083 2099 2186 2168 Qui
2212 2114 2266 2153 se
2293 2094 2547 2159 humiliat,
2580 2089 2883 2147 eaaltabitur
2907 2088 3064 2158 (Luc.
3088 2102 3247 2151 xvut,
3276 2087 3389 2158 ll).

1894 2195 1948 2249 7.
1998 2192 2126 2248 ltem
2172 2189 2347 2261 legit:
2394 2186 2531 2255 Quid
2574 2184 2709 2239 enim
2755 2181 3039 2237 dubitemus
3086 2179 3409 2250 Bsdemptori

1824 2294 1996 2343 nostro
2020 2281 2327 2351 sacriﬁcium
2351 2278 2499 2334 istius
2528 2274 2827 2330 humilitatis
2845 2271 3029 2341 diferre
3047 2271 3075 2327 2
3094 2272 3174 2326 An
3190 2287 3305 2325 vero
3324 2271 3363 2325 il
3370 2271 3414 2326 le

1828 2376 1893 2430 de
1919 2373 2055 2430 cwlis
2079 2373 2135 2428 in
2165 2372 2392 2426 humana
2415 2366 2638 2423 membra
2661 2363 2917 2420 descendit
2937 2404 2953 2431 ,
2981 2371 3037 2418 ut
3060 2362 3282 2417 membra
3306 2364 3417 2434 ejus

1830 2483 2083 2534 essemus;
2107 2474 2157 2521 et
2183 2479 2296 2529 nos,
2326 2478 2392 2517 ne
2434 2461 2549 2532 ipsa
2574 2460 2683 2530 ejus
2708 2456 2931 2513 nzembra
2956 2453 3152 2511 crudeli
3179 2454 3420 2509 divisione

1830 2561 2101 2624 lanientur,
2125 2558 2189 2612 de
2209 2555 2464 2611 cathedris
2482 2550 2784 2609 descendere
2801 2548 3175 2624 formidamus?
3200 2546 3420 2619 Propter

1832 2672 1924 2710 nos
1943 2652 2072 2708 nihil
2090 2650 2436 2723 suﬁcientis”,
2459 2663 2611 2720 quam
2634 2643 2900 2700 christiani
2923 2644 3096 2713 ﬁdeles
3116 2650 3162 2697 et
3188 2640 3421 2697 obedien-

1834 2756 1906 2801 tes
1923 2761 2096 2802 sumus
2124 2759 2144 2799 :
2172 2744 2267 2797 hoc
2286 2757 2406 2813 ergo
2424 2755 2620 2811 semper
2638 2739 2815 2792 simus.
2835 2735 3083 2808 EpiscOpi
3107 2744 3278 2790 autem
3305 2751 3422 2805 pro.

1836 2848 1945 2910 pter
1995 2835 2296 2889 christianos
2335 2832 2551 2902 populos
2590 2829 2885 2885 ordinamur
2913 2842 2934 2883 ,ν
2959 2826 3096 2899 quod
3122 2843 3240 2899 ergo
3282 2826 3422 2881 chri-

1835 2928 2012 2984 stianis
2032 2925 2233 2998 populis
2261 2924 2329 2979 ad
2369 2922 2698 2978 christh
2728 2936 2904 2993 pacem
2947 2920 3179 2990 prodest,
3226 2920 3319 2973 hoc
3361 2922 3424 2974 de

1836 3034 2008 3079 nostra
2023 3022 2311 3094 episcopatu
2322 3018 2590 3091 faciamus.
2614 3015 2940 3087 Augustinus
2961 3014 3239 3097 episcopos
3254 3012 3388 3069 dixit
3409 3029 3422 3067 :

1839 3116 2067 3186 Propter
2090 3127 2190 3168 nos
2217 3110 2320 3166 hoc
2343 3110 2603 3167 debemus
2631 3122 2750 3164 esse
2778 3106 2918 3179 quod
2955 3118 3072 3161 Vos.
3098 3105 3235 3175 Quid
3262 3104 3426 3161 debes

1838 3222 1959 3264 esse
1985 3216 2067 3273 tu,
2099 3206 2413 3275 cuicumque
2438 3204 2629 3274 loquor
2666 3209 2897 3256 vestrum
2918 3199 2942 3256 ?
2967 3200 3299 3255 Christianus
3316 3241 3331 3267 ,
3358 3199 3427 3252 li-

1842 3302 2004 3369 delis,
2034 3301 2290 3357 obedienc
2321 3315 2336 3353 ε
2383 3298 2485 3354 hoc
2531 3306 2587 3352 tu
2618 3305 2836 3367 propter
2864 3302 2943 3359 te,
2973 3293 3075 3348 hoc
3100 3300 3156 3347 et
3179 3306 3277 3364 ego
3300 3304 3427 3364 pro-

1843 3403 1962 3466 pter
1990 3408 2095 3449 me.
2121 3393 2263 3463 Ergo
2291 3389 2429 3460 quod
2458 3397 2512 3444 tu
2539 3399 2754 3460 propter
2781 3395 2863 3452 te,
2888 3395 2942 3442 et
2958 3400 3054 3457 ego
3078 3390 3295 3457 propter
3319 3394 3427 3453 me,

1844 3499 2058 3556 semper
2085 3497 2206 3539 esse
2245 3482 2522 3556 debemus.
2552 3478 2706 3547 Quod
2732 3488 2909 3533 autem
2937 3490 3056 3532 sum
3088 3483 3302 3546 propter
3338 3482 3391 3530 te
3410 3516 3426 3543 ,

1844 3548 1981 3644 sim,
2027 3574 2074 3630 si
2118 3574 2211 3630 tibi
2237 3548 2511 3645 prodest‘:
2543 3585 2651 3625 non
2675 3571 2776 3625 sim
2799 3610 2815 3637 ,
2861 3567 3034 3627 εἰ,ῑὶὺὶ
3064 3567 3235 3623 obest.
3286 3564 3430 3621 Ecce

1845 3669 1985 3742 quod
2009 3668 2207 3724 dictum
2233 3674 2353 3722 est:
2381 3663 2659 3720 attendite.
2693 3661 2821 3716 Item
2848 3659 2977 3731 legit
3005 3675 3017 3711 ε
3051 3656 3111 3713 Si
3137 3657 3264 3711 servi
3286 3656 3432 3711 utiles

1846 3777 2039 3829 sumus,
2062 3776 2151 3815 cur
2172 3758 2378 3813 Domini
2390 3756 2589 3812 ceternis
2608 3754 2763 3810 lucris
2774 3769 2865 3824 pro
2877 3752 3061 3807 nostris
3079 3746 3434 3822 temporalibus

1846 3855 2232 3912 sublimitatibus
2261 3850 2580 3907 invidemus?
2610 3843 2932 3920 Episcopalls
2961 3842 3180 3917 dignitas
3205 3842 3433 3913 fructuo-

1848 3949 1953 4005 sior
1965 3948 2107 4002 nobis
2135 3946 2249 4013 erit,
2264 3946 2309 4000 si
2320 3959 2515 4017 gregem
2528 3942 2714 3997 Christi
2730 3939 2959 4011 deposita
2976 3936 3138 4006 magis
3157 3934 3431 4009 collegerit,

1849 4056 1998 4113 quam
2018 4048 2210 4095 retenta
2234 4035 2540 4109 disperserit.
2561 4034 2802 4104 Cumque
2820 4032 3088 4097 recitaret,
3108 4028 3435 4099 Augustinus

1851 4135 2133 4204 episcopus
2149 4130 2310 4185 dixit:
2333 4128 2547 4184 Fratres
2575 4126 2708 4193 mci,
2732 4125 2777 4179 si
2800 4124 3082 4179 Dominum
3109 4121 3427 4190 cogitamus,

1848 4226 1998 4281 locus
2019 4225 2119 4279 iste
2137 4223 2312 4289 altior,
2327 4219 2543 4291 specula
2553 4218 2795 4274 vinitoris
2811 4226 2912 4282 est,
2933 4230 3037 4271 non
3055 4213 3317 4284 fastigium
3347 4224 3438 4268 su-

1854 4317 2165 4390 perbientis.
2198 4315 2255 4372 Si
2280 4330 2402 4371 cum
2422 4314 2544 4369 volo
2587 4312 2819 4369 retinere
2841 4309 3203 4381 episcopatum
3234 4320 3433 4375 meum,

1853 4412 2100 4483 dispergo
2126 4424 2339 4480 gregem
2358 4407 2575 4473 Christi,
2590 4403 2858 4476 quomodo
2872 4410 2953 4458 est
2970 4400 3219 4457 damnum
3241 4396 3437 4469 gregis,

1854 4504 2028 4560 honor
2050 4499 2324 4575 pastoris?
2351 4497 2484 4554 Item
2510 4497 2639 4569 legit
2667 4515 2681 4551 :
2716 4493 2853 4551 Nam
2875 4508 2974 4567 qua
2998 4496 3163 4564 fronte
3189 4490 3240 4545 in
3269 4493 3441 4563 futuro

1854 4594 2040 4652 sarculo
2091 4593 2390 4666 promissum
2415 4607 2448 4644 a
2484 4588 2682 4644 Christo
2728 4586 3040 4658 sperabimus
3086 4582 3350 4645 honorem,
3398 4581 3443 4635 si

1857 4688 2185 4745 christianum
2228 4684 2282 4739 in
2315 4684 2409 4737 hoc
2436 4679 2623 4738 surculo
2651 4688 2819 4734 noster
2853 4676 3014 4732 honor
3039 4672 3245 4745 impedit
3274 4670 3443 4726 unitu-

1858 4791 1955 4836 tem
1981 4779 2006 4834 ?
2038 4778 2161 4834 Haec
2188 4784 2450 4850 prapterea
2474 4771 2795 4827 Prtestantite
2836 4779 2935 4823 tum
2969 4765 3228 4821 scribenda
3251 4764 3446 4818 curavi-

1860 4891 1973 4929 mus
1996 4917 2011 4941 ,
2043 4882 2089 4927 et
2134 4878 2186 4925 nt
2216 4886 2304 4942 per
2335 4877 2381 4923 te
2407 4868 2719 4921 innotescunt
2748 4860 2977 4917 omnibus
3006 4859 3352 4932 postulamus;
3392 4865 3447 4910 ut

1861 4970 1913 5023 in
1942 4965 2197 5040 adjutorio
2218 4962 2424 5017 Domini
2443 4957 2535 5014 Dei
2564 4958 2741 5026 nostri,
2770 4973 2867 5027 quo
2897 4952 3303 5008 admonenteista
3325 4966 3445 5021 pro-

1864 5062 2135 5123 mittimus,
2169 5066 2215 5112 et
2260 5072 2358 5129 quo
2401 5053 2672 5126 adjuvante
2721 5065 2812 5103 nos
2852 5047 3060 5118 implere
3101 5059 3245 5117 posse
3285 5041 3447 5109 con/i-

1864 5155 2063 5219 dimns,
2095 5151 2244 5205 etiam
2291 5155 2408 5201 ante
2432 5143 2790 5208 Collalionem,
2820 5140 2865 5194 si
2907 5137 3019 5207 ﬁeri
3062 5140 3248 5207 potest,
3295 5132 3449 5188 corda

1868 5242 2125 5299 hominum
2151 5242 2225 5297 vel
2250 5239 2457 5311 inﬁrma
2475 5279 2491 5304 ,
2520 5234 2597 5290 vel
2622 5233 2750 5288 dura
2768 5274 2783 5299 ,
2813 5230 2900 5303 pia
2928 5230 3146 5283 Charitas
3171 5235 3257 5281 aut
3283 5236 3443 5293 sanet,

1864 5346 1952 5392 aut
1979 5335 2173 5391 edomet
2191 5349 2210 5398 ;
2237 5350 2297 5386 ac
2321 5332 2394 5387 sic
2426 5331 2539 5400 jam
2579 5324 2805 5399 paciﬁcis
2847 5321 3090 5376 mentibus
3116 5335 3215 5373 non
3241 5317 3448 5371 resista-

1864 5447 1979 5485 mus
2017 5425 2440 5498 manifestissimu:
2464 5419 2693 5485 veritati,
2721 5427 2768 5474 et
2809 5414 3198 5498 disputationem
3225 5414 3449 5463 nostram

1866 5523 1943 5577 vel
1973 5494 2317 5590 prwcedamus
2358 5514 2632 5571 concordia
2650 5554 2665 5579 ,
2692 5512 2769 5568 vel
2791 5520 3077 5574 sequantur.
3118 5494 3296 5575 Neque
3319 5500 3450 5555 enim

1868 5616 2135 5685 desperare
2170 5608 2405 5663 debemus
2427 5648 2442 5673 ,
2469 5606 2513 5660 si
2542 5605 2769 5660 recolunt
2807 5616 2916 5658 esse
2963 5598 3201 5672 paciﬁcos
3249 5592 3447 5658 beatos,

1867 5682 2105 5780 quoniam
2126 5700 2225 5771 ipsi
2251 5698 2346 5763 ﬁlii
2374 5697 2466 5752 Dei
2492 5697 2797 5751 vocabuntur
2824 5692 3035 5769 (Matth.
3066 5705 3102 5746 ν
3120 5732 3136 5758 ,
3166 5686 3221 5761 9)
3248 5728 3264 5755 ,
3295 5682 3451 5739 multo

1873 5797 2073 5869 dignius
2100 5801 2143 5847 et
2172 5790 2376 5860 facilius
2423 5806 2508 5843 eos
2551 5789 2678 5843 velle
2720 5796 2775 5842 ut
2820 5803 2938 5857 pars
2984 5784 3170 5841 Donati
3222 5780 3452 5836 universo
