3804 6162
406 320 510 381 705

405 441 516 495 orbi
541 439 826 495 christiano
851 437 1219 500 reconcilietur,
1251 450 1400 504 quam
1421 435 1677 490 universus
1701 435 1836 490 orbis
1864 435 1991 488 chri-

405 535 600 589 stianus
630 548 663 587 a
687 541 829 602 parte
858 529 1048 584 Donati
1071 527 1408 597 rebaptizetur
1439 543 1457 582 :
1482 545 1595 582 cum
1625 530 1904 600 praesertim
1929 528 1992 583 de

409 621 713 678 Maximiani
739 621 982 693 sacrilego
1027 630 1073 675 et
1117 619 1354 673 damnato
1395 620 1663 674 schismate
1707 621 1991 689 venientes,

402 731 526 786 quos
545 715 695 769 etiam
719 723 1029 768 terrenarum
1050 721 1352 783 potestatum
1363 711 1678 784 jussionibus
1701 711 1992 766 insectando

403 807 668 862 emendare
693 814 960 873 curarunt,
993 814 1134 859 tanta
1171 804 1432 872 diligentia
1461 806 1792 874 quaesierunt,
1825 814 1877 858 ut
1903 819 1993 858 nec

401 895 718 968 Baptismum
760 898 824 951 ab
873 897 944 951 eis
967 896 1140 950 datum
1163 895 1446 950 rescindere
1473 895 1745 962 auderent,
1777 904 1822 949 et
1845 911 1995 966 quos-

403 988 522 1043 dam
541 1005 712 1043 eorum
738 990 1003 1042 damnatos
1029 989 1136 1042 sine
1156 988 1264 1041 ulla
1290 987 1495 1041 honoris
1519 987 1853 1040 diminutione
1879 1002 1992 1040 sus-

409 1080 667 1150 ciperent,
715 1080 960 1151 quosdam
994 1095 1108 1133 vero
1141 1079 1196 1132 in
1239 1078 1380 1132 illius
1416 1078 1724 1132 discissionis
1762 1077 1995 1131 societate

406 1171 698 1242 impollutos
727 1188 832 1227 esse
858 1180 1134 1226 censerent.
1166 1171 1392 1237 Quorum
1437 1170 1567 1224 inter
1612 1187 1664 1224 se
1709 1169 1996 1224 concordia:

404 1278 503 1317 non
534 1263 812 1318 inridemus
839 1278 859 1317 :
887 1262 975 1317 sed
998 1279 1082 1318 eos
1107 1270 1301 1334 oportet
1328 1261 1589 1316 advertere
1617 1277 1767 1332 quam
1805 1261 1886 1332 pie
1905 1277 1994 1314 ra-

411 1370 550 1409 mum
577 1371 608 1408 a
631 1371 685 1410 se
712 1359 929 1428 fractum
959 1363 1098 1408 tanto
1125 1354 1290 1409 studio
1315 1353 1466 1408 radis:
1490 1351 1739 1407 catholica
1764 1353 1994 1423 inquirit,

405 1447 451 1501 si
492 1462 664 1501 ramus
707 1446 817 1517 ipse
851 1445 1079 1502 similiter
1103 1461 1134 1499 a
1173 1461 1227 1500 se
1269 1460 1477 1514 parvum
1518 1446 1747 1515 fragmen
1784 1442 1997 1496 incisum

407 1538 479 1591 sic
500 1537 736 1609 colligere
777 1536 1045 1592 laboravit.
1070 1535 1140 1591 Et
1166 1535 1265 1591 alia
1294 1550 1474 1590 manu.
1506 1533 1756 1606 Optamus
1783 1543 1858 1601 te,
1887 1532 1995 1603 ﬁli,

406 1630 458 1682 in
489 1627 706 1682 Domino
730 1628 850 1683 bene
877 1628 1058 1683 valere.

476 1738 530 1794 8.
569 1737 686 1806 Quo
725 1738 952 1795 recitato
991 1737 1324 1810 Augustinus
1367 1737 1653 1810 episcopus
1678 1737 1812 1793 dixit
1845 1756 1856 1793 :
1887 1738 1998 1793 Au-

406 1830 537 1899 dite,
566 1832 655 1902 qui
683 1832 933 1898 nescitis;
977 1831 1158 1888 audite
1178 1873 1193 1898 ,
1219 1832 1445 1887 obsecro
1473 1845 1588 1887 vos.
1623 1832 1733 1887 Deo
1761 1832 1957 1903 gratias
1981 1873 1997 1898 ,

405 1921 529 1991 quia
558 1921 674 1991 ipso
715 1929 979 1992 praesente
1016 1922 1224 1994 loquor.
1255 1920 1482 1977 Causam
1527 1923 1680 1977 istam
1726 1922 1999 1978 Maximia-

407 2013 667 2068 nistarum
688 2055 703 2078 ,
729 2029 888 2084 quam
914 2013 1038 2070 volo
1059 2013 1220 2070 modo
1244 2014 1396 2069 vobis
1423 2029 1691 2085 exponere
1713 2057 1726 2082 ,
1758 2015 1846 2070 ubi
1876 2030 1997 2070 om-

408 2106 552 2160 nium
583 2104 966 2161 calumniarum
1009 2121 1222 2162 suarum
1266 2115 1515 2177 tanquam
1557 2107 1814 2162 malarum
1857 2123 2002 2180 mer-

407 2197 546 2250 cium
578 2210 765 2252 navem
794 2195 1069 2268 fregerunt
1101 2215 1114 2251 :
1147 2212 1363 2252 causam
1389 2213 1517 2269 ergo
1547 2198 1702 2253 istam
1731 2198 2004 2252 Maximia-

409 2291 668 2347 nistarum
687 2305 808 2347 cum
830 2291 988 2346 toties
1006 2290 1390 2362 objecissemus
1411 2291 1464 2344 in
1482 2299 1664 2346 nostra
1684 2291 1998 2358 Collatione,

410 2382 544 2436 nihil
570 2381 826 2437 adversus
845 2397 963 2435 eam
987 2382 1166 2436 dicere
1194 2389 1511 2451 potuerunt;
1536 2380 1588 2435 id
1609 2390 1692 2435 est
1709 2423 1726 2448 ,
1750 2380 2004 2438 adversus

409 2471 766 2542 objectionem
788 2482 1024 2527 nosuam
1049 2472 1207 2526 toties
1227 2472 1503 2538 insertam,
1525 2473 1680 2528 toties
1699 2473 1977 2542 repetitam

413 2564 572 2621 toties
592 2580 776 2620 eorum
807 2565 1068 2621 frontibus
1093 2565 1283 2620 illisam
1302 2607 1318 2633 ,
1348 2564 1480 2620 nihil
1509 2565 1730 2620 omnino
1771 2580 2002 2636 respon-

414 2657 544 2714 dere
565 2668 886 2730 potuerunt,
917 2659 1038 2729 quia
1067 2659 1208 2730 quod
1236 2659 1618 2730 responderent
1647 2674 1754 2714 non
1787 2659 2004 2714 invene-

411 2760 552 2806 runt.
586 2749 779 2805 Audite
815 2765 942 2822 ergo
979 2750 1119 2804 illam
1150 2749 1448 2820 diligenter.
1480 2749 1619 2805 Ecce
1645 2749 1734 2805 hic
1761 2758 1878 2816 est,
1906 2765 2003 2806 au-

411 2844 490 2899 dit
515 2858 602 2899 me
631 2861 646 2899 :
675 2844 718 2899 si
764 2844 1013 2907 mentior,
1045 2843 1354 2913 redarguat,
1400 2841 1626 2912 probare
1650 2856 1737 2897 me
1765 2842 2004 2912 compel-

410 2936 504 2991 lat.
533 2935 693 2992 Gesta
713 2935 926 3006 quidem
949 2936 1061 3005 ipsa
1088 2934 1173 2990 hic
1201 2950 1307 2989 non
1335 2944 1486 3001 sunt,
1515 2934 1608 2989 sed
1635 2933 1706 2988 ibi
1733 2936 1803 2989 sit
1822 2949 2001 2990 causa.

413 3025 668 3080 Feramus
695 3027 957 3096 quaslibet
984 3025 1265 3081 dilationes
1285 3066 1301 3092 ,
1332 3034 1388 3079 ut
1430 3023 1498 3079 ad
1539 3024 1860 3080 documenta
1904 3041 2003 3081 ne-

411 3108 642 3164 cessaris
671 3109 977 3176 veniamus,
1006 3109 1051 3163 si
1079 3107 1374 3179 probavero
1399 3108 1539 3179 quod
1567 3108 1708 3164 dico.
1740 3108 1796 3165 Si
1823 3117 2004 3165 tamen

412 3199 538 3255 inde
567 3197 790 3267 dubitat,
811 3210 922 3268 aut,
949 3199 1092 3271 quod
1117 3199 1287 3265 absit,
1310 3199 1554 3256 dubitare
1575 3214 1633 3256 se
1657 3200 1836 3271 ﬁngit,
1863 3199 2004 3271 quod

413 3305 542 3361 pace
568 3291 684 3362 ejus
727 3290 986 3357 dixerim,
1017 3306 1123 3347 non
1169 3291 1554 3359 communicet,
1597 3292 1640 3346 si
1671 3305 1778 3347 non
1808 3291 2003 3362 proba-

411 3397 557 3437 vero.
585 3381 642 3438 Si
670 3391 847 3438 autem
876 3383 977 3437 scit
1016 3382 1126 3453 jam
1156 3396 1242 3437 me
1290 3396 1472 3437 verum
1514 3382 1725 3447 dicere,
1768 3391 1823 3438 et
1857 3382 2006 3437 novit

413 3485 692 3543 prepterea
718 3474 1047 3545 respondere
1091 3475 1327 3528 noluisse
1345 3517 1360 3542 ,
1392 3473 1516 3545 quia
1541 3475 1684 3545 quod
1712 3474 2004 3545 responde-

411 3575 494 3620 ret
537 3581 644 3621 non
671 3567 844 3637 potuit
871 3567 1150 3633 invenire;
1192 3559 1447 3638 rogo‘vos
1479 3576 1538 3622 ut
1579 3568 1678 3638 ipsi
1712 3568 1960 3639 judicetis
1984 3610 1998 3636 ,

409 3657 537 3728 quid
584 3660 654 3714 sit
699 3659 1025 3715 tolerabilius
1070 3660 1125 3713 in
1171 3658 1376 3715 honore
1419 3673 1517 3714 suo
1555 3659 1827 3730 suscipere
1869 3675 1898 3714 a
1943 3674 2004 3715 se

411 3748 718 3805 damnatum
739 3792 755 3816 ,
785 3764 854 3805 an
884 3749 1103 3805 fratrem
1132 3766 1422 3822 agnoscere
1447 3765 1553 3806 non
1580 3752 1863 3823 aliquando
1889 3767 1919 3806 a
1943 3767 2002 3808 se

411 3841 734 3896 convictum.
781 3840 1042 3897 lntendite
1063 3883 1077 3908 ,
1123 3843 1380 3908 obsecro,
1413 3842 1592 3898 audite
1622 3845 1997 3900 narrationem.

482 3933 536 3987 9.
579 3933 930 3989 Maximianus
955 3935 1170 4005 quidam
1201 3936 1458 3990 diaconus
1479 3935 1579 3991 fuit
1601 3937 1986 4009 Carthaginen-

420 4025 512 4091 sis,
538 4024 590 4079 in
620 4031 766 4093 parte
797 4025 1023 4092 Donati;
1054 4027 1167 4081 sive
1195 4027 1387 4082 merito
1412 4027 1674 4096 superbia:
1702 4043 1832 4095 suae,
1865 4029 1995 4093 sive,

425 4124 480 4169 ut
519 4115 618 4186 ipsi
645 4124 849 4186 putant,
897 4117 1089 4172 merito
1109 4116 1330 4186 justitize
1373 4132 1503 4184 sme,
1540 4117 1761 4173 offendit
1795 4119 1998 4192 episco-

417 4216 540 4270 pum
568 4215 745 4265 suum,
780 4201 831 4255 id
856 4211 958 4267 est,
991 4201 1315 4257 Primianum
1341 4201 1811 4273 Carthaginensem
1837 4221 1852 4271 ;
1886 4207 1998 4260 sive

419 4291 621 4362 inique,
654 4292 697 4347 si
736 4293 1000 4363 superbus
1038 4295 1349 4360 meliorem;
1381 4296 1493 4350 sive
1515 4294 1678 4366 juste,
1733 4297 1774 4350 si
1804 4297 1999 4366 probus

417 4385 813 4456 improbiorem.
845 4385 1350 4441 Excommunicatus
1375 4394 1458 4441 est
1483 4401 1514 4440 a
1552 4386 1844 4453 Primiano,
1869 4403 1994 4458 per-

411 4477 549 4532 rexit
585 4476 650 4532 ad
687 4477 968 4548 episcopos
1002 4478 1230 4544 vicinos,
1276 4478 1563 4532 concitavit
1593 4478 1845 4532 invidiam
1877 4478 1996 4533 Pri-

411 4569 606 4634 miano,
635 4568 902 4624 accusavit
920 4583 1043 4623 eum
1073 4569 1210 4640 apud
1234 4569 1370 4624 illos.
1407 4569 1632 4625 Ventum
1663 4579 1747 4625 est
1775 4569 1839 4624 ad
1863 4567 1997 4625 Car-

411 4660 676 4730 thaginem
726 4677 739 4712 :
785 4659 1069 4714 voluerunt
1115 4660 1203 4730 qui
1249 4669 1508 4714 venerunt
1553 4661 1701 4714 multi
1755 4661 1993 4731 episcopi

410 4750 720 4816 Donatistae,
749 4748 817 4805 ad
844 4765 903 4805 se
927 4749 1110 4804 venire
1137 4749 1498 4815 Primianum;
1541 4750 1680 4805 sicut
1715 4751 1998 4806 voluerunt

410 4843 641 4910 majores
679 4842 900 4897 istorum
931 4841 998 4897 ad
1040 4856 1098 4898 se
1134 4841 1318 4898 venire
1345 4841 1708 4897 Cmoilianum.
1744 4839 1997 4898 Factione

413 4934 644 5003 cognita,
672 4934 844 4989 noluit
881 4933 948 4990 ad
993 4935 1123 4990 istos
1151 4935 1336 4990 venire
1379 4933 1710 4998 Primianus;
1761 4935 1901 4988 sicut
1927 4933 1995 4989 ad

411 5027 531 5082 illos
560 5027 726 5081 noluit
754 5029 940 5083 venire
977 5026 1314 5083 Caecilianus.
1350 5028 1639 5081 Damnatus
1678 5035 1761 5080 est
1788 5026 1854 5080 ab
1881 5026 1994 5081 istis

407 5119 601 5174 absens
630 5118 930 5174 Primianus
952 5137 968 5186 ;
994 5120 1134 5176 sicut
1153 5121 1222 5175 ab
1247 5120 1353 5175 illis
1380 5119 1661 5174 damnatus
1687 5127 1771 5174 est
1798 5119 1993 5174 absens

405 5209 741 5266 Caecilianus.
792 5211 1013 5279 Qualem
1070 5213 1352 5284 imaginem
1401 5228 1579 5268 rerum
1636 5213 1800 5267 voluit
1855 5213 1994 5268 Deus

405 5313 531 5361 ante
558 5302 746 5360 oculos
769 5313 980 5360 nostros
1003 5305 1201 5362 recenti
1224 5314 1464 5376 tempore
1495 5319 1712 5374 ponere,
1741 5304 1989 5373 quoniam

404 5399 564 5456 nimis
578 5399 791 5470 antiqua
811 5399 920 5469 jam
946 5398 1156 5455 delebat
1187 5399 1400 5454 oblivio.
1440 5398 1727 5452 Damnatus
1757 5405 1839 5451 est
1865 5396 1988 5451 abs-

404 5505 521 5546 ens.
570 5490 653 5546 Ab
676 5490 795 5547 aliis
821 5491 1084 5561 episc0pis
1116 5493 1280 5562 partis
1305 5491 1493 5546 Donati
1519 5489 1816 5544 Primianus
1837 5504 1988 5543 com-

406 5585 643 5640 munioni
666 5595 750 5641 est
790 5585 1100 5649 restitutus;
1130 5585 1238 5640 imo
1263 5585 1387 5655 quia
1428 5598 1552 5640 eum
1580 5599 1684 5638 non
1723 5583 1988 5654 deposue-

406 5683 549 5742 runt,
583 5675 634 5730 in
677 5690 772 5732 sua
814 5675 942 5731 sede
969 5676 1207 5729 ﬁrmatus
1247 5683 1349 5729 est.
1381 5674 1626 5728 Damnati
1665 5683 1790 5727 sunt
1819 5671 1986 5726 Maxi-

409 5770 694 5838 lnianistm;
726 5771 860 5826 sicut
889 5783 916 5822 a
943 5766 1233 5844 peregrinis
1250 5765 1514 5836 episcopis
1542 5774 1589 5819 et
1615 5764 1984 5819 transmarinis

1321 315 1405 370 DE
1431 315 1670 372 GESTIS
1706 317 1846 373 CUM
1889 317 2206 385 EMERITO,
2248 321 2303 376 S.
2347 321 2714 379 AUGUS'I‘INI

3596 328 3712 386 704

2095 437 2342 493 absoluto
2370 438 2654 494 Caeciliano
2676 441 2866 495 meruit
2890 441 3131 498 damnari
3164 443 3425 501 Donatus.
3463 445 3724 502 Damna-

2097 539 2183 585 tus
2234 540 2317 586 est
2379 531 2726 587 Maximianus
2773 549 2890 589 cum
2941 534 3220 591 duodecim
3286 536 3722 594 ordinatoribus

2098 623 2230 677 suis.
2274 621 2454 678 Factio
2480 623 2693 694 quidem
2741 625 2851 696 ipsa
2893 627 3150 696 plurimos
3188 628 3541 696 continebat,
3587 646 3722 686 cen—

2098 721 2211 768 tum
2247 725 2398 769 erant
2431 714 2670 770 fortassis
2698 718 2955 789 episcopi.
2983 717 3088 778 Sed
3129 736 3198 776 ne
3241 721 3416 790 major
3442 723 3722 793 praecisio

2099 802 2272 871 ﬁeret,
2304 805 2390 861 isti
2420 807 2701 863 voluerunt
2726 810 2908 879 paucis
2936 810 3182 880 dejectis,
3203 813 3388 868 multis
3413 813 3720 883 imponere

2098 899 2451 970 disciplinam.
2499 901 2831 958 Damnarunt
2883 904 3028 959 solos
3075 905 3165 976 qui
3212 904 3520 961 adfuerunt
3575 905 3719 960 ordi-

2100 993 2300 1048 nationi
2349 993 2673 1062 Maximiani,
2705 995 2921 1067 quando
2960 1005 3146 1052 contra
3183 999 3506 1068 episcopum
3551 1013 3718 1052 suum

2103 1083 2289 1140 illicite
2313 1092 2395 1139 est
2421 1084 2662 1141 elevatus
2686 1087 2988 1156 episcopus.
3022 1087 3212 1144 Ceteri
3235 1088 3289 1142 in
3315 1089 3431 1158 ipsa
3453 1086 3718 1142 factione

2101 1175 2395 1242 constituti,
2447 1177 2492 1231 si
2540 1176 2717 1233 redire
2764 1177 2830 1232 ad
2879 1178 3172 1234 Ecclesiam
3217 1180 3437 1246 vellent,
3492 1179 3560 1234 in
3605 1180 3718 1234 suis

2101 1269 2540 1341 permitterentur
2567 1269 2879 1325 honoribus.
2919 1270 3112 1327 Verbis
3131 1271 3347 1342 quidem
3373 1271 3493 1326 suis
3523 1281 3718 1326 osten-

2101 1361 2301 1418 debant
2335 1377 2428 1418 eos
2459 1362 2588 1418 foris
2616 1378 2738 1420 esse
2780 1363 2847 1420 ab
2891 1364 3130 1420 Ecclesia
3161 1381 3175 1418 :
3207 1380 3365 1437 quem
3395 1366 3557 1421 enim
3589 1366 3718 1421 hor-

2102 1455 2233 1510 taris
2261 1463 2320 1510 ut
2361 1455 2544 1520 intret,
2589 1454 2721 1510 foris
2763 1465 2864 1511 est.
2903 1454 3207 1511 Constituto
3231 1471 3362 1527 ergo
3400 1455 3521 1521 die,
3569 1458 3715 1512 intra

2102 1564 2261 1620 quem
2292 1548 2436 1604 diem
2472 1547 2518 1604 si
2541 1549 2794 1614 redirent,
2820 1549 2898 1604 eis
2918 1547 3050 1602 nihil
3077 1547 3329 1604 obessent
3355 1563 3479 1618 quae
3509 1547 3716 1603 adver-

2102 1658 2194 1698 sus
2215 1641 2540 1698 Primianum
2566 1640 2902 1708 dicebantur,
2948 1641 3168 1697 decreto
3198 1640 3480 1711 Bagaiensi
3519 1641 3712 1695 tinua-

2103 1741 2246 1789 runt.
2277 1733 2568 1788 Damnatus
2606 1743 2688 1788 est
2713 1732 3063 1788 Maximianus
3089 1747 3210 1788 cum
3242 1731 3562 1787 duodecim.
3588 1731 3716 1788 Cas-

2104 1827 2184 1898 pit
2226 1826 2332 1896 agi,
2385 1833 2444 1881 ut
2485 1825 2722 1880 damnati
2762 1825 2831 1880 de
2859 1823 3095 1880 basilicis
3139 1823 3492 1895 pellerentur.
3525 1823 3714 1895 .lnter-

2104 1917 2370 1988 pellantur
2419 1915 2668 1986 judices,
2727 1915 3136 1986 interpellantur
3187 1915 3595 1986 proconsules,
3659 1917 3713 1970 in

2100 2009 2361 2080 judicium
2404 2008 2665 2080 allegatur
2703 2008 3006 2079 episcopale
3030 2007 3324 2080 Bagaiense
3357 2007 3662 2064 concilium
3697 2025 3710 2058 :

2105 2102 2353 2157 dicuntur
2403 2099 2662 2165 haeretici,
2721 2099 3159 2155 demonstrantur
3208 2099 3470 2166 damnati,
3529 2101 3711 2170 impe-

2106 2203 2315 2250 trantur
2344 2194 2634 2265 jussiones,
2679 2191 2876 2248 auxilia
2921 2202 3331 2263 congregantur,
3376 2192 3602 2247 venitur
3642 2192 3710 2246 ad

2107 2286 2399 2359 ejiciendos
2425 2285 2493 2342 de
2531 2285 2766 2342 basilicis
2792 2284 3034 2340 homines
3060 2275 3362 2352 damnatos,
3399 2293 3456 2340 et
3489 2285 3553 2340 in
3600 2299 3701 2340 sua

2107 2380 2398 2451 pertinacia
2436 2379 2772 2434 constitutos.
2807 2377 2912 2433 Illis
2952 2377 3342 2444 condemnatis,
3388 2376 3580 2448 populi
3608 2377 3702 2447 qui

2109 2474 2358 2530 favebant
2388 2473 2698 2529 restiterunt
2725 2490 2738 2526 :
2767 2471 2858 2527 ubi
2886 2485 2991 2526 non
3017 2479 3323 2542 potuerunt,
3353 2469 3482 2526 victi
3526 2479 3657 2526 sunt
3684 2486 3699 2534 ;

2110 2567 2161 2621 in
2189 2566 2363 2622 locum
2391 2580 2576 2622 eorum
2615 2563 2706 2635 qui
2741 2562 2866 2618 victi
2911 2570 3037 2618 sunt
3064 2570 3118 2618 et
3144 2562 3376 2633 expulsi,
3427 2561 3520 2617 alii
3555 2561 3702 2616 ordi-

2109 2659 2216 2713 nati
2260 2666 2404 2713 sunt.
2453 2656 2538 2711 Ex
2574 2655 2768 2727 quibus
2795 2655 2931 2711 duos
2975 2654 3243 2720 novimus,
3282 2663 3341 2708 ut
3378 2652 3450 2710 de
3486 2655 3704 2709 caeteris

2112 2761 2402 2817 taceamus,
2444 2765 2609 2804 unum
2651 2747 3002 2814 Felicianum,
3044 2747 3271 2801 alterum
3316 2745 3704 2801 Praetextatum

2110 2843 2503 2896 Assuritanum.
2547 2839 2694 2908 Quos
2744 2847 2864 2909 post
2900 2852 3070 2892 annos
3113 2835 3250 2892 duos
3290 2847 3382 2893 aut
3425 2845 3560 2905 tres,
3608 2853 3704 2907 per

2107 2932 2358 3002 Optatum
2393 2931 2767 2987 Gildonianum
2792 2937 2914 3000 post
2939 2929 3136 2984 multas
3173 2927 3276 2984 illis
3306 2927 3479 2984 illatas
3508 2944 3700 2998 perse-

2109 3025 2349 3078 cutiones
2367 3022 2668 3092 judiciariis
2694 3019 3157 3092 prosecutionibus
3180 3027 3236 3075 et
3267 3027 3377 3074 tota
3403 3020 3700 3074 acrimonia

2109 3124 2430 3186 potestatum
2468 3115 2521 3169 in
2561 3115 2671 3170 suis
2710 3113 2999 3170 honoribus
3036 3120 3406 3183 susceperunt.
3444 3111 3580 3168 Post
3607 3112 3700 3168 da-

2110 3209 2432 3264 mnationem
2473 3215 2795 3278 suam,,post
2831 3207 3171 3276 ejectionem,
3215 3213 3339 3276 post
3367 3207 3699 3276 persecutio-

2109 3317 2204 3358 nes
2227 3308 2577 3371 susceperunt
2604 3299 2722 3354 illos
2749 3299 2805 3352 in
2844 3297 3134 3353 honoribus
3174 3296 3305 3364 suis,
3339 3295 3697 3367 adjunxerunt

2107 3395 2209 3452 sibi
2231 3395 2404 3450 socios
2431 3403 2588 3463 atque
2610 3392 2858 3463 collegas.
2889 3389 3022 3445 Nam
3046 3390 3100 3444 in
3128 3389 3249 3444 loco
3272 3388 3433 3444 unius
3458 3389 3694 3460 ipsorum

2110 3485 2417 3542 Pranextati
2443 3481 2765 3546 Assuritani,
2810 3480 2972 3535 alium
3011 3481 3122 3551 jam
3165 3479 3550 3534 ordinaverunt
3595 3495 3692 3534 uo-

2108 3581 2250 3637 mine
2279 3579 2560 3650 Rogatum,
2583 3575 2671 3647 qui
2699 3574 2856 3630 modo
2876 3573 3168 3628 catholicus
3193 3583 3294 3639 est,
3317 3573 3402 3628 cui
3427 3573 3690 3628 exercitus

2107 3675 2352 3737 istorum,
2383 3669 2437 3726 id
2463 3677 2564 3733 est,
2593 3683 2785 3739 agmen
2818 3665 3340 3729 Circumcellionum,
3381 3665 3615 3735 linguam
3638 3674 3690 3720 et

2108 3779 2322 3820 manum
2356 3759 2611 3833 praecidit.
2659 3757 2740 3814 Illi
2783 3767 2958 3812 autem
2998 3757 3088 3827 qui
3130 3771 3224 3826 per
3268 3756 3439 3826 ipsum
3484 3765 3689 3827 tempus

2107 3872 2213 3927 quo
2258 3855 2331 3910 illi
2363 3853 2598 3910 damnati
2629 3850 2760 3906 foris
2810 3857 2983 3915 erant,
3037 3848 3205 3904 ferme
3248 3865 3341 3918 per
3381 3849 3679 3913 triennium,

2106 3951 2352 4022 baptizati
2381 3959 2504 4005 sunt
2523 3965 2551 4001 a
2582 3947 2867 4014 damnatis,
2892 3945 3138 4017 baptizati
3167 3953 3291 4000 sunt
3318 3943 3452 4000 foris
3477 3945 3543 4000 ab
3574 3945 3673 4000 Ec-

2106 4044 2267 4100 clesia
2311 4044 2555 4109 istorum,
2599 4041 2677 4097 sic
2721 4048 2844 4095 sunt
2887 4037 3137 4109 suscepti.
3183 4036 3353 4092 Nemo
3391 4036 3540 4101 dixit,
3572 4037 3679 4092 Non

2104 4138 2271 4194 habes
2310 4137 2657 4208 Baptismum,
2689 4135 2810 4205 quia
2850 4132 2980 4188 foris
3011 4147 3069 4187 es
3096 4132 3408 4202 baptizatus.
3438 4131 3502 4186 Et
3530 4131 3676 4187 reba-

2104 4232 2334 4302 ptizatur
2375 4229 2466 4300 qui
2492 4228 2637 4284 venit
2677 4227 2744 4283 de
2772 4226 3007 4298 Epheso,
3043 4225 3112 4280 de
3150 4224 3400 4297 Smyrna,
3425 4224 3491 4279 de
3514 4224 3674 4281 Thes-

2104 4324 2359 4387 salonica,
2392 4321 2460 4377 de
2501 4319 2712 4376 cmteris
2750 4317 3004 4374 Ecclesiis
3036 4331 3168 4388 quas
3195 4331 3294 4372 suo
3323 4314 3504 4370 labore
3547 4316 3671 4386 Apo-

2103 4418 2228 4473 stoli
2269 4416 2660 4487 plantavenmt,
2700 4423 2754 4468 et
2793 4411 2860 4466 ad
2886 4425 3017 4482 quas
3042 4409 3268 4480 legimus
3311 4410 3501 4464 missas
3536 4410 3670 4479 Apo-

2103 4512 2362 4569 stolorum
2390 4509 2677 4579 Epistolas,
2699 4521 2832 4578 quas
2856 4504 3104 4560 audimus
3122 4503 3176 4558 in
3200 4502 3428 4559 ecclesia
3452 4501 3666 4558 recitari.

2175 4603 2263 4660 10.
2303 4602 2577 4659 Sententia
2607 4609 2814 4655 tenetur
2847 4615 2858 4652 :
2889 4607 2945 4653 et
2971 4606 3225 4668 quantum
3263 4595 3579 4659 audivimus,
3609 4596 3666 4649 ab

2103 4701 2220 4771 ipso
2250 4696 2410 4752 fratre
2431 4704 2636 4762 nostro,
2664 4707 2821 4764 quem
2855 4691 3000 4746 Deus
3019 4689 3176 4745 faciat
3199 4698 3447 4760 pacatum
3467 4686 3667 4742 fratrem

2104 4800 2367 4855 nostrum,
2405 4787 2473 4843 ab
2519 4788 2622 4842 isto
2663 4784 2902 4840 Emerito
2938 4791 3021 4837 est
3047 4781 3242 4836 dictata
3290 4781 3545 4835 sententia
3589 4780 3665 4833 ubi

2103 4883 2176 4938 illi
2202 4879 2438 4936 damnati
2463 4886 2607 4935 sunt.
2639 4877 2869 4947 Legatur
2893 4875 3006 4944 ipsa
3052 4872 3314 4928 sententia
3359 4870 3450 4926 ubi
3479 4871 3549 4925 illi
3578 4870 3667 4926 da-

2101 4973 2269 5029 mnati
2300 4979 2444 5038 sunt,
2472 4980 2526 5025 et
2558 4971 2762 5040 legatur
2791 4966 3054 5022 sententia
3082 4964 3170 5019 ubi
3201 4961 3538 5018 Cmcilianum
3578 4962 3663 5018 da-

2101 5072 2420 5120 mnaverunt
2458 5061 2689 5132 majores
2717 5060 2974 5120 istorum;
3005 5065 3058 5112 et
3079 5055 3356 5111 videamus
3383 5055 3468 5125 qui
3494 5055 3566 5109 rei
3591 5069 3668 5124 pe

2097 5162 2244 5232 jores
2287 5156 2410 5211 facti
2445 5163 2591 5220 sunt,
2634 5152 2723 5224 qui
2767 5151 3014 5222 graviore
3049 5148 3314 5205 sententia
3362 5147 3544 5218 puniti,
3585 5147 3665 5217 qui

2100 5250 2323 5320 strepitu
2364 5246 2567 5316 majore
2595 5243 2852 5299 damnati.
2883 5242 2959 5298 lbi
2999 5239 3134 5296 dixit
3162 5257 3176 5294 :
3202 5239 3343 5294 Licet
3369 5239 3500 5292 enim
3533 5239 3664 5308 ripe-

2097 5343 2173 5397 rei
2220 5339 2425 5396 seminis
2469 5337 2647 5392 noxios
2699 5345 2873 5407 partus
2914 5333 3142 5388 venenati
3195 5331 3326 5385 uteri
3371 5331 3536 5385 alveus
3585 5330 3663 5383 diu

2101 5432 2296 5498 texerit,
2344 5439 2390 5485 et
2427 5428 2656 5497 concepti
2695 5426 2895 5481 sceleris
2938 5425 3044 5478 uda
3084 5421 3303 5494 coagula
3346 5421 3404 5476 in
3451 5420 3661 5490 aspidm

2097 5525 2322 5578 membra
2345 5521 2491 5575 tardo
2511 5535 2564 5574 se
2587 5519 2754 5573 calore
2775 5516 3158 5588 vaporauerint;
3190 5523 3356 5569 tamen
3386 5521 3657 5584 conceptum

2095 5619 2233 5672 virus
2257 5621 2575 5670 evanescente
2601 5609 2896 5666 umbraculo
2927 5609 3170 5664 occultari
3198 5624 3301 5663 non
3326 5606 3503 5676 potuit.
3532 5603 3653 5659 Nam

2095 5713 2189 5768 etsi
2215 5726 2349 5776 sero,
2376 5706 2634 5780 publicum
2661 5715 2828 5759 tamen
2857 5705 3072 5776 facinus,
3101 5713 3148 5756 et
3183 5702 3506 5772 parricidium
3527 5717 3655 5754 suum

2099 5805 2197 5875 {eta
2221 5802 2462 5857 scelerum
2487 5809 2599 5853 uota
2623 5806 2936 5868 pepererunt.
2966 5795 3113 5863 Quod
3133 5803 3246 5848 ante
3267 5795 3549 5865 prce-dictum
3565 5805 3628 5846 est
3639 5811 3653 5844 :
