3804 6180
45 304 207 362 705

59 440 86 474 ε
120 418 770 492 Parturiitinjustitiam,
800 419 1029 488 concepit
1055 417 1302 486 dolorem,
1335 427 1382 474 et
1404 419 1594 488 peperit
1622 419 1723 472 ini-

48 516 376 584 quitatem
401 534 420 569 ι
463 512 634 587 (Psal.
662 529 756 582 vn,
799 513 913 584 15).
951 511 1059 569 Sed
1086 513 1326 582 quoniam
1348 527 1583 566 serenum
1618 512 1725 577 iam

59 608 288 679 fulget
333 625 360 664 e
383 608 572 673 nubilo,
602 624 694 663 nec
718 617 788 664 est
821 610 1035 679 confusa
1059 607 1327 661 criminum
1359 607 1488 661 silva
1512 622 1627 660 cum
1656 606 1725 659 ad

55 718 334 769 pernam
366 703 626 775 designata
663 712 780 757 sunt
816 702 1024 756 nomina
1055 700 1419 772 :indulgentiw
1458 702 1592 754 enim
1624 715 1722 753 an-

57 793 262 848 tehac
311 799 493 867 fuerat,
526 794 648 848 dum
673 794 950 850 clementia:
974 792 1274 848 dimittimus
1301 793 1507 860 lineam,
1536 791 1722 846 invenit

51 904 273 943 causa
310 906 431 961 quos
470 889 667 959 puniat.
709 888 776 944 Et
810 888 947 943 inter
981 897 1172 943 castera
1201 905 1214 941 :
1246 885 1558 960 Loquamur,
1590 886 1718 940 cha-

53 980 316 1035 rissima”
357 983 562 1054 fratres,
610 981 893 1036 schismatis
920 997 1122 1048 causas,
1163 980 1284 1050 quia
1310 981 1416 1047 iam
1455 997 1556 1034 non
1597 995 1719 1048 pos-

55 1091 302 1130 sumus
347 1085 508 1130 tacere
553 1092 812 1146 personas.
859 1073 1232 1128 Maximianum
1281 1074 1402 1142 fidei
1452 1073 1714 1138 ternulmn,

57 1168 347 1222 ueritatis
373 1166 682 1233 adulterum,
723 1165 968 1222 Ecclesia:
995 1167 1171 1221 matris
1199 1166 1479 1232 inimicum,
1509 1164 1713 1231 Dat/ue,

63 1261 312 1329 Chore,
362 1271 409 1316 et
453 1262 641 1317 Abiron
684 1262 990 1316 ministrum.
1032 1261 1157 1316 Haec
1195 1260 1357 1314 verba
1400 1267 1526 1314 sunt
1553 1257 1716 1328 partis

61 1354 315 1410 Donati
345 1355 399 1410 in
441 1354 878 1420 Maximianistas,
923 1354 1026 1409 isto
1068 1362 1127 1408 ut
1154 1352 1452 1408 audivimus
1479 1351 1714 1408 dictante

68 1447 348 1517 prolata.
377 1445 536 1503 Scitis
564 1456 740 1502 autem
766 1446 855 1516 qui
882 1445 991 1500 sint
1027 1445 1251 1512 Dathan,
1281 1444 1476 1509 Chore,
1499 1452 1554 1498 et
1580 1443 1713 1498 Abi-

67 1555 221 1595 ron.
296 1539 401 1612 Ipsi
455 1541 627 1611 primo
683 1539 916 1595 schisma
974 1540 1242 1604 fecerunt,
1309 1537 1505 1608 quibus
1555 1552 1713 1608 paena

72 1634 318 1689 usitata
375 1649 482 1690 non
538 1634 767 1699 sull‘ecit,
823 1634 970 1689 vivos
1023 1642 1204 1703 aperta
1248 1641 1388 1688 terra
1441 1631 1714 1686 devoravit

75 1723 312 1796 (Num.
344 1740 456 1792 xvn,
488 1725 603 1794 32).
649 1724 850 1789 Dathaz,
895 1724 1122 1780 Choreet
1164 1725 1353 1778 Abiron
1402 1725 1709 1790 ministrum,

75 1815 285 1871 verba
325 1815 490 1886 ipsius
536 1824 661 1870 sunt
697 1815 762 1869 de
805 1815 946 1886 pacis
986 1819 1173 1887 gremio
1216 1815 1474 1870 sententia:
1520 1816 1710 1887 fulmen

73 1908 358 1964 excussit.
391 1909 582 1965 Audite
625 1909 818 1965 adhuc.
857 1907 924 1962 Et
960 1909 1096 1980 quod
1135 1909 1304 1963 adhuc
1342 1926 1474 1975 eum,
1519 1909 1707 1980 inquit,

76 2001 382 2056 dehiscens
423 2010 558 2057 terra
585 2019 685 2056 non
713 2001 989 2070 absorbuit,
1038 2003 1106 2056 ad
1147 2004 1313 2073 majus
1332 2002 1588 2073 judicium
1607 2003 1709 2057 ‘su—

79 2094 247 2149 veris
297 2095 584 2151 reservavit.
625 2094 828 2166 Raptus
869 2097 1002 2150 enim
1045 2113 1245 2167 pernam
1289 2097 1371 2152 sui
1410 2097 1709 2168 compendio

81 2186 400 2242 lucraverat
450 2188 662 2259 funeris,
716 2204 897 2244 usuras
938 2206 1070 2244 nunc
1118 2191 1362 2262 gravioris
1404 2192 1596 2264 colligit
1633 2195 1709 2264 fe-

79 2279 274 2346 noris,
323 2297 438 2334 cum
475 2291 701 2336 mortuus
742 2282 946 2338 interest
986 2283 1124 2338 vivis.
1170 2283 1343 2340 Verba
1379 2295 1503 2341 sunt
1542 2286 1708 2356 ipsius

85 2372 500 2429 Maximianum
527 2375 850 2442 damnantis,
879 2378 963 2432 vel
994 2378 1190 2449 potius,
1224 2389 1282 2433 ut
1309 2381 1425 2450 ipse
1449 2380 1597 2445 dicit,
1622 2398 1708 2436 ore

84 2467 358 2535 veridico,
391 2468 740 2526 fulminantis.
770 2471 835 2526 Et
865 2481 1040 2527 tamen
1081 2472 1290 2528 collecti
1317 2483 1442 2529 sunt
1469 2474 1702 2544 aspides,

88 2559 338 2629 viperae,
370 2562 685 2631 parricidas;
732 2578 832 2618 nec
876 2564 1188 2621 exsulllamr
1214 2565 1516 2638 Baptismus
1545 2583 1705 2639 quem

86 2652 259 2708 dedit
295 2654 461 2724 aspis,
490 2656 692 2726 vipera,
721 2656 1005 2727 parricida.
1048 2658 1288 2714 Audistis
1309 2668 1539 2730 quantus
1569 2661 1706 2733 ignis

91 2746 380 2801 exarserit
422 2748 759 2818 eloquentiae,
808 2751 1019 2820 quando
1072 2751 1274 2808 invenit
1327 2752 1510 2810 fenum
1562 2757 1706 2827 quod

89 2847 296 2906 posset
325 2837 629 2896 incendere.
676 2840 863 2897 Frater
895 2842 1152 2908 Emerite,
1195 2846 1478 2915 amplexus
1506 2863 1564 2904 es
1591 2847 1703 2903 fra-

95 2934 246 2984 trem
284 2939 430 2985 tunm
471 2932 820 3002 Felicianum,
863 2936 936 2990 tui
981 2936 1090 2991 oris
1117 2935 1336 2994 fulmine
1377 2940 1704 2997 condemna-

93 3030 216 3076 tum
250 3041 266 3078 :
295 3040 525 3097 agnosce
566 3024 788 3084 fratrem
823 3038 970 3084 tuum
1016 3029 1346 3099 Deuterium,
1400 3033 1494 3089 tibi
1540 3034 1702 3091 etiam

94 3129 312 3186 genere
330 3119 608 3174 sociatum.

172 3210 270 3265 11.
315 3211 800 3282 Quotiescumque,
851 3213 1045 3270 fratres
1099 3215 1228 3283 mei,
1279 3231 1492 3272 causam
1546 3218 1700 3274 istam

95 3299 639 3371 Maximianistarum,
680 3319 838 3374 quam
879 3305 1020 3360 sicut
1067 3306 1213 3376 potui
1259 3307 1408 3362 vobis
1456 3311 1698 3380 exposui,

95 3392 178 3449 eis
199 3407 332 3449 cum
361 3393 414 3449 in
439 3391 734 3453 Collatione
760 3411 1060 3469 ageremus,
1088 3397 1403 3468 objecimus,
1427 3400 1545 3471 plus
1577 3401 1703 3458 inde

98 3486 295 3552 tacuit,
323 3501 480 3556 quam
523 3488 683 3543 modo
709 3488 763 3544 in
791 3490 1038 3545 omnibus
1076 3499 1235 3546 tacet.
1279 3491 1394 3547 Non
1439 3508 1499 3549 se
1524 3495 1702 3549 occul-

99 3587 220 3632 tent
247 3579 701 3650 tergiversatoria,
725 3596 831 3636 non
854 3580 1186 3651 defensione,
1211 3583 1304 3638 sed
1333 3583 1478 3655 fuga.
1510 3585 1702 3641 Dicunt

99 3672 248 3726 enim
282 3671 424 3743 quod
450 3672 759 3729 dilationem
801 3674 909 3730 illis
935 3674 1202 3742 dederint,
1242 3684 1297 3732 et
1324 3676 1462 3732 intra
1490 3677 1698 3733 dilatio-

99 3778 229 3820 nem
255 3763 379 3819 illos
411 3780 537 3821 suos
575 3767 934 3837 susceperint.
979 3767 1096 3824 Hoc
1127 3768 1320 3824 falsum
1356 3777 1458 3826 est.
1491 3769 1700 3827 Duode-

101 3856 208 3911 cim
239 3856 385 3912 enim
426 3873 548 3914 cum
583 3857 904 3915 Maximiano
932 3858 1170 3915 damnati
1200 3871 1325 3916 sunt
1348 3877 1362 3927 ;
1389 3861 1570 3918 caeteri
1599 3877 1697 3918 au-

104 3955 213 4002 tem
245 3963 355 4003 non
391 3949 614 4004 aderant
650 3949 970 4005 ordinationi
1007 3951 1142 4022 ejus,
1172 3952 1384 4022 quando
1410 3954 1458 4009 ei
1500 3969 1692 4010 manus

102 4040 355 4112 imposita
391 4050 516 4098 est:
546 4043 652 4098 illis
689 4043 997 4101 dilationem
1041 4045 1322 4103 dederunt.
1367 4046 1498 4104 Nam
1535 4049 1698 4106 verba

103 4133 276 4204 ipsius
315 4135 412 4190 ista
443 4145 586 4191 sunt.
619 4135 730 4191 Nec
767 4141 932 4193 solum
972 4141 1127 4208 hunc,
1170 4140 1359 4212 inquit,
1390 4143 1593 4199 sceleris
1619 4144 1700 4199 sui

102 4243 243 4283 mors
256 4228 403 4301 justa
430 4230 730 4286 condemnat
751 4247 771 4296 ;
792 4234 946 4286 trahit
980 4235 1129 4288 etiam
1159 4235 1227 4289 ad
1255 4237 1562 4290 consortium
1594 4239 1698 4292 cri-

105 4322 258 4376 minis
282 4323 525 4392 plnrimos
549 4334 724 4378 catena
750 4326 1024 4397 sacrilegii,
1050 4327 1112 4380 de
1131 4328 1309 4397 quibus
1337 4330 1581 4400 scriptum
1601 4340 1695 4397 est,

113 4431 130 4464 ‹
173 4411 434 4470 Venenum
463 4418 697 4486 aspidum
723 4419 814 4473 sub
841 4419 987 4473 labiis
1013 4435 1207 4489 eorum,
1240 4438 1456 4492 quorum
1494 4439 1550 4479 os
1587 4441 1698 4477 ma-

108 4504 375 4561 ledictione
407 4518 454 4562 et
481 4510 822 4565 amaritudine
841 4510 1047 4582 plenum
1075 4521 1186 4578 est;
1215 4514 1405 4569 veloces
1435 4515 1586 4586 pedes
1606 4533 1694 4572 eo-

110 4614 220 4654 rum
249 4600 316 4653 ad
343 4599 706 4667 e/Tundendum
731 4605 1046 4675 sanguinem.
1075 4605 1321 4661 Contritio
1351 4618 1397 4661 et
1422 4609 1695 4681 infelicitas

111 4688 164 4743 in
188 4692 282 4745 viis
309 4707 501 4758 eorum,
549 4702 593 4748 et
622 4694 755 4748 viam
781 4696 918 4765 pacis
959 4713 1058 4750 non
1085 4707 1422 4769 cognoverunt
1449 4713 1468 4752 :
1498 4715 1600 4755 non
1623 4710 1696 4756 est

111 4781 261 4836 timor
301 4781 393 4838 Dei
419 4794 536 4837 ante
578 4785 751 4840 oculos
790 4802 962 4840 eorum
992 4807 1010 4840 ι
1048 4785 1217 4856 (Psat.
1244 4805 1352 4855 Vlll,
1388 4789 1465 4861 5).
1508 4789 1693 4847 Nolle-

89 4935 96 4948 .
114 4889 221 4929 mus
240 4875 440 4948 quidem
459 4886 698 4947 tanquam
720 4878 914 4950 praprii
931 4879 1157 4950 corporis
1175 4897 1347 4936 secare
1359 4881 1658 4948 juncturam
1677 4897 1698 4937 :

114 4967 197 5019 sed
222 4968 459 5038 quoniam
491 4969 783 5024 tabescentis
824 4970 1042 5027 vulneris
1071 4973 1282 5043 putredo
1309 4974 1548 5045 pestifera
1579 4975 1695 5046 plus

120 5058 257 5114 liabet
289 5060 342 5115 in
381 5060 658 5118 abscisione
686 5061 966 5131 salaminis,
996 5080 1149 5135 quam
1171 5065 1225 5119 in
1260 5066 1553 5122 remissione
1588 5085 1695 5124 me—

120 5149 413 5219 dicaminis;
444 5154 641 5209 inventa
685 5165 758 5211 est
793 5173 946 5210 causa
982 5157 1253 5225 salubrior,
1295 5175 1357 5214 ne
1385 5176 1474 5230 per
1513 5171 1693 5215 cuncta

121 5247 332 5303 membra
353 5251 588 5320 pestilens
606 5253 842 5325 irreperet
865 5254 1020 5322 virus,
1060 5262 1114 5308 ut
1137 5254 1490 5324 compendiosa
1519 5255 1692 5311 dolore

122 5349 284 5396 natum
311 5341 511 5399 decidat
532 5345 730 5400 vulnus.
755 5345 966 5402 Famosi
991 5364 1108 5420 ergo
1129 5348 1351 5402 criminis
1377 5365 1488 5403 reos
1517 5365 1536 5404 :
1564 5365 1690 5405 ecce

1555 303 1755 361 LIBER
1798 301 1892 362 UN
1897 305 1996 364 US.

3319 326 3424 386 706

1833 421 2073 478 nominat
2093 422 2396 496 duodecim,
2422 428 2561 485 inter
2583 444 2719 502 quos
2742 442 2796 487 et
2831 433 3154 495 Felicianum
3183 447 3242 497 et
3267 440 3420 498 Prm-

1831 523 2112 585 textatum,
2145 519 2241 575 sed
2284 522 2498 578 nomina
2528 525 2766 581 omnium
2807 527 2936 585 mihi
2964 547 3065 586 non
3093 545 3413 606 occurrunt;

1829 615 1886 662 et
1921 606 2082 664 infert
2109 609 2188 666 sic
2218 628 2233 666 :
2263 613 2352 685 qui
2385 614 2585 685 funesto
2631 635 2782 689 opere
2822 621 3118 690 perditionis
3147 640 3235 680 vas
3260 629 3418 684 sordi-

1828 697 1949 753 dum
1969 700 2180 758 collecta
2199 706 2489 776 fteculentia
2511 709 2861 780 glutinarunt;
2889 713 2982 768 sed
3007 723 3054 769 et
3087 714 3296 773 clericos
3321 719 3419 773 ali-

1825 793 2028 862 quando
2074 794 2317 852 Eeclesiaz
2344 797 2686 872 Carthaginis,
2720 803 2809 874 qui
2827 798 2966 859 "dum
3005 805 3225 876 facinori
3250 808 3413 866 inter-

1825 894 1980 952 sunt,
2037 885 2216 942 illicito
2267 889 2481 946 incestui
2533 891 2854 963 prtebuerunt
2916 897 3259 964 lenocinium;
3320 899 3418 956 Dei

1824 979 2140 1048 prtesidentis
2183 983 2413 1052 arbitrio,
2462 986 2764 1044 universalis
2812 990 3011 1046 concilii
3064 1008 3154 1048 ore
3199 993 3416 1051 veridico

1823 1069 2090 1128 damnatos
2113 1091 2220 1130 esse
2238 1078 2544 1148 cognoscite.
2569 1079 2674 1136 Eos
2699 1091 2866 1138 autem
2883 1101 3009 1154 quos
3029 1087 3269 1161 sacrilegi
3293 1105 3414 1144 sur-

1822 1165 1924 1219 culi
1949 1182 2051 1220 non
2078 1168 2309 1236 polluere
2337 1170 2613 1240 plantaria,
2643 1174 2738 1229 hoc
2777 1185 2871 1243 est,
2905 1179 2991 1245 qui
3030 1195 3062 1232 a
3102 1177 3415 1237 Maximiani

1820 1259 1984 1329 capite
2008 1261 2243 1331 proprias
2288 1279 2470 1320 manus
2497 1265 2778 1321 verecundo
2801 1267 2922 1339 ﬁdei
2959 1271 3152 1339 pudore
3180 1283 3412 1328 retraxe-

1819 1359 1960 1416 runt,
1993 1350 2063 1404 ad
2103 1361 2314 1408 matrem
2339 1353 2621 1411 Ecclesium
2647 1359 2812 1414 redire
2833 1360 3150 1432 permisimus
3165 1362 3265 1436 (a).
3299 1363 3410 1420 Vo-

1818 1439 2000 1496 lebant
2043 1445 2315 1513 pumicare
2357 1445 2548 1504 faciem
2578 1465 2750 1519 suam,
2795 1453 2920 1523 quia
2961 1454 3234 1527 sacrilegis
3262 1456 3410 1527 igno-

1818 1532 2058 1599 scebant,
2081 1546 2136 1590 et
2158 1544 2342 1607 aperte
2370 1538 2725 1597 schismaticis
2753 1543 2892 1598 viam
2928 1544 3187 1602 redeundi
3211 1562 3410 1605 conce-

1817 1621 2032 1679 debant.
2067 1625 2202 1695 Quid
2249 1638 2332 1684 est
2373 1629 2510 1686 hoc?
2555 1632 2726 1704 Rogo,
2778 1635 2939 1690 modo
2980 1636 3111 1692 mihi
3159 1638 3411 1712 dignetur

1815 1731 2107 1786 exponere,
2160 1720 2430 1791 quomodo
2469 1737 2566 1780 eos
2607 1724 2852 1798 sacrilegi
2901 1728 3099 1784 surculi
3148 1745 3254 1786 non
3302 1733 3410 1802 pol-

1816 1807 1966 1865 luere
2002 1810 2287 1882 plantaria.
2320 1814 2498 1882 Quare
2517 1815 2625 1872 illis
2647 1816 2958 1874 dilationem
2985 1819 3101 1888 das,
3131 1823 3175 1878 si
3205 1823 3408 1881 nullam

1816 1909 2023 1970 partem
2044 1902 2097 1958 in
2123 1903 2428 1961 Maximiani
2453 1906 2744 1965 schismate
2769 1909 2971 1966 habere
3000 1916 3326 1982 potuerunt?
3349 1916 3405 1974 Si

1813 2002 1991 2048 autem
2019 1995 2152 2050 socii
2180 2006 2306 2051 sunt
2330 1995 2598 2068 factionis,
2627 2002 2873 2072 quamvis
2899 2017 3005 2058 non
3036 2004 3229 2061 fuerint
3265 2023 3406 2077 pra:-

1813 2095 1999 2144 sentes
2023 2088 2382 2158 ordinationi;
2409 2093 2677 2162 quomodo
2697 2095 2815 2152 illos
2841 2111 2947 2152 non
2969 2097 3210 2168 inquinat
3236 2099 3407 2156 Maxi-

1812 2180 2042 2250 mianus,
2075 2191 2129 2239 et
2157 2191 2328 2240 totum
2364 2185 2548 2242 orbem
2581 2196 2842 2244 terrarum
2886 2192 3054 2246 semel
3082 2193 3278 2250 absens
3309 2195 3405 2251 da-

1812 2284 2053 2340 mnatus,
2102 2277 2320 2332 tertium
2353 2294 2591 2349 prtesens
2642 2280 2920 2337 absolutus
2959 2283 3201 2354 inquinat
3243 2285 3404 2345 Caeci-

1810 2362 2023 2420 lianus?
2049 2365 2164 2422 Non
2205 2368 2447 2438 inquinat
2486 2369 2615 2425 Afer
2652 2369 2832 2438 Afros,
2863 2373 3014 2429 vivus
3041 2375 3214 2441 vivos,
3244 2385 3402 2435 notus

1809 2466 1988 2525 notos,
2019 2461 2287 2531 particeps
2308 2462 2516 2529 socios;
2544 2471 2598 2518 et
2625 2461 2938 2521 Caecilianus
2960 2465 3201 2538 inquinat
3227 2479 3404 2527 trans-

1810 2553 2068 2622 marinos,
2117 2555 2356 2626 inquinat
2403 2557 2560 2627 longe
2609 2558 2831 2628 positos,
2875 2558 3116 2631 inquinat
3160 2578 3268 2620 non
3306 2563 3401 2620 da-

1808 2645 2058 2700 mnatos?
2105 2645 2301 2701 Tecum
2330 2647 2469 2703 sedit
2504 2663 2536 2701 a
2578 2657 2630 2704 te
2658 2649 2962 2719 damnatus,
3003 2663 3059 2710 et
3085 2670 3190 2712 non
3229 2665 3282 2713 te
3310 2657 3397 2715 in-

1808 2739 1994 2810 quinat
2046 2739 2390 2796 Felicianus?
2440 2741 2553 2812 Ego
2603 2741 2749 2798 illum
2798 2758 2904 2799 non
2957 2746 3084 2815 vidi,
3133 2757 3188 2803 tu
3235 2749 3398 2807 istum

1807 2833 1948 2888 nosti
1967 2839 1990 2886 ':
2021 2848 2120 2904 ego
2149 2833 2298 2888 illum
2342 2835 2679 2891 innocentem
2705 2836 2888 2904 credo,
2920 2847 2977 2893 tu
3003 2839 3162 2896 istum
3201 2857 3400 2900 nocen-

1806 2931 1914 2978 tem
1940 2924 2224 2980 damnasti.
2259 2926 2365 2981 Aut
2406 2926 2452 2982 si
2492 2925 2676 2982 fateris
2715 2927 3014 2986 innocentis
3045 2941 3095 2987 te
3121 2931 3286 2990 fuisse
3312 2950 3400 2992 re-

1806 3027 2105 3091 ceptorem,
2147 3020 2332 3076 fateris
2375 3028 2428 3076 te
2475 3021 2772 3078 innocentis
2803 3021 2966 3079 fuisse
3005 3023 3396 3084 damnatorem.

1881 3114 1970 3169 12.
2014 3115 2083 3170 Ει
2114 3122 2313 3182 tamen,
2341 3115 2532 3172 fratres
2559 3115 2687 3184 mei,
2716 3131 2824 3172 non
2854 3117 3151 3174 invidemus
3175 3134 3401 3178 concor-

1805 3205 1908 3262 diae
1943 3207 2178 3276 ipsorum
2205 3223 2218 3259 :
2244 3206 2383 3262 inter
2409 3221 2470 3263 se
2508 3208 2760 3263 suscitata
2800 3207 2920 3263 odia
2946 3208 3211 3267 diabolica
3250 3211 3400 3270 finie-

1805 3307 1964 3364 runt;
1994 3296 2262 3368 quomodo
2298 3306 2504 3368 putant,
2537 3299 2590 3354 in
2619 3313 2802 3369 pacem
2835 3300 3128 3358 redierunt.
3163 3304 3266 3360 Sed
3294 3305 3399 3362 hoc

1805 3389 1926 3446 dico
1955 3407 1968 3444 :
1996 3389 2040 3444 si
2079 3404 2261 3444 ramus
2292 3388 2492 3445 fractus
2529 3391 2773 3460 quaesivit
2796 3391 3080 3463 virgultum
3119 3409 3150 3448 a
3189 3409 3249 3452 se
3287 3394 3397 3452 fra-

1805 3491 1986 3549 ctum;
2033 3497 2136 3551 qua
2166 3482 2440 3553 diligentia
2470 3482 2631 3539 debet
2670 3483 2830 3540 arbor
2867 3486 2981 3556 ipsa
3025 3503 3270 3558 quaerere
3311 3505 3398 3546 ra-

1806 3589 1954 3631 mum
1979 3589 2046 3632 ex
2076 3589 2137 3631 se
2164 3573 2428 3631 fractum?
2457 3574 2583 3631 Ideo
2619 3575 2893 3640 sudamus,
2925 3577 3045 3634 ideo
3071 3579 3394 3647 laboramus,

1803 3665 1926 3723 ideo
1953 3665 2094 3722 inter
2132 3681 2320 3722 eorum
2345 3681 2496 3722 arma
2534 3674 2589 3722 et
2612 3676 2864 3723 cruentas
2889 3668 3050 3726 furias
3073 3668 3398 3728 Circumcel-

1803 3758 2008 3814 lionum
2034 3757 2320 3828 periclitati
2363 3772 2572 3824 sumus,
2610 3766 2664 3814 et
2705 3757 2881 3816 adhuc
2923 3759 3178 3831 reliquias
3204 3777 3394 3820 eorum

1804 3849 2180 3922 qualicumque
2205 3849 2400 3905 donata
2438 3864 2469 3903 a
2495 3849 2606 3906 Deo
2636 3850 2890 3922 patientia
2930 3851 3239 3921 toleramus,
3268 3855 3395 3913 dum

1803 3941 1964 3997 arbor
1996 3940 2189 4013 quaerit
2216 3955 2446 4009 ramum,
2465 3939 2590 3996 dum
2615 3956 2744 4012 grex
2769 3957 2837 3997 ex
2865 3943 2992 4000 ovili
3015 3943 3215 4000 Christi
3235 3961 3394 4003 ovem

1803 4035 2067 4106 perditam
2111 4035 2322 4107 quaerit.
2371 4033 2429 4093 Si
2468 4036 2824 4106 pastoralibus
2851 4038 3148 4096 visceribus
3190 4040 3397 4111 praediti

1802 4142 2010 4194 sumus,
2041 4141 2140 4197 per
2163 4141 2321 4198 sepes
2357 4135 2412 4183 et
2439 4127 2621 4197 spinas
2660 4142 2759 4183 nos
2795 4137 3073 4186 coarctare
3113 4129 3391 4188 debemus.

1803 4217 2056 4275 Membris
2095 4217 2344 4273 laceratis
2379 4231 2534 4273 ovem
2565 4233 2891 4289 quaaramus,
2933 4229 2987 4276 et
3014 4223 3218 4293 pastori
3246 4224 3396 4294 prin-

1802 4312 2016 4382 cipique
2063 4310 2302 4366 omnium
2351 4324 2472 4366 cum
2520 4310 2705 4367 latitia
2748 4321 3082 4382 reportemus
3123 4312 3272 4386 (Luc.
3300 4332 3393 4385 xv,

1803 4403 1945 4472 4—6).
1986 4401 2146 4457 Multa
2186 4401 2419 4458 diximus
2459 4401 2620 4457 etiam
2659 4401 2885 4474 fatigati,
2926 4413 2983 4461 et
3022 4414 3201 4461 tamen
3227 4406 3392 4464 frater

1800 4505 2005 4562 noster,
2044 4503 2265 4566 propter
2291 4509 2450 4565 quem
2475 4492 2578 4549 ista
2602 4493 2832 4551 dicimus
2858 4496 3033 4563 vobis,
3059 4504 3115 4552 et
3141 4496 3228 4552 cui
3251 4497 3393 4568 pari-

1802 4597 1884 4646 ter
1905 4588 2152 4655 dicimus,
2183 4597 2238 4643 et
2261 4601 2360 4658 pro
2385 4601 2491 4658 quo
2515 4595 2658 4643 tanta
2685 4587 2915 4658 agimus,
2943 4587 3120 4645 adhuc
3145 4590 3392 4660 pertinax

1800 4681 2070 4738 consistit.
2117 4679 2463 4736 Constantem
2510 4693 2570 4734 se
2616 4687 2766 4750 putat
2823 4678 3076 4735 fortitudo
3130 4678 3385 4736 crudelis.

1799 4774 1917 4831 Non
1946 4772 2121 4828 adhuc
2147 4771 2215 4828 de
2241 4785 2375 4827 vana
2397 4779 2450 4827 et
2474 4770 2606 4826 falsa
2636 4771 2945 4828 fortitudine
2969 4771 3248 4842 glorietur.
3277 4773 3388 4827 Au-

1799 4868 1910 4925 diat
1938 4865 2252 4938 Apostolum
2292 4864 2584 4932 dicentem,
2632 4861 2806 4918 Virtus
2845 4863 2900 4918 in
2943 4863 3244 4933 infirmitate
3270 4880 3388 4934 per-

1799 4963 1970 5033 ﬁcitur
1995 4959 2040 5033 (l
2070 4959 2188 5016 Cor.
2224 4974 2321 5026 xu,
2350 4956 2430 5028 9).
2459 4957 2686 5013 Oremus
2714 4971 2814 5026 pro
2852 4955 2966 5010 illo.
2999 4953 3153 5012 Unde
3191 4955 3390 5014 scimus

1799 5054 1924 5127 quid
1964 5053 2095 5108 Velit
2123 5051 2305 5107 Deus?
2345 5048 2529 5104 Multa:
2570 5048 2916 5120 cogitationes,
2961 5047 3099 5104 sicut
3133 5049 3388 5121 scriptum

1799 5155 1900 5212 est,
1939 5147 1992 5200 in
2029 5145 2182 5199 corde
2204 5141 2337 5209 viri;
2365 5141 2635 5196 consilium
2675 5150 2844 5196 autem
2875 5137 3084 5196 Domini
3124 5150 3292 5197 manet
3331 5141 3388 5198 in

1797 5251 2040 5298 aeternum
2066 5237 2248 5309 (Prov.
2282 5251 2397 5304 nx,
2425 5234 2544 5306 21).

1859 5356 1931 5419 (a)
1953 5355 2069 5406 vide
2102 5352 2186 5403 lib.
2207 5352 2237 5402 4
2258 5359 2426 5403 contra
2445 5357 2692 5410 (πεδεσσι,
2713 5362 2798 5400 nn.
2821 5348 2871 5410 2,
2886 5347 2934 5409 ι,
2951 5347 3000 5411 5,
3023 5347 3103 5400 38.

1053 5527 1136 5589 ΙΝ
1178 5527 1459 5589 LIBROS
1502 5527 1827 5590 CONTRA
1870 5521 2422 5595 GAUDENTIUM,

208 5609 354 5671 Vide
410 5609 518 5671 lib.
554 5610 615 5684 2,
651 5628 786 5686 cap.
816 5607 915 5681 59,
952 5609 1522 5682 Retractationum,
1549 5616 1693 5670 tom.
1725 5608 1786 5685 1,
1848 5607 1970 5669 col.
2013 5603 2156 5680 651v,
2207 5623 2247 5664 α
2299 5593 2523 5677 verbis,
2583 5601 2704 5662 Per
2751 5598 2919 5662 idem
2961 5602 3212 5676 tempus
3265 5593 3380 5677 (a),

155 5707 221 5750 us
257 5709 331 5752 ue
363 5689 443 5751 ad
467 5690 671 5758 verba,
706 5689 1258 5769 Thamugadensis
1289 5691 1652 5768 episc0pus.

175 5707 258 5831 la?
280 5769 327 5819 ld
367 5778 458 5830 est,
485 5771 678 5820 circiter
713 5782 890 5817 annum
925 5770 1093 5818 Christi
1134 5768 1238 5819 420.
1263 5777 1374 5819 nam
1397 5770 1455 5818 ad
1479 5769 1570 5820 hoc
1607 5770 1652 5820 fe

202 5783 230 5819 a

1939 5686 2026 5747 Μ.

280 5769 327 5819 td
367 5778 458 5830 est,
485 5757 678 5820 circiter
713 5782 890 5817 annum
925 5757 1093 5818 Cﬁristi
1134 5768 1238 5819 420.
1263 5757 1374 5819 Nam
1397 5770 1455 5818 ad
1479 5757 1570 5820 hoc
1607 5770 1712 5820 fere
1733 5775 1946 5831 tempus,
1969 5764 2323 5831 pertinentqui
2347 5763 2568 5831 proxime
2590 5759 3114 5831 ante_recensiti_su_ut‘
3138 5757 3204 5831 ab
3224 5763 3382 5831 Auugu-

263 5819 387 5893 libri,
409 5819 476 5884 tie
500 5819 662 5882 Anima
687 5838 739 5882 et
762 5831 869 5893 ejus
889 5831 1104 5896 Origine,
1128 5839 1195 5880 De
1217 5831 1502 5896 adulterinis
1517 5819 1771 5896 cenjugiis,
1796 5819 2320 5882 contra'Adversaritim
2334 5819 2474 5890 [Cogis
2500 5831 2551 5874 et
2585 5823 2942 5886 Prophetarum.
2968 5819 3170 5873 Dulcitio
3191 5819 3384 5871 tribuno

133 5893 286 5944 eadem
308 5891 558 5948 occasione
580 5896 757 5958 scripta
782 5891 860 5944 est
880 5891 1083 5955 epistola
1107 5906 1232 5942 nunc
1254 5891 1360 5955 20L
