3816 6206
419 459 562 467 ψ..-
579 439 1506 464 ____.___.___._____.__._

995 547 1137 663 s.
1214 522 1974 659 annuus:
2047 518 3053 646 ancus-nm

1567 718 2084 795 HIPPONENSIS
2122 711 2478 787 EPISCOPI

691 800 1671 1047 CONTRA
1785 864 3385 1032 GAUDENTIUM

1211 1116 2147 1223 DONATISTARUM
2191 1113 2867 1215 EPISCOPUM

1754 1292 2024 1394 iriiri
2077 1299 2229 1394 bno
2264 1296 2373 1390 καί.

1841 1490 2247 1527 FW

1423 1607 1900 1722 LIBER
1978 1605 2628 1718 PRIMUS.

1303 1811 1355 1859 tn
1375 1814 1475 1867 quo
1494 1796 1745 1851 Gaudentii
1765 1793 1876 1847 duae
1891 1790 1955 1845 ad
1974 1788 2231 1843 Dulcitium
2251 1794 2474 1857 Epistula
2494 1796 2782 1852 refutantur.

1865 1928 2235 1991 «ψη

482 2073 706 2135 CAPUT
744 2068 1028 2130 PRIMUM.
1052 2098 1124 2110 —
1150 2062 1205 2124 1.
1238 2061 1567 2123 Gaudentius
1593 2056 1996 2117 Donatistarum

416 2164 874 2239 Thamugadensis
911 2162 1226 2233 episcopus,
1258 2172 1378 2213 cum
1407 2170 1465 2209 se
1496 2154 1667 2225 ipsum
1695 2151 1749 2206 in
1775 2148 2004 2205 ecclesia

415 2263 732 2339 quibusdam
775 2257 874 2312 sibi
905 2252 1171 2325 adjunctis
1197 2248 1417 2320 perditis
1456 2243 1743 2339 incendere
1768 2241 2008 2339 minare:

418 2330 506 2413 tur
528 2372 544 2422 ;
570 2352 686 2408 viro
728 2348 1007 2420 spectabili
1044 2344 1257 2400 tribuno
1299 2349 1355 2396 et
1393 2337 1604 2394 notario
1635 2333 1894 2400 Dulcitio,
1922 2330 2008 2389 eui

421 2443 999 2520 piissimusimperator
1017 2438 1161 2507 leges
1186 2448 1310 2490 suas
1339 2430 1706 2501 exsequendas
1728 2440 1857 2481 cura
1890 2437 2010 2495 per-

420 2538 661 2599 ﬁciendae
686 2535 902 2592 unitatis
927 2528 1178 2603 iniunxit,
1208 2526 1409 2598 agenti,
1439 2532 1498 2579 ut
1525 2520 1844 2591 Oportebat,
1871 2530 1997 2571 cum

424 2631 727 2690 furentibus
753 2634 1053 2689 mansuete,
1097 2630 1150 2677 et
1176 2619 1323 2691 prius
1349 2616 1416 2674 ad
1469 2610 1715 2671 eumdem
1757 2606 2011 2666 Gauden-

426 2726 559 2782 tium
587 2723 794 2779 litteras
815 2715 1066 2789 pacificas
1086 2711 1254 2777 danti,
1270 2709 1401 2764 duas
1419 2704 1695 2775 rescripsit
1718 2701 1972 2773 epistulas
1993 2717 2009 2754 :

427 2832 586 2875 unam
616 2813 916 2871 breviorem
939 2850 955 2875 ,
984 2815 1041 2865 et
1068 2802 1432 2877 perlatoribns
1455 2840 1473 2868 ,
1505 2800 1642 2854 sicut
1670 2796 1867 2851 indicat
1886 2834 1902 2862 ,
1934 2792 2014 2847 fe-

427 2907 749 2967 stinantibus
793 2902 1096 2959 festinatam
1120 2913 1134 2963 ;
1162 2896 1389 2951 alteram
1423 2891 1763 2962 prolixiorem
1785 2928 1799 2952 ,
1830 2885 1882 2940 in
1912 2899 2014 2954 qua

430 2998 724 3056 secundum
751 2995 1052 3067 Scripturas
1079 3004 1139 3044 se
1165 2984 1503 3057 reSpondisse
1543 2979 1845 3050 diligentius
1870 2976 2016 3031 arbi-

432 3103 622 3151 tratur.
655 3090 731 3146 Ita
759 3103 885 3159 ergo
911 3084 1107 3154 scripta
1134 3081 1252 3151 ejus
1278 3076 1571 3149 opitulante
1610 3071 1837 3125 Domino
1867 3068 2020 3159 inStif

436 3186 511 3243 tui
538 3184 770 3245 refutare
790 3222 806 3249 ,
825 3157 909 3235 int
936 3177 1097 3233 etiam
1120 3174 1210 3244 qui
1236 3178 1361 3226 sunt
1385 3165 1598 3239 ingenio
1624 3161 1884 3217 tardiores
1907 3200 1923 3226 ,
1952 3157 2020 3212 ad

437 3278 615 3338 omnia
641 3291 731 3333 me
756 3269 1098 3343 respondisse
1114 3282 1217 3322 non
1242 3262 1507 3321 dubitent.
1534 3258 1667 3314 Nam
1692 3257 1836 3327 prius
1858 3252 2020 3309 verba

436 3373 551 3445 ejus
580 3383 790 3441 ponam,
809 3350 1002 3421 deinde
1028 3370 1206 3415 nostra
1231 3355 1549 3427 subjungam
1574 3370 1587 3407 :
1612 3366 1716 3406 nun
1738 3350 1814 3404 sic
1832 3360 2025 3445 quem-

437 3441 723 3523 admodum
778 3459 1063 3525 feci,cum
1111 3451 1354 3509 Pctiliani
1384 3446 1575 3503 litteris
1617 3441 2021 3514 responderem.

440 3557 515 3614 lbi
549 3556 690 3613 enim
722 3568 814 3624 per
842 3551 961 3607 loca
989 3546 1213 3617 singula,
1247 3540 1459 3613 quando
1491 3539 1650 3594 verba
1680 3534 1846 3624 ipsius
1872 3532 2019 3586 inse-

442 3658 654 3715 runtur,
694 3622 923 3717 positum
961 3650 1077 3707 est,
1117 3637 1400 3694 Petilinnus
1444 3632 1571 3687 dixit
1602 3646 1620 3684 :
1658 3622 1870 3702 quando
1908 3639 2027 3679 mea

439 3740 764 3804 redduntur,
796 3737 1107 3808 Augustinus
1154 3727 1431 3799 respondit.
1479 3722 1636 3782 Unde
1688 3720 1855 3786 mihi,
1908 3727 2028 3808 tanf

442 3846 602 3908 quam
629 3828 882 3888 mentitus
913 3821 1125 3886 fuerim,
1156 3820 1507 3876 calumniatus
1531 3822 1614 3870 est
1638 3855 1653 3880 ,
1684 3810 1870 3868 dicens
1896 3807 2030 3879 quod

445 3904 705 3996 nunquam
743 3931 936 3975 mecum
955 3914 1181 3967 cominus
1203 3908 1530 3978 disputaverit
1558 3922 1578 3960 :
1599 3904 1749 3975 quasi
1783 3909 2030 3996 propter-

448 4033 512 4074 ea
554 3993 662 4071 non
712 4010 909 4068 dixerit
934 4004 1077 4081 quod
1106 4001 1340 4072 scripsit,
1367 3998 1490 4069 quia
1518 3999 1620 4053 hoc
1649 4011 1751 4051 non
1779 3996 1831 4049 in
1857 3993 2033 4049 verbis

448 4109 566 4183 ejus
589 4104 800 4171 audivi,
825 4100 920 4158 sed
948 4102 1000 4156 in
1026 4094 1221 4153 litteris
1247 4091 1349 4165 legi
1376 4108 1391 4158 ;
1422 4100 1515 4146 aut
1542 4106 1640 4161 ego
1671 4089 1791 4144 ideo
1821 4101 1926 4143 non
1951 4101 2035 4183 re:

449 4168 793 4277 sponderim,
818 4194 940 4266 quia
974 4206 1080 4247 non
1110 4203 1176 4247 eo
1225 4191 1491 4258 praesente
1529 4183 1731 4237 locutus
1758 4193 1912 4277 sum,
1940 4168 2035 4277 sed

451 4269 663 4362 scriptis
701 4288 817 4358 ejus
844 4284 1078 4341 vicissim
1108 4277 1394 4337 scribendo
1416 4272 1689 4346 respondi.
1715 4271 1852 4342 Quid
1878 4269 2038 4324 facia-

454 4400 575 4444 mus
595 4380 900 4440 hominibus
944 4376 1035 4449 qui
1066 4374 1169 4431 tale
1196 4387 1291 4429 cor
1339 4369 1537 4429 habent
1556 4410 1574 4437 ,
1601 4376 1693 4422 aut
1720 4380 1813 4419 eos
1847 4362 2038 4434 quibus

454 4481 653 4551 scripta
678 4491 777 4535 sua
806 4473 1139 4529 innotescere
1163 4463 1422 4536 cupiunt,
1452 4461 1559 4517 tale
1583 4475 1676 4516 cur
1703 4456 1896 4513 habere
1919 4454 2039 4528 opi-

456 4569 688 4631 nantur?
740 4564 850 4625 Sed
902 4562 1063 4619 etiam
1113 4559 1306 4614 talibus
1349 4555 1428 4612 sic
1477 4551 1864 4609 satisfaciamus
1916 4566 1929 4602 :
1988 4555 2042 4602 et

460 4663 675 4740 quando
700 4659 950 4731 ponimus
973 4651 1136 4709 verba
1165 4646 1468 4713 Gaudentii,
1495 4659 1602 4701 non
1621 4642 1879 4708 dicamus,
1904 4637 2045 4693 Gau-

462 4736 660 4817 dentius
683 4753 847 4820 dixit;
871 4748 985 4816 sed,
1018 4744 1184 4803 Verba
1203 4742 1489 4813 Epistulae:
1515 4749 1569 4795 et
1589 4736 1800 4809 quando
1824 4751 2046 4807 respon-

465 4851 673 4913 demus,
701 4860 810 4902 nun
839 4841 1077 4898 dicamus
1096 4877 1114 4905 ,
1146 4832 1457 4906 Augustinus
1494 4827 1785 4900 respondit,-
1810 4824 1904 4881 sed
1925 4865 1939 4889 ,
1968 4823 2047 4877 Ad

474 4943 580 4999 hac
603 4935 886 5012 responsio.
909 4933 999 4991 Sic
1023 4944 1152 5001 ergo
1173 4925 1486 4997 incipiamus
1510 4919 1753 4980 refellere
1768 4915 2048 4974 Gaudentii

467 5034 747 5107 epistolam
774 5017 1005 5101 priorem
1032 5038 1099 5083 ac
1122 5020 1444 5078 breviorem.
1630 5104 1641 5107 _
1700 5103 1711 5107 Α
1848 5059 1863 5075 ,

541 5125 599 5183 2.
627 5100 803 5182 Verba
824 5117 1075 5191 Epistulas
1106 5133 1120 5169 :
1156 5108 1474 5175 Honorabili,
1504 5122 1564 5160 ac
1588 5103 1797 5159 nimium
1824 5100 1985 5168 nobis,
2007 5102 2052 5156 si

474 5222 546 5277 sic
591 5214 839 5279 uolueris,
867 5206 1202 5266 desiderando
1230 5200 1457 5258 Dulcitio
1502 5196 1699 5253 tribuno
1734 5204 1784 5249 et
1832 5192 2051 5259 notario,

480 5309 795 5369 Gaudentius
821 5304 1106 5376 episcopus.
1140 5297 1220 5354 Ad
1247 5295 1362 5351 haec
1398 5290 1677 5362 responsio
1707 5306 1721 5343 :
1750 5286 1865 5343 Non
1890 5285 2055 5342 debe-

480 5421 602 5465 mus
629 5401 789 5461 etiam
819 5396 920 5454 ista
959 5394 1227 5452 discutere
1248 5433 1263 5461 ,
1288 5403 1356 5445 ne
1380 5382 1768 5460 propemodum
1794 5381 1847 5436 in
1874 5394 2060 5453 super-

482 5498 604 5554 ﬂuis
630 5496 994 5554 immorentur,
1020 5501 1141 5542 cum
1170 5483 1278 5539 sint
1306 5480 1424 5536 loca
1448 5474 1752 5537 necessaria
1775 5514 1793 5542 ,
1820 5488 1938 5547 quae
1963 5485 2061 5527 nos

482 5589 753 5659 aliquanto
776 5580 974 5638 diutius
996 5576 1143 5649 loqui
1165 5580 1375 5661 cogant.
1714 5656 1719 5661 Ι

559 5658 787 5736 CAPUT
827 5672 891 5729 ll.
916 5700 988 5714 ——
1014 5670 1069 5728 5.
1099 5664 1277 5723 Verba
1314 5658 1608 5734 Epistulae:
1640 5658 1918 5733 Religionis
1966 5667 2065 5712 tua:

491 5772 679 5844 scripta
704 5768 1020 5843 mpiger
1044 5778 1132 5821 eos
1157 5802 1173 5829 ,
1203 5774 1328 5830 quos
1352 5757 1636 5814 amoribus
1658 5755 1955 5813 «institute
1974 5769 2067 5809 suo

559 5847 1367 5928 (manummanum.

2109 2058 2303 2111 cunctis
2338 2059 2519 2115 charos
2566 2078 2671 2118 esse
2712 2064 3036 2136 manifestum
3077 2072 3171 2121 est.
3205 2063 3291 2121 Ad
3329 2064 3448 2122 haec
3476 2080 3710 2139 respon-

2111 2146 2229 2202 sio:
2261 2142 2443 2221 Neqne
2472 2151 2574 2208 hoc
2608 2153 2885 2210 discutiam
2914 2156 3183 2226 quomodo
3218 2156 3448 2224 dixeris,
3478 2158 3709 2229 Κρησίν

2111 2240 2191 2295 nis
2211 2249 2328 2306 tuae,
2358 2244 2557 2301 homini
2585 2262 2741 2317 quem
2768 2248 2945 2321 potius
2973 2248 3327 2319 irreligiosum
3362 2259 3534 2320 putas.
3557 2249 3713 2307 καὶ-

2113 2332 2292 2389 didisti
2312 2337 2509 2409 quippe
2536 2338 2992 2397 honoriﬁcentiam
3014 2384 3027 2406 ,
3061 2342 3198 2398 sicut
3234 2343 3561 2400 reddendam
3583 2344 3709 2399 exi.

2114 2424 2340 2483 Slimasti
2390 2446 2403 2482 :
2453 2431 2577 2501 quia
2634 2432 2722 2487 ille
2773 2442 2826 2489 te
2879 2433 3321 2490 honorificentius
3364 2437 3612 2491 tractavit
3652 2435 3709 2489 in

2114 2517 2307 2577 litteris
2331 2539 2463 2595 quas
2489 2524 2553 2578 ad
2583 2532 2633 2580 te
2656 2524 2803 2581 dedit
2828 2568 2843 2593 ,
2875 2543 3032 2597 quam
3062 2528 3362 2584 catholicus
3390 2526 3709 2585 haereticnm

2117 2611 2318 2679 debuit,
2352 2624 2545 2685 putans
2570 2626 2712 2673 tuam
2734 2628 2968 2676 mentem
2995 2620 3088 2677 tali
3114 2619 3230 2678 fieri
3258 2622 3712 2681 sermocinatione
3776 2620 3777 2685 ἰ

2117 2708 2433 2762 sanabilem.

2189 2792 2421 2858 CAPUT
2478 2802 2565 2858 Ill.
2593 2834 2664 2844 -
2688 2804 2742 2863 4.
2775 2804 2947 2860 Verba
2973 2798 3230 2877 Epistula:
3258 2823 3274 2863 :
3304 2804 3372 2861 In
3388 2805 3567 2878 quibus
3606 2814 3712 2858 ω-

2122 2892 2302 2959 multa,
2328 2894 2532 2962 inquit,
2556 2913 2590 2949 a
2636 2905 2725 2950 tua
2767 2896 3071 2968 Dignatione
3097 2898 3234 2953 dicta
3257 2907 3412 2966 sunt,
3444 2915 3556 2968 qua
3581 2913 3714 2951 nunc

2121 2985 2319 3041 interim
2366 2989 2683 3054 conticesco;
2729 2991 2818 3045 sed
2861 2993 3099 3062 quoniam
3136 2992 3327 3064 itigsnis'
3388 2994 3463 3048 tui
3503 3008 3713 3046 acum

2125 3080 2293 3135 minus
2322 3081 2552 3142 advertit.
2576 3084 2710 3153 quod
2739 3102 2831 3138 nos
2859 3085 2910 3139 in
2938 3084 3109 3139 eodem
3143 3088 3332 3156 scripto
3360 3103 3453 3141 nec
3478 3087 3715 3141 innocu-

2128 3181 2200 3226 tes
2228 3173 2392 3244 plene,
2411 3190 2500 3228 nec
2521 3192 2631 3229 reos
2656 3192 2877 3231 asserere
2902 3176 3129 3247 potuisti.
3150 3176 3231 3231 Ad
3256 3177 3374 3233 haec
3399 3178 3675 3249 responsio
3698 3196 3712 3231 :

2129 3263 2407 3331 Quomodo
2437 3283 2540 3322 non
2567 3269 2795 3324 asseruit
2814 3283 2936 3325 reos
2956 3311 2971 3337 ,
2994 3285 3130 3340 quos
3157 3269 3296 3325 dixit
3325 3270 3469 3327 male
3492 3285 3714 3341 cumre-

2128 3358 2322 3428 gatos?
2348 3359 2625 3429 Quomodo
2670 3378 2775 3418 non
2819 3363 3049 3421 asseruit
3087 3378 3238 3418 reum
3266 3404 3279 3431 ,
3310 3378 3437 3419 cum
3485 3364 3675 3420 dixerit
3695 3401 3711 3428 ,

2130 3451 2269 3522 quod
2299 3460 2350 3506 te
2376 3453 2512 3507 duce
2539 3454 2854 3510 miserorum
2875 3456 3068 3509 anima:
3093 3454 3325 3509 nefando
3354 3456 3500 3510 exitu
3527 3456 3716 3525 peritu-

2132 3559 2208 3598 rae
2239 3544 2377 3608 sint;
2402 3543 2660 3613 adjiciens
2702 3554 2763 3611 te,
2792 3546 3090 3616 intelligere
3117 3547 3338 3612 debere,
3365 3557 3567 3618 quanta
3595 3558 3644 3603 te
3662 3554 3714 3601 et

2133 3634 2188 3686 in
2228 3633 2330 3689 hoc
2357 3635 2556 3690 mundo
2595 3635 2822 3706 invidia,
2854 3647 2909 3692 et
2949 3637 2999 3692 in
3033 3638 3120 3692 illo
3161 3638 3354 3694 ultimo
3398 3638 3714 3710 judiciude-

2135 3725 2368 3792 Speratio
2423 3725 2616 3794 poterit
2678 3725 2981 3783 manere‘?
3025 3726 3304 3794 Quomodo
3352 3741 3460 3785 non
3502 3727 3714 3782 asseruit

2136 3830 2310 3882 reum,
2335 3832 2490 3886 quem
2517 3818 2653 3873 sicut
2677 3819 2848 3888 putuit
2867 3818 3179 3874 exhortatus
3196 3829 3303 3884 est,
3325 3828 3388 3875 ut
3410 3819 3711 3875 imitandum

2138 3907 2365 3962 aliorum
2411 3918 2627 3964 secutus
2671 3910 3009 3980 exemplum,
3039 3910 3264 3966 dimisso
3306 3927 3495 3968 errore
3536 3910 3712 3983 prioris

2142 3999 2430 4067 haereseos,
2464 4009 2515 4054 te
2539 4000 2603 4054 ad
2636 4017 2792 4055 unam
2834 4013 2887 4056 et
2915 4018 3094 4057 veram
3124 4003 3217 4058 Dei
3253 4002 3504 4059 eutiferas
3530 4000 3711 4059 fidem?

2142 4088 2520 4148 Verumtamen
2555 4110 2658 4147 non
2692 4093 2910 4150 Tribuni
2957 4094 3117 4150 verba
3143 4094 3466 4164 defendere,
3498 4098 3590 4152 sed
3618 4096 3711 4150 haec

2140 4182 2295 4237 retici
2336 4182 2569 4238 refutare
2608 4185 2960 4255 suscepimus.
3007 4185 3062 4242 Si
3102 4185 3228 4256 quid
3255 4201 3385 4258 ergo
3424 4188 3527 4242 iste
3546 4195 3714 4245 noster

2142 4285 2396 4346 tanquam
2434 4276 2602 4330 laicus
2641 4277 2882 4331 militaris
2916 4277 3048 4339 dixit
3076 4277 3340 4332 incautius
3360 4320 3376 4343 ,
3399 4280 3519 4351 quis
3550 4279 3597 4335 ei
3621 4291 3711 4333 non

2143 4364 2414 4438 ignOscat?
2435 4369 2553 4439 quis
2579 4366 2832 4423 Ecclesiae
2861 4369 3135 4424 catholica:
3162 4371 3231 4426 de
3260 4372 3437 4426 verbis
3459 4374 3575 4442 ejus
3599 4387 3713 4441 pne-

2139 4460 2483 4532 judicandum
2512 4478 2631 4517 esse
2656 4463 2977 4517 contendat?
3003 4462 3080 4516 Tu
3109 4464 3425 4533 perpensius
3453 4467 3709 4520 considera

2146 4554 2269 4626 quid
2299 4554 2532 4625 loquaris
2563 4597 2578 4622 ,
2606 4571 2764 4626 quem
2794 4571 2912 4626 pars
2940 4556 3126 4609 Donati
3153 4555 3209 4610 in
3237 4566 3417 4611 nostra
3438 4553 3712 4613 Collatinus

2147 4662 2267 4717 qum
2290 4646 2427 4716 apud
2454 4646 2826 4718 Carthaginem
2854 4646 2989 4701 facta
3010 4656 3112 4713 est,
3141 4662 3236 4702 sex
3256 4647 3377 4702 aliis
3402 4647 3704 4721 adjunctuut,

2148 4739 2308 4795 etiam
2334 4738 2666 4794 defensorem
2696 4753 2807 4797 suae
2830 4738 3104 4795 divisionis
3135 4738 3319 4794 edidit.

2221 4832 2447 4890 CAPUT
2484 4830 2575 4890 IV.
2605 4835 2748 4890 —-5.
2782 4831 2952 4888 Verba
2991 4832 3286 4902 EpiSlOliB:
3318 4833 3473 4903 Quod
3495 4833 3540 4889 si
3565 4831 3714 4887 crimi-

2154 4944 2324 4995 nosas,
2356 4926 2565 4997 inquit,
2595 4927 2882 4995 existimas,
2908 4925 3152 4999 fugienda
3171 4934 3245 4980 est
3271 4926 3409 4980 nobis
3452 4924 3711 4979 damnanda

2155 5021 2385 5074 societas.
2411 5014 2490 5072 Ad
2508 5017 2628 5074 haec
2656 5018 2933 5089 responsio
2957 5036 2970 5072 :
3003 5017 3167 5073 Plane
3194 5016 3439 5088 fugienda
3460 5028 3543 5073 est
3564 5016 3712 5071 Socie-

2159 5121 2239 5166 tas
2256 5110 2685 5177 eriminosornm,
2705 5110 2798 5165 Sed
2820 5125 2925 5165 non
2939 5121 3021 5166 est
3037 5110 3335 5181 respuenda
3356 5118 3710 5167 correctorum.

2160 5201 2292 5258 Illud
2317 5217 2442 5275 ergo
2474 5196 2758 5258 salubriter
2781 5204 2851 5257 ita
2878 5202 3198 5273 devitamus,
3222 5213 3280 5259 ut
3309 5202 3414 5259 hoc
3442 5204 3713 5260 misericor-

2162 5293 2299 5349 diter
2325 5295 2569 5361 velimus,
2599 5303 2840 5365 optemus
2859 5336 2873 5361 ,
2900 5295 3176 5350 instemus.

2225 5382 2462 5453 CAPUT
2501 5384 2565 5440 γ.
2601 5415 2670 5425 -
2694 5385 2746 5442 6.
2794 5385 2966 5442 Verba
3001 5380 3298 5461 Epistulae:
3346 5378 3409 5444 Si
3447 5404 3557 5444 vero
3592 5387 3711 5447 inno-

2166 5490 2330 5535 centes
2354 5496 2444 5534 nos
2475 5488 2642 5548 putas,
2670 5479 2858 5550 inquit,
2882 5480 3015 5551 quod
3033 5481 3185 5534 etiam
3210 5481 3321 5550 ipse
3342 5483 3549 5549 dixisti,
3574 5497 3710 5552 perst-

2168 5584 2363 5629 cutores
2392 5573 2443 5627 in
2470 5570 2571 5643 ﬁde
2594 5571 2780 5627 Christi
2806 5573 3057 5628 constituti
3077 5575 3323 5631 sustinere
3344 5576 3634 5649 gaudens.
3652 5568 3710 5627 Ad

2234 5692 2251 5722 ί
2289 5700 2407 5748 am,
2435 5688 2734 5755 daperando
2748 5687 2917 5755 poterit
2929 5690 3711 5755 permanerermmmm'

2168 5752 2285 5805 dum
2309 5758 2494 5814 putant,
2517 5749 2820 5812 desperando
2841 5752 3011 5814 poterit
3027 5764 3168 5813 ptem
3182 5762 3394 5805 morm.
