3816 6148
53 291 134 350 νοθ
805 280 1080 338 CONTRA
1115 275 1590 344 GAUDENTIUM,
1630 277 1686 334 S.
1728 275 2094 336 AUGUSTINI
2133 275 2340 336 LIBER
2375 279 2646 339 PRIMUS.

53 419 151 461 nec
193 400 496 472 responsio
525 418 540 454 :
568 395 913 454 Consideravi
949 397 1154 452 litteras
1201 391 1422 449 Tribuni
1476 391 1542 446 ad
1585 399 1640 447 te

53 498 205 558 latas,
235 504 298 550 et
328 507 597 564 nusquam
623 493 674 546 in
705 491 781 545 eis
811 490 912 558 legi
940 487 1079 559 quod
1099 497 1148 541 te
1173 485 1365 541 dixerit
1392 486 1646 539 innocen-

53 607 140 648 em
167 606 183 656 ;
208 588 311 644 sed
338 589 413 643 ab
436 587 556 642 aliis
580 584 815 646 audisse,
849 581 935 638 vel
961 581 1275 652 cognovisse
1303 577 1639 650 prudentem.

53 688 118 745 Sic
143 696 342 741 autem
375 685 428 740 in
458 682 748 754 Scriptor-is
776 680 972 736 sanctis
991 719 1007 747 ,
1029 691 1134 732 non
1171 676 1345 732 solum
1376 674 1522 740 boni,
1551 687 1643 728 ve-

51 798 150 837 rum
205 781 388 837 etiam
427 779 553 835 mali
586 775 759 831 vocari
803 774 1001 832 solent.
1026 771 1158 828 Nam
1196 770 1297 826 hoc
1337 769 1410 824 ibi
1449 777 1646 822 nomen

51 877 191 931 :tiam
235 880 478 944 serpens
509 869 740 926 hominis
769 867 1022 937 deceptor
1050 864 1272 934 accepit.
1320 853 1473 931 Quod
1502 859 1649 914 enim

52 965 249 1038 quidam
282 961 624 1034 interpretati
652 969 794 1027 sunt,
821 957 1270 1030 sapientissimum
1291 953 1526 1008 omnium
1550 949 1646 1006 be-

51 1060 256 1112 stiarum
307 1051 467 1129 (Gen.
502 1049 592 1117 tu,
621 1043 713 1124 i);
757 1047 1233 1123 prudentissimum
1272 1046 1444 1115 potius
1485 1040 1646 1113 graeci

52 1148 248 1203 :odi'ces
296 1141 512 1201 habent
548 1141 660 1218 (a);
693 1142 835 1198 unde
876 1142 928 1196 in
981 1140 1202 1195 latinam
1241 1131 1476 1206 linguam
1510 1133 1644 1188 scri-

49 1250 186 1308 ptura
218 1239 315 1293 illa
351 1237 606 1291 translata
653 1243 754 1290 est.
795 1233 902 1289 Sed
929 1233 975 1287 si
1003 1246 1097 1287 eos
1139 1228 1431 1302 putandum
1458 1227 1541 1282 est
1565 1227 1646 1280 lu-

49 1338 297 1383 nocentes
322 1341 358 1382 a
387 1325 623 1381 Tribuno
651 1338 773 1380 esse
801 1322 973 1379 dictos
991 1363 1006 1388 ,
1033 1337 1168 1392 quos
1194 1335 1225 1374 a
1253 1327 1306 1374 te
1330 1318 1396 1374 ad
1423 1317 1645 1372 exitium

49 1421 207 1476 teneri
244 1419 389 1475 dixit
421 1419 651 1484 invitos;
684 1414 808 1487 quid
853 1416 1048 1470 mirum
1093 1415 1136 1468 si
1164 1421 1219 1468 et
1244 1411 1353 1467 illic
1381 1410 1494 1465 fieri
1524 1425 1644 1465 crc-

49 1513 189 1577 didit,
219 1509 375 1582 quod
405 1511 460 1564 in
494 1509 616 1564 aliis
659 1509 788 1564 locis
819 1510 1012 1563 factum
1052 1519 1172 1561 esse
1215 1502 1500 1575 cognovit?
1528 1497 1645 1556 Non

50 1616 120 1661 est
145 1619 278 1676 ergo
317 1603 467 1658 unde
509 1601 740 1673 gaudeas
780 1611 830 1656 te
877 1600 984 1673 pati
1025 1598 1489 1669 persecutionem,
1522 1610 1644 1650 cum

48 1695 282 1751 invenire
315 1707 429 1750 non
459 1695 631 1765 possis
660 1691 926 1764 quomodo
950 1700 1000 1747 te
1027 1707 1237 1745 asseras
1276 1691 1639 1745 innocentem.

52 1787 192 1841 Absit
215 1796 407 1842 autem
438 1794 499 1840 ut
527 1785 626 1840 ista
655 1784 954 1854 persecutio
979 1781 1206 1837 dicenda
1235 1781 1304 1836 sit
1343 1781 1641 1848 hominum,

51 1893 156 1931 cum
196 1880 268 1933 sit
308 1873 491 1948 potius
535 1889 630 1946 pro
669 1874 972 1929 hominibus
1015 1871 1303 1926 liberandis
1348 1876 1646 1942 persecutio

55 1967 314 2032 vitiorum,
351 1967 567 2040 qualem
599 1966 724 2022 facit
747 1966 904 2036 a‘gris
931 1965 1090 2020 etiam
1117 1963 1389 2034 diligentia
1414 1963 1648 2017 medico-

53 2075 179 2114 rum.
209 2059 478 2128 Quamvis
505 2059 605 2114 etsi
646 2058 836 2113 essetis
867 2057 1180 2112 innocentes
1199 2098 1214 2124 ,
1247 2055 1370 2111 hinc
1404 2055 1646 2110 efficere-

59 2151 172 2206 mini
196 2162 462 2208 nocentes
486 2194 502 2219 ,
533 2151 656 2221 quia
683 2150 927 2206 occidere
961 2149 1156 2220 cupitis
1181 2148 1510 2202 innocentes.
1544 2147 1646 2216 Qui

56 2243 180 2296 enim
205 2257 266 2298 se
297 2243 618 2298 innocentes
643 2250 907 2298 conantur
935 2255 1177 2296 asserere
1197 2283 1212 2308 ,
1244 2247 1295 2294 et
1325 2248 1504 2294 tamen
1526 2241 1645 2294 vita:

60 2347 158 2388 sine
182 2335 374 2390 nolunt
401 2349 639 2405 parcere,
675 2335 801 2406 quid
827 2334 972 2389 aliud
1001 2349 1158 2404 quam
1183 2333 1494 2388 innocentes
1517 2348 1646 2388 con-

61 2426 331 2482 vincuntur
359 2427 650 2484 occidere?

121 2517 342 2577 CAPUT
385 2519 475 2575 Vl.
506 2521 647 2574 —7.
696 2511 872 2576 Verba
914 2519 1165 2590 Epistolae
1214 2536 1226 2572 :
1262 2513 1329 2572 In
1361 2517 1453 2571 hac
1480 2528 1646 2573 autem

66 2611 286 2678 ecclesia,
320 2613 530 2684 inquit,
562 2614 615 2666 in
639 2628 737 2684 qua
776 2629 957 2666 nomen
987 2611 1083 2666 Dei
1124 2622 1170 2665 et
1200 2611 1388 2666 Christi
1418 2613 1560 2682 ejus,
1591 2621 1644 2666 ut

67 2704 198 2758 etiam
222 2705 329 2775 ipse
358 2705 554 2769 dixisti,
587 2706 639 2758 in
667 2706 874 2758 veritate
911 2719 1108 2773 semper
1132 2713 1203 2756 est
1229 2707 1598 2776 frequentatum
1626 2747 1640 2772 ,

69 2812 144 2847 nos
171 2805 253 2849 aut
289 2797 390 2850 vivi
433 2797 673 2864 quamdiu
717 2795 824 2850 Deo
857 2795 1102 2866 placuerit
1142 2810 1492 2865 permanemus
1514 2838 1527 2862 ,
1559 2806 1647 2850 aut

71 2898 112 2939 ut
137 2889 333 2959 dignum
376 2899 452 2944 est
486 2888 579 2943 Dei
613 2889 811 2961 familia
832 2932 845 2953 ,
871 2890 1003 2942 intra
1035 2889 1288 2942 dominica
1329 2898 1492 2944 castra
1530 2891 1647 2944 vita:

71 2981 236 3033 exitum
267 2984 597 3035 terminamus
617 2997 636 3034 :
657 2981 747 3034 sub
779 2997 837 3034 ea
861 2980 1051 3033 scilicet
1092 2979 1405 3044 conditione,
1438 2981 1557 3050 quia
1591 2981 1634 3034 si

73 3071 136 3123 vis
162 3073 307 3142 fuerit
334 3082 570 3142 operata,
601 3081 720 3124 tunc
755 3071 809 3124 id
839 3070 1019 3140 poterit
1065 3070 1277 3123 evenire.
1310 3067 1478 3122 Nemo
1511 3071 1645 3124 enim

73 3170 158 3213 tam
178 3163 377 3219 demens
403 3173 498 3227 est,
526 3173 582 3216 ut
610 3162 753 3215 nullo
781 3160 1069 3229 impellente
1094 3160 1296 3231 festinet
1317 3160 1384 3212 ad
1409 3171 1640 3214 mortem.

74 3255 138 3308 Ad
165 3255 273 3312 haec
310 3257 594 3328 responsio
621 3272 636 3310 :
670 3254 850 3323 Neque
882 3253 982 3308 hoc
1012 3253 1063 3306 in
1091 3251 1311 3306 Tribuni
1344 3254 1536 3307 litteris
1563 3255 1641 3308 le-

73 3347 208 3413 gitur,
232 3349 258 3400 ὁ
289 3358 341 3403 te
371 3351 675 3402 invocatum
710 3347 760 3400 in
791 3345 1014 3398 veritate
1035 3359 1230 3398 nomen
1257 3344 1369 3407 Dei,
1397 3346 1644 3414 quamvis

73 3435 241 3492 dixerit
267 3439 592 3494 invocatum.
623 3438 936 3507 Quanquam
978 3434 1186 3489 etiamsi
1217 3433 1441 3490 dixiSSet
1464 3477 1480 3502 ,
1515 3449 1643 3505 pos-

75 3540 142 3583 set
167 3531 260 3587 hoc
287 3532 533 3604 intelligi,
563 3547 668 3586 non
697 3531 763 3586 ad
783 3541 1012 3584 vestram
1033 3530 1279 3599 gloriam,
1311 3530 1405 3584 sed
1435 3529 1499 3584 ad
1531 3547 1644 3600 poe-

74 3639 196 3678 nam.
221 3626 348 3682 Nam
377 3637 433 3682 ct
457 3627 524 3682 de
547 3626 792 3697 gentibus
823 3625 996 3694 impiis
1028 3624 1312 3692 Apostolus
1342 3624 1474 3677 dixit
1501 3667 1513 3688 ,
1542 3627 1641 3690 Qui

75 3721 300 3776 veritatem
325 3724 376 3776 in
401 3723 665 3791 iniquitate
689 3720 908 3772 detinent
940 3718 1114 3789 (Rom.
1144 3733 1178 3781 t,
1215 3716 1302 3785 18)
1336 3735 1350 3771 :
1385 3727 1438 3770 ut
1468 3730 1519 3771 et
1549 3733 1642 3773 vos

75 3809 252 3881 facitis,
295 3815 386 3886 qui
432 3814 707 3868 veritatem
755 3809 1008 3881 Baptismi
1053 3808 1216 3863 divini
1264 3809 1314 3863 in
1365 3808 1642 3879 iniquitate

79 3901 297 3961 detinetis
321 3906 523 3964 erroris
551 3904 786 3958 humani.
818 3901 967 3958 Unde
993 3917 1091 3956 nos
1118 3918 1236 3955 cum
1259 3911 1488 3956 vestram
1521 3917 1640 3956 cor-

78 3995 272 4066 rigimus
309 4001 676 4071 iniquitatem,
708 4011 812 4051 non
861 3997 1042 4066 utique
1070 3995 1326 4050 debemus
1371 3996 1508 4049 illius
1547 3995 1644 4050 Sa-

79 4093 306 4148 cramenti
373 4090 681 4148 rescindere
748 4087 1048 4142 veritatem.
1122 4087 1398 4141 Profiteris
1479 4103 1638 4151 sane,

80 4178 308 4241 innocens
327 4183 494 4240 homo
516 4225 532 4251 ,
560 4181 678 4238 aliis
706 4180 917 4251 quidem
945 4178 1123 4234 verbis
1144 4221 1158 4244 ,
1191 4193 1310 4232 cum
1340 4178 1562 4232 ecclesia
1591 4188 1643 4233 te

82 4285 131 4327 ac
157 4283 262 4333 tuos
291 4279 619 4333 interituros.
647 4272 778 4329 Cum
808 4273 950 4327 enim
978 4269 1140 4336 dicis,
1165 4271 1218 4322 in
1247 4270 1477 4334 ecclesia,
1511 4269 1640 4339 quid

83 4362 200 4419 aliud
223 4369 300 4422 vis
327 4367 572 4437 intelligi,
605 4365 705 4420 nisi
730 4379 852 4420 cum
880 4362 1139 4428 ecclesia;
1173 4360 1384 4430 quando
1411 4359 1624 4430 quidem

82 4453 124 4508 id
151 4471 293 4530 agere
317 4462 528 4534 ignibus
563 4456 869 4530 prmparas?
897 4455 1023 4512 Ηιινο
1047 4467 1126 4510 CSl
1148 4457 1451 4510 innocentia
1480 4454 1641 4524 partis

85 4543 249 4608 Donati
275 4597 290 4622 ,
325 4563 382 4609 ut
422 4553 525 4608 hoc
575 4551 781 4606 faciatis
827 4550 1090 4620 adjunctis
1125 4549 1384 4603 mortibus
1426 4548 1638 4614 vestris,

86 4644 369 4708 quodetiam
401 4645 537 4715 apud
568 4643 937 4713 Carthaginem
966 4641 1020 4695 in
1049 4641 1296 4695 invidiam
1323 4650 1555 4694 nostram
1575 4639 1643 4695 de

85 4730 286 4795 basilicis
327 4756 446 4813 qua:
475 4748 664 4794 vestra:
692 4737 933 4802 fuerunt,
965 4735 1102 4790 sicut
1134 4735 1377 4804 potuistis
1398 4777 1412 4801 ,
1441 4743 1494 4789 et
1521 4749 1641 4788 cum

88 4827 250 4894 quibus
277 4833 551 4902 potuistis,
587 4832 774 4887 fecisse
816 4829 1193 4884 asseveraniini
1235 4828 1349 4882 sine
1382 4828 1642 4882 mortibus

90 4924 271 4978 vesuis.
307 4927 436 4994 Quis
463 4926 606 4980 enim
639 4938 731 4978 vos
753 4939 856 4977 non
902 4923 1086 4978 credat
1126 4922 1375 4989 zelando,
1406 4921 1596 4976 fecisse
1623 4923 1640 4953 ¹

90 5015 208 5078 timid
234 5017 400 5076 facere
429 5021 589 5075 etiam
629 5016 904 5072 moriendo
945 5015 1262 5085 disponitis?
1289 5013 1345 5068 Si
1376 5022 1552 5068 autem
1581 5015 1644 5069 il-

92 5101 164 5158 Iud
190 5123 272 5166 vos
298 5127 398 5168 non
431 5113 629 5168 fecistis
653 5154 666 5175 ,
695 5105 795 5166 hoc
825 5121 968 5165 certe
995 5109 1246 5163 furiosius
1267 5119 1348 5162 est
1375 5107 1514 5175 quod
1546 5123 1643 5162 vos

96 5191 242 5255 facere
280 5203 604 5276 prmparatis.
638 5201 745 5258 Sed
783 5201 1002 5269 dixisti,
1033 5202 1077 5255 si
1095 5202 1167 5254 vis
1207 5200 1357 5272 fuerit
1394 5205 1601 5269 aperata
1623 5215 1642 5254 :

96 5293 139 5338 ct
181 5292 449 5362 adiunxisti
471 5339 484 5360 ,
519 5295 683 5350 Nemo
709 5306 781 5350 est
806 5296 938 5349 enim
981 5304 1082 5348 tam
1120 5293 1354 5358 demens,
1381 5290 1466 5361 qui
1502 5290 1644 5346 nullo

57 5443 60 5450 γ
98 5373 352 5447 ίπτρειίεηιε
393 5390 591 5461 festinet
617 5388 686 5441 ad
726 5395 952 5441 mortem.
993 5386 1206 5455 Quanto
1246 5391 1329 5440 est
1382 5397 1509 5453 ergo
1551 5381 1647 5439 de-

102 5474 330 5548 mentior,
363 5481 452 5552 qui
491 5493 611 5536 cum
655 5476 955 5548 impellatur
990 5477 1056 5534 ad
1083 5478 1243 5534 vitam
1266 5519 1282 5546 ,
1311 5476 1528 5535 festinet
1574 5475 1644 5532 ad

103 5573 296 5628 mortem
312 5575 334 5627 ?

152 5713 309 5780 {Apud
333 5732 453 5774 Am.
477 5720 694 5774 velanda.

152 5773 212 5838 (α)
228 5773 616 5838 ῬΙινογὺῆόιαιοε.

1827 391 2051 450 CAPUT
2081 392 2188 448 Vll.
2210 425 2280 434 -—
2307 393 2358 449 8.
2397 394 2566 450 Verba
2593 391 2843 465 Epistolas
2872 417 2887 456 :
2919 400 3024 457 Eos
3056 399 3228 458 autem
3249 404 3339 475 qui

1754 485 2010 540 nobiscum
2053 497 2205 550 sunt,
2261 487 2469 556 inquit,
2501 497 2672 541 testem
2719 487 2882 542 Deum
2926 495 3076 558 facio,
3129 496 3339 564 ejusque

1753 579 1920 632 omnia
1953 578 2301 643 Sacramenta,
2332 581 2467 648 quod
2497 579 2790 634 exhortatus
2815 595 2929 634 sum
2949 623 2963 646 ,
2995 591 3042 633 et
3068 585 3334 651 ἱιηρεηεὶε-

1752 670 1876 723 sime
1900 670 2161 740 persuasi,
2192 679 2247 722 ut
2272 671 2356 740 qui
2382 669 2582 724 haberet
2607 673 2918 726 voluntatem
2948 673 3119 744 egredi
3141 715 3157 741 ,
3188 689 3339 728 seca.

1751 763 1839 816 rus
1879 763 2074 832 publice
2114 765 2358 835 fateretur
2396 782 2416 819 :
2462 781 2552 819 nec
2583 771 2676 820 nos
2726 765 2858 821 enim
2906 767 3087 823 invitos
3129 768 3344 825 retinere

1755 855 2019 924 possumus
2039 896 2054 922 ,
2079 853 2166 927 qui
2193 849 2463 910 didicimus
2489 858 2558 911 ad
2584 853 2679 912 Dei
2721 859 2875 927 [idem
2903 861 3102 914 nullum
3131 875 3237 918 esse
3255 877 3342 919 co-

1751 947 1987 1017 gendam.
2025 947 2104 1002 Ad
2129 948 2245 1004 haec
2270 951 2548 1018 reSponsi'o
2574 965 2588 1002 :
2620 949 2725 1007 Cur
2750 961 2926 1007 autem
2949 956 3053 1008 n'on
3074 964 3126 1008 te
3153 956 3340 1015 etiam.

1752 1037 1795 1092 si
1829 1051 1932 1094 non
1975 1039 2266 1095 invitorum
2295 1035 2644 1110 retentarent,
2678 1054 2852 1100 tamen
2891 1045 2957 1100 ad
2985 1045 3179 1101 bonum
3206 1059 3344 1117 Opus

1753 1125 2152 1188 exh‘ortatorem
2177 1134 2514 1203 apertissime
2555 1135 2844 1204 p'roliteris,
2869 1137 2911 1191 si
2938 1137 3077 1208 quod
3109 1137 3343 1194 facturus

1751 1241 1809 1284 es
1837 1231 2030 1284 bonttm
2063 1227 2183 1285 est?
2211 1223 2292 1285 An
2341 1229 2476 1285 forte
2504 1239 2660 1302 quam
2705 1231 2900 1287 malum
2949 1233 3019 1288 sit
3041 1243 3094 1289 et
3119 1234 3231 1305 ipse
3258 1235 3341 1289 in-

1753 1321 1969 1391 telligis,
2002 1331 2162 1391 atque
2192 1321 2243 1376 id
2272 1315 2536 1378 iacturum
2565 1333 2615 1378 te
2646 1325 2814 1394 magis
2837 1334 2892 1378 ut
2918 1333 3120 1380 terreas
3141 1367 3156 1392 ,
3183 1337 3343 1397 quam

1752 1422 1807 1467 ut
1833 1413 2054 1483 impleas
2079 1415 2426 1468 comminaris
2449 1458 2463 1481 ,
2492 1423 2582 1470 aut
2613 1417 2923 1472 mentiendo
2965 1417 3223 1489 infidelis,
3253 1429 3346 1476 aut

1754 1519 1936 1560 verum
1958 1504 2184 1560 dicendo
2210 1503 2479 1561 crudelis?

1822 1590 2048 1653 CAPUT
2078 1587 2288 1652 Vlli.—
2307 1597 2360 1653 9.
2388 1598 2557 1653 Verba
2577 1598 2827 1668 Epistolas
2853 1618 2866 1654 :
2894 1598 2973 1654 Er
3001 1614 3125 1656 sua
3150 1615 3295 1657 manu
3325 1621 3338 1658 :

1755 1689 1888 1760 Opto
1917 1701 1964 1744 te
1985 1691 2288 1745 incolumem
2312 1692 2366 1745 in
2389 1691 2680 1762 reipublicw
2709 1693 2902 1747 actibus
2932 1695 3215 1764 florentem,
3247 1705 3294 1750 et
3313 1712 3346 1750 a

1751 1783 2153 1839 Christianorum
2199 1785 2545 1854 inquietudine
2588 1784 2922 1842 recedentem.
2971 1787 3051 1842 Ad
3097 1787 3211 1843 hwc
3260 1804 3345 1844 re-

1751 1876 1969 1948 Sponsio
2001 1895 2016 1932 :
2044 1877 2333 1931 Possumus
2361 1891 2480 1932 eum
2508 1886 2562 1932 et
2589 1893 2686 1933 nos
2713 1889 2897 1949 aptare
2927 1879 3270 1945 incolumem,
3291 1890 3345 1937 et

1753 1969 1806 2023 in
1853 1965 2156 2038 reipublicae
2186 1969 2392 2023 actibus
2422 1967 2699 2023 ﬂorentem
2718 2011 2733 2036 ,
2764 1970 2858 2025 sed
2885 1985 2992 2026 non
3035 1971 3102 2028 ab
3129 1971 3344 2028 inureti-

1751 2079 1934 2119 corum
1968 2063 2300 2118 correctione
2325 2063 2712 2132 quiescentem.

1819 2143 2046 2209 CAPUT
2112 2151 2202 2207 1X.
2242 2183 2316 2194 —
2353 2151 2440 2208 l0.
2493 2151 2667 2208 Verba
2737 2153 2989 2222 Epistolte
3036 2154 3286 2210 Secundae
3327 2174 3342 2213 :

1755 2245 2058 2299 Honorabili
2091 2255 2137 2299 et
2175 2246 2311 2300 omni
2333 2245 2520 2312 aﬂ'ectu
2562 2246 2894 2300 desiderando
2927 2241 3167 2312 Dulcitio,
3196 2247 3338 2302 Catt-

1752 2339 1950 2393 dentius
1971 2340 2253 2409 episcOpas.
2284 2339 2362 2394 Ad
2393 2339 2506 2394 ltzrc
2527 2341 2805 2408 responsio
2831 2357 2843 2392 :
2873 2339 2931 2396 Si
2966 2341 3111 2396 Omni
3143 2341 3338 2398 affectu

1751 2430 2022 2486 desideras
2052 2431 2339 2496 hominem,
2369 2445 2532 2502 quare
2563 2445 2680 2486 cum
2711 2431 2801 2487 illo
2831 2442 3014 2488 tenere
3033 2431 3230 2488 Christi
3255 2449 3345 2490 re-

1752 2523 1896 2591 spuis
1919 2523 2212 2577 unitatem?
2241 2525 2320 2576 An
2351 2523 2623 2578 reddendo
2646 2524 2841 2578 malum
2879 2526 3028 2595 quasi
3058 2539 3151 2596 pro
3182 2527 3343 2594 malo,

1752 2630 1910 2686 quem
1955 2623 2105 2669 tuum
2147 2625 2544 2685 persecutorem
2583 2625 2777 2686 putas,
2829 2615 3162 2686 rebaptizare
3205 2617 3347 2675 desi-

1753 2707 1906 2761 deras
1926 2703 1950 2760 ἲ

1823 2795 2050 2852 CAPUT
2088 2796 2156 2851 X.
2180 2827 2250 2837 —
2281 2797 2366 2852 ll.
2398 2793 2576 2852 Verba
2605 2795 2854 2866 Epistolzn
2886 2815 2899 2851 :
2930 2797 3106 2853 Solent
3125 2800 3239 2867 sibi,
3269 2801 3345 2855 in-

1752 2891 1884 2960 quit,
1912 2889 2023 2943 sola
2051 2890 2189 2958 fama
2211 2890 2335 2955 noti,
2359 2905 2559 2959 cupere,
2590 2900 2678 2943 aut
2705 2891 2892 2944 incerto
2917 2893 2933 2923 ί
2967 2892 3174 2946 invicem
3204 2911 3345 2963 aspe-

1752 2990 1835 3034 c'tu
1857 2981 2004 3035 verba
2034 2982 2263 3047 miscere,
2293 2991 2380 3034 aut
2405 2982 2644 3052 incogniti
2669 2983 2847 3036 saltem
2868 2999 2968 3036 non
2987 2983 3193 3038 narrare
3214 2993 3344 3055 prat-

1752 3073 1966 3126 sentiam
2013 3089 2032 3127 :
2077 3083 2163 3127 tua
2200 3088 2314 3126 vero
2339 3089 2582 3135 censura,
2638 3072 2774 3143 quod
2803 3074 3054 3128 absentem
3093 3091 3172 3128 me
3200 3077 3344 3133 inve-

1751 3166 1907 3229 neris,
1926 3165 2235 3235 gratulatum
2257 3173 2335 3230 te;
2355 3163 2491 3231 quod
2511 3173 2676 3216 autem
2696 3165 2949 3232 redierim,
2971 3167 3342 3236 contristatum,

1753 3255 1930 3310 litteris
1969 3256 2230 3309 intimasti.
2269 3254 2349 3309 Ad
2378 3255 2493 3310 lucc
2527 3257 2842 3323 responsio:
2875 3255 2988 3310 Non
3027 3271 3213 3314 omnes
3255 3262 3345 3329 qui

1751 3347 1854 3401 sibi
1883 3346 1996 3401 sola
2028 3345 2166 3400 fama
2203 3347 2314 3400 noti
2352 3356 2475 3400 sunt
2501 3389 2515 3411 ,
2542 3346 2724 3401 videre
2760 3348 2986 3402 invicem
3014 3349 3218 3418 volunt,
3251 3353 3345 3410 sed

1751 3453 1884 3508 quos
1913 3438 2048 3493 bene
2085 3439 2197 3509 ip<a
2230 3436 2368 3491 fama
2414 3437 2775 3492 commendat.
2815 3439 3006 3493 Miru‘m
3053 3445 3137 3496 εει
3165 3452 3344 3500 autem

1752 3545 1941 3586 revera
1971 3531 2112 3602 quod
2135 3532 2227 3586 tibi
2264 3531 2485 3596 accidit,
2513 3540 2572 3586 ut
2599 3540 2655 3586 tu
2675 3543 2797 3587 eum
2819 3531 3232 3590 desiderandum
3260 3537 3344 3592 di-

1753 3639 1874 3690 cas,
1904 3640 1932 3677 a
1963 3638 2067 3693 quo
2111 3633 2163 3679 te
2202 3624 2627 3693 persecutionem
2671 3627 2876 3694 perpeti
2922 3625 3198 3695 quereris:
3247 3629 3340 3686 ille

1752 3725 1933 3769 autem
1967 3716 2054 3784 qui
2085 3725 2136 3768 te
2159 3717 2520 3786 persequitur,
2555 3717 2827 3771 absentem
2858 3727 2909 3772 te
2938 3718 3085 3772 malit
3110 3732 3258 3783 esse,
3289 3731 3343 3777 et

1752 3810 1882 3863 nolit
1904 3825 2024 3863 eum
2047 3825 2204 3880 quem
2230 3811 2583 3881 persequitur,
2615 3811 2874 3866 invenire.
2911 3811 3014 3867 Sed
3041 3812 3142 3867 hoc
3173 3815 3336 3884 unde,

1752 3903 1851 3956 nisi
1884 3904 2003 3973 quia
2031 3913 2082 3958 te
2122 3905 2298 3973 potius
2327 3919 2511 3958 eorum
2543 3914 2939 3974 persecutorem
2987 3907 3156 3962 voluit
3179 3907 3342 3962 intel-

1751 3996 1862 4065 ligi,
1892 4012 2117 4066 quorum
2152 3996 2205 4050 in
2241 3994 2456 4052 Christo
2485 3997 2711 4052 salutem
2746 4007 2832 4052 tua
2859 3998 3139 4068 praesentia
3167 4000 3342 4055 credi-

1751 4088 1828 4142 dit
1852 4089 2139 4157 impediri?

1819 4179 2045 4235 CAPUT
2093 4180 2184 4234 Xi.
2226 4211 2296 4220 -—-
2334 4181 2421 4234 12.
2463 4181 2636 4235 Verba
2678 4180 2933 4250 Epistolie
2978 4199 2990 4234 :
3050 4182 3156 4236 Sed
3210 4199 3342 4252 quo-

1752 4273 1888 4326 niam
1918 4273 2170 4342 prarterita
2198 4272 2298 4337 die,
2325 4273 2513 4342 inquit,
2547 4289 2609 4325 ne
2632 4273 2683 4325 in
2719 4273 2978 4343 epistulari
3003 4290 3246 4344 responso
3269 4277 3340 4329 si.

1751 4365 1956 4420 luissem
1987 4374 2192 4435 propter
2216 4379 2408 4417 moram
2450 4366 2788 4435 portantium,
2821 4377 2956 4420 certa
2986 4381 3196 4438 quisque
3223 4371 3341 4423 stri-

1749 4460 1864 4512 ctim
1891 4467 2039 4529 atque
2064 4456 2271 4510 breviter
2294 4457 2518 4510 intimavi
2541 4471 2560 4510 :
2589 4473 2722 4510 nunc
2748 4458 2872 4510 mihi
2894 4457 3212 4528 Dignationis
3238 4469 3339 4513 tua:

1748 4553 1948 4622 scriptis
1986 4559 2316 4605 sacrosancta!
2349 4550 2471 4620 legis
2506 4550 2690 4604 diuina:
2724 4551 2884 4605 verbis
2929 4561 3002 4604 est
3025 4555 3338 4622 responden-

1750 4647 1894 4699 dum.
1925 4644 2172 4697 Dominus
2193 4643 2319 4696 dixit
2341 4657 2359 4696 :
2385 4661 2403 4692 ι
2440 4639 2767 4696 Innocentem
2793 4652 2838 4696 et
2857 4645 3056 4715 justum
3077 4659 3177 4697 non
3207 4645 3339 4699 occi-

1751 4740 1871 4802 des;
1901 4736 2197 4808 purgatione
2219 4751 2318 4787 non
2350 4734 2590 4804 purgabis
2611 4749 2751 4788 ream
2787 4753 2804 4787 ι
2843 4733 3037 4807 (Exod.
3075 4751 3221 4800 xxttt,
3255 4736 3332 4806 7).

1749 4830 1949 4887 Certum
1979 4838 2051 4883 est
2079 4829 2266 4899 igitur,
2292 4827 2345 4881 in
2384 4826 2474 4880 Dei
2507 4826 2704 4899 judicio
2744 4827 2856 4898 pari
2885 4829 3093 4882 crimine
3126 4832 3336 4899 parique

1749 4934 1892 4978 reatu
1917 4939 2022 4977 esse
2048 4921 2300 4975 devinctos
2323 4963 2337 4986 ,
2363 4921 2447 4984 qui
2475 4935 2616 4973 reum
2643 4918 2926 4985 absolverit,
2955 4930 3000 4972 et
3027 4921 3111 4990 qui
3138 4921 3336 4976 occide-

1749 5020 1816 5074 rit
1857 5018 2192 5071 innocentem.
2242 5013 2304 5070 Si
2335 5022 2451 5066 ante
2477 5013 2874 5066 communionem
2901 5011 2977 5065 rei
3023 5022 3165 5067 erant
3189 5055 3202 5076 ,
3231 5031 3264 5066 a
3291 5023 3338 5069 te

1749 5112 2039 5169 nominatus
2059 5108 2285 5164 Gabinus
2309 5109 2352 5171 ¹,
2380 5107 2458 5160 vel
2497 5106 2661 5159 ciete-ri
2705 5106 2965 5176 ﬁdefragi,
2997 5107 3054 5160 in
3093 5107 3226 5161 malo
3257 5108 3339 5162 illi

1753 5208 1900 5277 lapsu
1923 5211 2175 5259 consortes
2199 5198 2473 5256 secundum
2503 5197 2599 5252 Dei
2625 5213 2766 5252 uoces
2805 5198 2996 5252 absolvi
3022 5201 3226 5254 minime
3249 5201 3310 5254 de

1753 5301 1985 5355 buerunt.
2011 5296 2071 5352 Si
2093 5304 2258 5350 autem
2282 5303 2518 5364 umquam
2554 5293 2838 5346 innocentes
2858 5293 2936 5347 uel
2961 5294 3122 5348 sancti
3148 5301 3332 5362 recept:

1751 5402 1884 5455 sunt,
1917 5405 2072 5458 quare
2097 5389 2152 5443 in
2191 5403 2249 5442 ea
2276 5387 2377 5457 [ide
2403 5393 2748 5456 permanentes
2772 5425 2787 5451 ,
2818 5386 2955 5440 unde
2979 5387 3112 5441 velut
3134 5393 3334 5439 satietas

1753 5485 2001 5556 accipitis,
2027 5481 2254 5538 occiditis
2273 5479 2604 5534 binaeentes?
2630 5478 2710 5532 Ad
2741 5478 2855 5534 haec
2895 5478 3175 5550 responsio
3203 5493 3216 5528 :
3244 5475 3334 5530 in-

1755 5579 1958 5637 vidiose
1986 5585 2040 5634 et
2070 5573 2396 5631 mendaciter
2435 5571 2686 5643 loqueris.
2729 5570 2822 5626 llle
2857 5571 3052 5642 quippe
3080 5568 3145 5625 ad
3170 5582 3330 5640 quem

1821 5717 1839 5749 ι
1874 5711 2124 5766 Parcensis
2138 5717 2288 5775 vetus
2307 5714 2412 5775 bis”
2431 5705 2605 5775 infecto
2623 5717 2643 5775 ;
2663 5703 2792 5756 forte
2817 5715 2923 5768 pro,
2945 5701 3136 5754 imm

1823 5781 1844 5812 ³
1875 5777 2006 5829 Idem
2027 5783 2108 5826 Ms.
2135 5773 2212 5824 hic
2237 5778 2287 5823 et
2308 5767 2449 5832 intra,
