3816 6164
475 271 579 331 7H

477 381 736 456 loqueris,
762 393 868 436 non
898 376 1006 434 tale
1029 380 1351 448 praeceptum
1378 369 1582 439 accepit
1612 377 1672 423 ut
1699 366 2017 423 occidamini
2043 408 2058 432 ,

478 475 573 534 sed
600 483 660 532 ιιι
683 470 1051 546 corrigamitti;
1078 462 1220 535 quod
1247 462 1293 517 si
1331 461 1632 528 nolueritis,
1662 475 1731 517 ne
1758 461 2060 516 correctio-

478 586 601 629 nem
631 559 926 633 impediatis
953 557 1200 625 aliorum,
1225 557 1279 612 in
1303 555 1553 612 exsilium
1573 553 1877 610 mittemini.
1906 551 2062 623 Quod

477 662 520 720 si
545 673 576 710 ει
611 653 773 726 justis
816 649 932 707 fieri
978 663 1084 706 non
1127 647 1286 704 debet
1322 647 1534 718 injustis
1557 687 1573 712 ,
1604 662 1702 702 cur
1734 645 1895 702 etiam
1926 644 2061 700 falso

473 746 714 804 voluistis
762 743 830 801 de
869 741 1146 800 Czcciliani
1205 739 1398 796 exsilio
1439 739 1496 794 in
1535 747 1716 794 nostra
1764 735 2064 792 Collatione

471 839 686 913 gloriari
709 878 726 904 ,
753 851 860 908 quo
879 849 1002 891 eum
1030 835 1253 890 missum
1280 832 1470 888 vestris
1493 829 1789 900 majoribus
1813 828 2062 884 instanti-

473 931 572 989 bus
617 946 650 986 a
687 927 1035 986 Constantino
1078 925 1401 995 imperatore
1444 923 1698 979 dixistis?
1738 921 1842 978 iste
1883 929 2064 977 autem

474 1024 720 1082 tribunus
753 1020 820 1077 ad
856 1034 1016 1092 quem
1047 1017 1270 1084 scribis,
1297 1016 1383 1071 cui
1413 1015 1587 1086 legum
1615 1029 1713 1085 pro
1749 1013 1952 1068 unitate
1982 1013 2062 1066 la-

475 1108 650 1172 tarum
673 1113 691 1146 ‘
719 1127 845 1168 cura
875 1109 1124 1166 mandata
1158 1116 1274 1175 est,
1302 1123 1468 1178 usque
1493 1105 1630 1163 adeo
1651 1105 1764 1160 vult
1787 1113 1847 1160 ut
1875 1105 2023 1159 vivas
2045 1144 2062 1170 ,

477 1217 534 1264 ut
579 1207 764 1264 timeat
808 1219 876 1260 ne
915 1203 1030 1273 ipse
1073 1212 1126 1257 te
1173 1198 1407 1256 occidas.
1451 1198 1594 1254 Ecce
1636 1198 1927 1254 constitui1|
1973 1197 2067 1252 tibi

477 1310 602 1357 ante
640 1296 828 1355 oculos
868 1295 1040 1365 ipsum
1067 1335 1082 1360 ,
1111 1300 1164 1347 et
1191 1303 1242 1348 te
1279 1291 1476 1362 ipsum.
1520 1289 1641 1360 Ipse
1684 1299 1736 1345 te
1775 1290 1830 1343 in
1869 1285 2066 1344 Christi

479 1408 612 1466 pace
636 1391 748 1446 vult
791 1388 1004 1453 vivere;
1031 1395 1086 1442 tu
1113 1386 1165 1441 in
1198 1392 1346 1455 parte
1375 1383 1564 1440 Donati
1609 1392 1658 1438 te
1699 1383 1897 1452 quaeris
1925 1381 2069 1436 occi-

481 1485 644 1542 dere:
674 1481 794 1553 quis
818 1487 1048 1535 vestrutn
1075 1478 1144 1532 sit.
1163 1485 1284 1531 tuus
1316 1483 1642 1545 persecutor,
1671 1488 1924 1545 agnosce.

553 1573 776 1634 CAPUT
803 1572 918 1629 Xll.
939 1601 1012 1613 —
1035 1571 1121 1626 15.
1152 1568 1387 1626 Gabinus
1408 1576 1586 1623 autem
1607 1565 1718 1637 jam
1742 1573 1946 1632 noster,
1979 1565 2069 1636 qui

481 1671 577 1729 fuit
601 1667 886 1740 aliquando
925 1676 1104 1721 vester
1127 1705 1142 1730 ,
1175 1670 1229 1718 et
1257 1662 1346 1717 alii
1376 1676 1534 1732 quam
1582 1659 1838 1731 plurimi,
1867 1658 1957 1730 qui
2004 1674 2069 1714 ex

481 1763 632 1820 vobis
655 1763 721 1816 ad
753 1774 850 1816 nos
883 1756 1220 1815 considerata
1258 1753 1522 1810 catholica
1568 1753 1794 1807 veritate
1838 1748 2068 1806 transie-

480 1866 625 1926 runt,
649 1871 752 1913 non
785 1854 905 1912 ideo
927 1852 1020 1909 tibi
1047 1850 1328 1907 videantur
1355 1863 1386 1902 a
1417 1854 1593 1902 vestra
1623 1845 1941 1916 contagione
1964 1857 2072 1897 non

481 1952 646 2008 fuisse
670 1946 916 2022 purgati,
942 1945 1066 2016 quia
1104 1958 1210 1998 non
1252 1949 1378 1995 sunt
1401 1955 1432 1994 a
1459 1937 1615 1994 nobis
1642 1935 1976 2007 rebaptizati.
2006 1933 2072 1989 Hi

483 2044 626 2103 enim
653 2041 742 2114 qui
768 2036 1002 2094 nondum
1033 2034 1280 2106 baptizati
1303 2039 1462 2097 sunt,
1492 2047 1522 2086 a
1555 2031 1788 2102 peccatis
1823 2027 2074 2084 omnibus

484 2138 539 2195 in
559 2133 818 2192 catholica
859 2129 1096 2187 Ecclesia
1134 2127 1347 2184 lavacro
1389 2123 1810 2196 regenerationis
1850 2122 2075 2177 abluun-

486 2239 617 2286 tur:
647 2227 700 2284 in
745 2225 827 2282 eis
865 2231 1044 2278 autem
1089 2221 1179 2292 qui
1222 2219 1325 2275 hoc
1366 2218 1810 2280 Sacramentnm,
1857 2231 1966 2271 non
2009 2214 2075 2269 ad

485 2319 740 2378 auxilium
762 2358 778 2382 ,
809 2313 904 2372 sed
933 2313 1001 2370 ad
1037 2310 1299 2384 judicium
1335 2308 1469 2365 foris
1491 2307 1796 2378 accipiunt,
1823 2306 1946 2377 quia
1979 2321 2077 2361 nec

487 2415 542 2472 in
579 2411 858 2468 desertore
894 2405 1152 2461 violamus
1194 2402 1560 2458 characterem
1588 2400 1792 2471 regium
1816 2440 1831 2464 ,
1857 2397 1915 2452 fit
1948 2396 2076 2452 illud

489 2501 633 2578 quod
653 2500 886 2571 scripum
908 2504 1011 2562 est,
1041 2493 1276 2550 Charitas
1303 2493 1527 2564 cooperit
1564 2489 1936 2545 multitudinem
1964 2505 2079 2560 pec-

491 2605 721 2652 catorum
741 2590 786 2663 (l
807 2588 949 2645 Petr.
977 2603 1051 2653 tv,
1074 2586 1152 2657 8).
1181 2585 1322 2642 Ecce
1360 2581 1806 2655 quemadmodum
1830 2590 2076 2652 possunt,

492 2702 628 2760 quos
661 2700 768 2740 non
807 2689 1020 2753 oportet
1061 2678 1352 2750 baptizari,
1388 2677 1502 2747 ipsa
1541 2675 1818 2732 catholica:
1858 2673 2080 2729 unitatis

491 2776 750 2835 charitate
796 2771 1076 2840 mundari,
1107 2779 1165 2827 ut
1193 2785 1301 2826 non
1339 2768 1559 2840 incipiat
1596 2767 1674 2824 eis
1719 2767 1861 2822 intus
1903 2767 2083 2822 inesse

489 2868 632 2942 quod
656 2877 710 2925 et
733 2867 864 2923 foris
887 2868 1097 2932 inerat,
1129 2863 1226 2920 sed
1258 2863 1476 2934 incipiat
1516 2863 1596 2918 eis
1639 2861 1900 2932 prodesse
1942 2861 2083 2915 intus

491 2960 636 3034 quod
663 2957 793 3015 foris
821 2958 1028 3020 oberat.
1072 2955 1190 3012 Non
1230 2955 1408 3026 itaque
1437 2970 1465 3008 a
1495 2953 1648 3010 vobis
1671 2953 1966 3023 accipimus
1986 2968 2081 3007 ve-

494 3055 574 3112 lut
599 3062 846 3118 sanctos;
877 3050 946 3107 ad
974 3064 1072 3106 nos
1098 3050 1241 3106 enim
1291 3047 1617 3104 transeundo
1642 3047 2080 3114 sanctificantur;

495 3149 588 3222 qui
616 3144 883 3204 manendo
911 3144 1053 3216 apud
1082 3157 1178 3199 vos
1217 3142 1388 3198 sancti
1422 3156 1544 3197 esse
1571 3140 1790 3197 omnino
1817 3154 1923 3194 non
1958 3154 2083 3210 pos-

495 3250 623 3301 sunt
651 3237 792 3298 :nec
811 3254 909 3296 vos
929 3238 1242 3294 innocentes
1269 3234 1586 3302 occidimus,
1616 3249 1752 3306 quos
1772 3234 1936 3290 etiam
1963 3247 2086 3288 reos

498 3335 678 3392 vivere
709 3332 975 3388 volumus.

567 3423 794 3484 CAPUT
832 3423 1142 3480 IUL—14.
1172 3420 1279 3479 Sed
1302 3429 1357 3477 tu
1383 3421 1473 3492 qui
1500 3419 1862 3476 testimonium
1889 3417 2086 3474 divinae

498 3520 644 3578 vocis
668 3519 806 3576 bene
834 3517 1050 3585 recolis,
1083 3524 1139 3573 et
1165 3514 1322 3571 nobis
1345 3513 1534 3584 objicis
1558 3513 1727 3569 Deum
1748 3513 1968 3578 dixisse,
1989 3510 2087 3566 In-

499 3624 758 3672 nocentcm
781 3621 832 3669 et
863 3613 1061 3682 justum
1109 3627 1210 3664 non
1255 3608 1451 3664 occides
1472 3622 1493 3662 :
1520 3608 1566 3664 si
1613 3607 1872 3664 innocens
1925 3621 1984 3662 es
2033 3616 2089 3661 et

497 3709 708 3782 justus,
752 3721 921 3779 quare
967 3717 1017 3760 te
1093 3704 1327 3760 occidis?
1375 3703 1482 3759 Nos
1539 3713 1590 3758 te
1647 3703 1986 3758 innocentem
2036 3708 2090 3756 et

499 3804 701 3876 justum
725 3817 836 3857 non
865 3799 1095 3856 dicimus
1118 3839 1133 3864 ,
1159 3807 1214 3853 et
1234 3805 1411 3852 tamen
1435 3796 1684 3851 nolumus
1711 3805 1768 3850 ut
1786 3794 2046 3850 occidaris
2072 3811 2084 3848 :

508 3903 564 3950 tu
586 3903 639 3950 te
667 3893 1009 3948 innocentem
1035 3897 1092 3945 et
1105 3889 1308 3958 justum
1329 3886 1628 3953 arbitraris,
1659 3894 1716 3942 et
1739 3885 2009 3940 inponenti
2037 3893 2092 3940 et

503 3986 647 4061 justo
689 3999 798 4040 non
833 3982 1028 4055 parcis.
1076 3979 1279 4036 Certum
1318 3988 1391 4034 est
1425 3979 1617 4050 igitur,
1645 3979 1758 4050 ipse
1798 3976 2010 4045 dixisti,
2038 3979 2092 4032 in

505 4079 604 4138 Dei
630 4077 829 4155 judicio
862 4075 973 4147 pari
1011 4075 1218 4129 crimine
1249 4073 1460 4144 parique
1495 4079 1640 4127 reatu
1671 4087 1776 4126 esse
1817 4070 2089 4136 devinctos,

504 4174 591 4247 qui
609 4188 750 4229 reum
779 4169 1048 4226 absolverit
1065 4209 1080 4233 ,
1111 4175 1158 4224 et
1176 4167 1264 4238 qui
1288 4167 1602 4222 innocentem
1628 4165 1891 4220 occiderit.
1920 4163 2094 4234 Quare

504 4281 634 4339 ergo
691 4263 964 4322 absolvisti
1015 4260 1342 4318 Felicianum
1397 4259 1843 4316 maximianistam
1898 4259 2094 4315 reum?

505 4360 682 4430 Quare
719 4357 1059 4412 innocentem
1101 4353 1301 4410 occidis
1345 4363 1398 4409 et
1439 4362 1492 4409 te
1526 4353 1740 4424 ipsum?
1767 4352 1876 4409 Nos
1915 4363 2094 4408 autem

507 4464 609 4508 nec
635 4464 784 4506 reum
806 4446 1138 4503 absolvimus
1161 4487 1177 4514 ,
1200 4444 1294 4501 sed
1320 4453 1376 4500 ut
1401 4454 1670 4501 mereatur
1698 4444 1922 4511 absolvi,
1951 4445 2096 4516 prius

507 4541 706 4614 corrigi
731 4540 973 4611 cupimus
1001 4556 1014 4593 :
1040 4554 1138 4595 nec
1165 4550 1216 4594 te
1241 4539 1602 4606 innocentem,
1631 4538 1745 4595 sive
1771 4537 1860 4593 tibi
1888 4553 2091 4608 parcas,

509 4654 624 4698 sive
650 4645 701 4694 te
725 4633 938 4692 occidas
960 4676 976 4702 ,
1009 4633 1053 4690 si
1084 4633 1137 4688 in
1173 4641 1322 4704 parte
1353 4633 1543 4688 Donati
1585 4633 1929 4701 remanseris,
1957 4633 2097 4703 judi-

509 4745 714 4788 camus.
754 4726 888 4784 Nam
922 4725 991 4782 de
1017 4725 1346 4796 quantalibet
1378 4725 1680 4781 innocentia
1720 4725 1966 4795 glorieris
1988 4767 2002 4791 ,
2044 4733 2098 4782 te

511 4823 685 4896 ipsum
716 4820 1054 4876 innocentem
1079 4815 1374 4873 occidendo
1393 4858 1408 4884 ,
1439 4817 1694 4873 innocens
1717 4832 1836 4874 esse
1865 4833 1972 4874 non
1999 4832 2094 4889 po-

512 4914 679 4970 teris:
713 4911 814 4968 nisi
844 4910 983 4966 forte
1009 4908 1138 4964 mihi
1182 4908 1511 4979 respondeas
1551 4917 1607 4965 et
1635 4910 1782 4964 dicas
1806 4951 1822 4977 ,
1845 4909 1980 4966 Cum
2011 4926 2097 4967 me

512 5003 721 5071 occido,
749 5019 856 5058 non
882 5003 1219 5058 innocentem
1257 5001 1437 5072 utique
1465 5000 1652 5057 occido
1674 5042 1690 5066 ,
1721 5003 1844 5073 quia
1870 5003 1983 5073 ipsa
2003 5018 2098 5059 vo-

512 5097 717 5154 luntate
741 5110 844 5165 qua
874 5111 960 5151 me
997 5093 1244 5150 occidere
1268 5103 1445 5150 statuo
1467 5134 1484 5162 ,
1515 5109 1640 5150 reus
1662 5093 1866 5151 efﬁcior
1893 5097 2092 5167 animo,

513 5189 826 5263 priusquam
860 5203 1055 5261 corpus
1096 5188 1363 5246 occidero.
1400 5188 1514 5244 Hoc
1539 5189 1583 5244 si
1611 5188 1780 5258 dicis,
1809 5205 1993 5245 verum
2016 5191 2098 5246 di-

513 5287 596 5345 cis
615 5327 632 5354 ,
653 5292 708 5340 et
736 5283 884 5338 miris
904 5284 1076 5340 modis
1105 5293 1154 5340 te
1178 5283 1476 5340 accusando
1503 5281 1769 5341 defendis.
1791 5284 1926 5341 Cum
1953 5286 2097 5342 enim

515 5387 573 5436 te
599 5373 839 5435 ostendis
869 5375 923 5430 in
965 5383 1018 5432 te
1045 5375 1339 5432 occidendo
1365 5376 1514 5448 prius
1542 5377 1656 5448 ipso
1686 5379 1956 5449 proposito
1980 5378 2098 5435 fieri

515 5478 821 5540 nocentem,
849 5468 1037 5541 procul
1063 5469 1226 5526 dubio
1249 5469 1484 5528 facinore
1510 5481 1836 5544 perpetrato,
1869 5487 2026 5529 nemo
2047 5481 2101 5531 te

1349 5653 1406 5700 Αι
1427 5647 1560 5710 οδω»
1586 5648 1743 5715 tem
1775 5651 2095 5719 ννονηυιςαια-

515 5721 880 5822 Ὓῖιιᾛιῆ
893 5713 1379 5832 νοὲῗιιῖἓῗαῖδοὶωωαο.

1463 251 1737 315 CONTRA
1774 251 2254 319 GAUDENTIUM,
2296 223 2355 307 s.
2399 251 2767 309 AUGUSTINI

3683 239 3801 324 mi

2169 365 2450 421 convincet
2475 365 2619 436 quod
2645 365 2906 422 occideris
2933 368 3296 424 innocentem.
3325 368 3432 424 Hac
3458 369 3668 441 itaque
3695 389 3762 424 n-

2171 457 2314 512 tione
2341 456 2606 526 colligitur
2626 499 2642 524 ,
2671 459 2814 528 quod
2855 474 2977 514 cum
3015 461 3166 515 multi
3201 459 3521 518 innowntes
3565 463 3641 518 ab
3669 465 3768 517 δίιίὲ

2169 549 2498 614 occidantur,
2527 565 2557 604 a
2585 565 2646 607 se
2689 552 2807 622 ipso
2853 553 3030 609 nullus
3069 554 3331 611 innocens
3363 555 3680 612 occidatur.
3709 557 3770 612 Ea

2169 643 2364 713 quippe
2409 642 2730 714 cogitatione
2769 659 2871 716 qua
2899 645 3146 702 occidere
3172 663 3231 702 se
3272 647 3391 718 ipse
3418 649 3677 713 molitur,
3707 650 3773 704 iu—

2169 733 2417 788 nocentia
2461 733 2609 804 prius
2650 735 3013 806 exspoliatur,
3045 745 3103 793 ut
3127 752 3252 794 cum
3293 754 3354 795 se
3395 739 3649 806 occidit,
3681 758 3774 796 non

2170 823 2431 880 innocens
2451 826 2730 882 moriatur.
2763 827 2873 884 Hoc
2895 827 2988 883 tibi
3019 830 3380 901 contingeret,
3409 832 3454 888 si
3481 845 3774 904 antequa

2173 925 2225 972 te
2244 915 2491 974 occidere
2526 933 2857 988 pratparares
2881 962 2895 984 ,
2937 920 3196 978 innocens
3241 938 3430 980 esses:
3459 941 3623 981 nunc
3666 942 3776 981 vero

2170 1010 2294 1080 quia
2321 1019 2375 1065 et
2402 1019 2559 1066 antea
2587 1011 2701 1082 jam
2729 1012 3012 1069 haereticus
3053 1014 3314 1072 innocens
3335 1033 3444 1071 non
3475 1034 3615 1073 eras
3643 1059 3661 1081 ,
3689 1037 3779 1074 nul

2171 1105 2295 1169 erit,
2341 1106 2386 1161 si
2437 1115 2491 1163 te
2538 1108 2834 1177 occideris,
2891 1118 3014 1165 tuze-
3042 1111 3338 1182 iniquitatis
3391 1112 3620 1168 initium
3651 1155 3669 1177 ,
3699 1119 3779 1168 sed

2171 1207 2540 1270 augmentum.

2241 1287 2470 1347 CAPUT
2508 1289 2650 1346 XIV.
2685 1322 2756 1333 —
2795 1293 2882 1350 15.
2935 1293 3107 1350 Verba
3160 1295 3417 1365 Epistolas
3457 1315 3472 1351 :
3515 1296 3681 1352 Nam
3732 1307 3782 1351 de

2172 1391 2347 1436 sancto
2399 1379 2625 1438 Emerita
2649 1425 2664 1450 ,
2700 1383 2898 1454 inquit,
2931 1384 3242 1442 Cwsareensi
3283 1387 3418 1460 faba
3451 1389 3520 1442 ad
3563 1405 3664 1444 cos
3703 1408 3782 1458 pro

2172 1481 2305 1526 certo
2327 1471 2466 1541 fama
2495 1473 2738 1544 pervenit.
2767 1474 2918 1542 Quod
2941 1478 2984 1531 si
3009 1487 3155 1544 esset,
3174 1478 3314 1548 apud
3329 1481 3347 1511 ⁸
3369 1481 3692 1551 Apostolus:
3717 1485 3784 1533 di-

2175 1571 2367 1616 centem
2392 1603 2406 1628 ,
2466 1581 2485 1614 ι
2527 1563 2589 1619 Si
2618 1565 2911 1620 exciderunt
2939 1583 2970 1620 α
3000 1567 3101 1636 ﬁde
3123 1569 3333 1640 quidam
3371 1570 3608 1638 illorum,
3643 1590 3780 1625 nunt-

2173 1653 2298 1723 quid
2345 1653 2620 1723 inﬁdelitas
2659 1654 2866 1712 illorum
2915 1659 3067 1727 ﬁdem
3108 1659 3203 1715 Dei
3241 1663 3540 1718 evacuavit.’
3589 1663 3738 1719 Absit
3765 1687 3778 1714 ι

2181 1746 2354 1814 (Rom.
2386 1764 2478 1816 Ill,
2511 1748 2590 1818 5).
2630 1749 2710 1805 Ad
2753 1751 2867 1806 haec
2911 1755 3190 1822 responsio
3223 1773 3236 1808 :
3267 1754 3568 1811 Dicendum
3614 1767 3704 1812 est
3728 1759 3782 1812 de

2177 1839 2419 1895 Emerito
2459 1838 2790 1898 Caesareensi
2811 1884 2825 1906 ,
2851 1843 2993 1914 quod
3039 1844 3220 1900 dicere
3251 1855 3305 1900 tu
3331 1846 3587 1902 timuisti.
3633 1848 3784 1903 Falsa

2176 1931 2387 2002 quidem
2410 1933 2477 1988 de
2503 1933 2593 1988 illo
2615 1935 2750 1990 fama
2773 1936 2970 2005 jactata
2993 1947 3093 2001 est,
3119 1939 3261 2009 quod
3281 1941 3589 1996 catholicus
3618 1941 3786 1996 factus

2176 2026 2245 2080 sit
2275 2043 2287 2079 :
2317 2025 2413 2082 sed
2439 2028 2891 2098 quemadmodum
2919 2031 3022 2086 hoc
3039 2031 3294 2097 audistis;
3326 2034 3400 2088 ita
3428 2040 3612 2090 totum
3646 2037 3783 2106 quod

2179 2115 2373 2172 factum
2401 2129 2484 2174 cst
2509 2161 2525 2187 ,
2552 2135 2712 2176 nosse
2751 2122 3017 2191 potuistis.
3059 2123 3169 2178 Cur
3196 2138 3324 2196 ergo
3370 2125 3555 2182 laudes
3603 2131 3786 2198 coepi-

2179 2210 2327 2279 sc0pi
2373 2210 2482 2278 tui,
2513 2212 2667 2280 cujus
2714 2214 2811 2268 tibi
2852 2229 2948 2284 pro
2973 2216 3220 2286 exemplo
3269 2231 3468 2274 nomen
3509 2219 3784 2290 objecuun

2179 2311 2298 2369 est,
2329 2312 2506 2360 tacere
2535 2305 2792 2361 voluisti?
2826 2307 3074 2364 Profecto
3111 2309 3158 2365 si
3208 2309 3333 2366 iecit
3375 2313 3583 2384 aliquid
3635 2314 3790 2370 laude

2180 2393 2397 2465 dignum
2431 2395 2482 2450 in
2504 2406 2652 2452 tanto
2676 2398 2930 2466 articulo,
2958 2415 3064 2454 non
3094 2401 3192 2456 abs
3221 2410 3272 2457 te
3314 2401 3416 2458 fuit
3468 2404 3666 2476 utique
3709 2421 3785 2460 re-

2184 2487 2475 2544 ticendum.
2517 2488 2622 2545 Sed
2649 2491 2770 2562 quia
2803 2491 2918 2562 ejus
2949 2491 3195 2548 laudibus
3235 2507 3346 2548 non
3375 2495 3458 2550 vis
3485 2504 3544 2551 ut
3572 2506 3633 2552 te
3661 2498 3788 2551 invi-

2182 2579 2312 2636 dere
2335 2581 2571 2652 potuisse
2595 2583 2899 2652 credamus,
2926 2600 3091 2656 quare
3119 2601 3248 2658 ergo
3276 2588 3512 2656 tacuisti,
3538 2589 3648 2645 nisi
3672 2591 3786 2661 quia

2183 2672 2250 2728 de
2282 2672 2376 2727 illo
2400 2673 2722 2731 erubescere
2748 2676 3004 2732 timuisti?
3029 2676 3192 2733 Venit
3212 2694 3341 2750 ergo
3371 2679 3655 2737 Emeritus
3683 2683 3784 2736 Ωιι.

2185 2780 2414 2834 saream,
2444 2766 2550 2822 illic
2592 2767 2782 2838 positis
2811 2777 2866 2824 et
2893 2769 3248 2839 praesentibus
3287 2772 3462 2827 nobis.
3503 2771 3672 2828 Venit
3693 2789 3784 2828 au-

2187 2867 2293 2916 tem
2321 2875 2427 2916 non
2459 2862 2826 2932 apprehensus
2851 2863 3169 2936 cujusquam
3209 2865 3529 2936 sagacitate,
3558 2883 3674 2922 non
3702 2868 3788 2923 ad.

2185 2951 2379 3009 ductus
2446 2953 2665 3010 alterius
2732 2964 3034 3024 potestate;
3085 2956 3182 3011 sed
3245 2957 3514 3013 excitatus
3575 2960 3784 3030 propria

2186 3046 2458 3102 voluntate
2491 3046 2674 3102 videre
2704 3062 2802 3102 nos
2840 3048 3027 3103 voluit.
3059 3047 3302 3104 Vidimus
3321 3065 3482 3117 eum,
3512 3051 3586 3107 ad
3619 3053 3786 3108 eccle-

2188 3140 2320 3194 siam
2380 3138 2698 3194 catholicam
2746 3140 2949 3211 pariter
2997 3140 3283 3208 venimus,
3328 3142 3498 3198 adfuit
3553 3145 3786 3200 maxims

2188 3233 2472 3289 multitudo
2505 3249 2518 3286 :
2548 3232 2677 3286 nihil
2705 3247 2802 3304 pro
2827 3248 2920 3288 sua
2947 3248 3044 3288 seu
3066 3243 3242 3289 vestra
3264 3233 3585 3295 defensione
3609 3238 3790 3292 dicere

2190 3326 2397 3397 potuit;
2446 3324 2844 3380 communicare
2889 3325 3098 3391 noluit,
3145 3323 3346 3381 dilatus
3399 3330 3786 3398 perseveravit,

2189 3419 2464 3476 convictus
2491 3419 2792 3487 obmutuit,
2823 3417 3027 3474 illmsus
3069 3419 3350 3476 abscessit.
3380 3419 3518 3489 Quid
3547 3422 3669 3478 ﬁeri
3699 3438 3788 3493 po-

2191 3513 2291 3568 tuit
2321 3528 2419 3584 pro
2447 3519 2630 3569 nostra
2661 3510 3033 3567 mansetudine
3058 3511 3258 3580 lenius,
3286 3512 3414 3584 quid
3446 3529 3549 3585 pro
3568 3518 3786 3570 veritate

2198 3605 2464 3660 catholica
2488 3606 2510 3636 ¹
2543 3605 2817 3672 invictius;
2849 3603 2975 3675 quid
3001 3619 3099 3675 pro
3126 3613 3302 3660 vestra
3321 3645 3337 3670 ,
3368 3605 3415 3660 si
3439 3607 3653 3676 sapitis,
3681 3624 3786 3663 cor-

2192 3700 2428 3756 rectione
2454 3697 2752 3755 salubrius?
2777 3697 2912 3754 Cum
2937 3698 3079 3753 enim
3115 3708 3309 3770 sponte
3336 3698 3403 3755 ad
3437 3714 3538 3756 nos
3567 3701 3675 3756 nisi
3705 3717 3786 3772 pro

2191 3791 2344 3847 vobis
2371 3798 2555 3846 contra
2583 3805 2681 3846 nos
2719 3789 2958 3846 dicturus
2981 3789 3180 3862 aliquid
3212 3805 3321 3846 non
3364 3791 3636 3859 venisset,
3677 3810 3785 3863 pru-

2195 3882 2334 3938 fecto
2353 3881 2595 3946 dixisset;
2617 3883 2662 3938 si
2687 3881 2830 3953 quod
2853 3881 3075 3950 diceret,
3099 3881 3406 3939 invenisset.
3429 3883 3786 3954 Quacumque

2193 3969 2334 4024 enim
2361 3975 2420 4022 ut
2448 3967 2649 4023 veniret
2679 3975 3069 4037 praeparaverat
3089 3965 3291 4034 dicere,
3312 3966 3603 4037 adjuvante
3628 3971 3783 4024 mise-

2195 4060 2424 4118 ricordia
2469 4059 2679 4115 Domini
2723 4068 2846 4115 ante
2870 4067 2995 4115 sunt
3027 4070 3208 4115 nostra
3254 4062 3620 4132 praeventione
3646 4063 3783 4120 refu-

2197 4162 2325 4214 tata,
2350 4167 2507 4223 quam
2546 4152 2690 4207 illius
2726 4151 3184 4207 circumventione
3217 4152 3443 4222 prolata.
3469 4153 3539 4208 Et
3570 4165 3722 4210 certe
3747 4156 3782 4208 si

2197 4254 2350 4315 putas
2387 4260 2508 4300 eum
2547 4243 2822 4314 potuisse,
2856 4243 2951 4300 sed
2988 4245 3224 4300 noluisse
3265 4245 3638 4316 respondere;
3679 4249 3784 4316 lqe

2196 4337 2338 4410 quod
2367 4353 2486 4392 cum
2515 4337 2606 4393 illo
2633 4348 2808 4394 actum
2838 4344 2955 4402 est,
2984 4347 3039 4393 et
3063 4337 3178 4408 ipse
3217 4326 3504 4409 responde.
3531 4337 3594 4396 Si
3617 4341 3669 4394 in
3703 4356 3781 4410 pa-

2198 4446 2315 4488 cem
2353 4429 2672 4486 catholicam
2718 4430 2998 4486 transisset
3044 4430 3349 4497 Emeritus,
3380 4430 3635 4488 diceretis
3671 4447 3782 4488 eun

2200 4539 2303 4578 non
2335 4522 2510 4578 divina
2551 4523 2892 4579 miseratione
2935 4521 3276 4577 consensisse
3305 4521 3495 4578 lumini
3527 4524 3779 4586 veritatis,

2199 4613 2292 4669 sed
2343 4613 2564 4684 ponderi
2616 4613 3001 4683 persecutionis
3047 4611 3274 4668 humana
3319 4613 3631 4670 inﬁrmitate
3679 4631 3785 4672 eos.

2199 4707 2354 4762 sisse.
2381 4705 2436 4761 Si
2464 4705 2694 4777 denique
2719 4716 2905 4776 captus
2930 4704 3282 4761 adduceretur
3302 4707 3523 4774 invitus,
3551 4724 3656 4764 non
3678 4710 3783 4764 ino-

2201 4798 2285 4870 pia
2306 4797 2667 4869 respondendi
2701 4839 2714 4863 ,
2743 4797 2837 4854 sed
2867 4796 3128 4854 evadendi
3162 4798 3387 4853 consilio
3431 4800 3658 4856 tacuisse
3699 4817 3782 4871 pro

2199 4902 2380 4949 vestro
2402 4893 2623 4949 arbitrio
2653 4893 2945 4964 jactaretis.
2980 4893 3132 4950 Nunc
3154 4908 3283 4949 vero
3325 4895 3541 4966 quando
3571 4897 3778 4966 quidem

2201 4989 2342 5044 ultro
2390 4989 2569 5053 venit,
2603 4989 2840 5060 profecto
2879 4987 3017 5060 quod
3067 4989 3259 5055 tacuit,
3289 5004 3399 5044 non
3428 4990 3604 5060 lingua
3635 5032 3650 5055 ,
3699 4990 3782 5047 sed

2201 5096 2360 5137 causa
2396 5081 2589 5137 defecit
2616 5100 2630 5137 :
2657 5081 2796 5153 quod
2839 5091 3016 5137 autem
3061 5081 3290 5138 transire
3333 5083 3390 5136 lu
3426 5083 3678 5137 unitatem
3706 5098 3783 5136 ca-

2202 5174 2454 5230 tholicam
2482 5174 2651 5229 noluit
2669 5216 2685 5242 ,
2713 5174 2945 5230 animam
2974 5175 3259 5245 superbam
3288 5173 3533 5230 confusio
3565 5176 3784 5245 pertina-

2200 5266 2470 5323 cissimam
2517 5266 2672 5326 fecit.
2696 5264 2802 5324 Sed
2848 5267 2950 5322 hoc
2990 5275 3247 5336 quantum
3277 5265 3346 5321 ad
3378 5265 3547 5336 ipsius
3575 5267 3781 5321 exitium

2202 5370 2361 5434 atque
2389 5363 2730 5434 supplicium,
2759 5371 2963 5418 tantum
2993 5362 3062 5417 ad
3085 5363 3311 5418 aliorum
3333 5364 3778 5422 confirmationem

2203 5457 2536 5529 salutemque
2566 5457 2810 5529 profecit.
2853 5456 2909 5513 Si
2934 5457 3079 5514 enim
3110 5456 3354 5514 viderent
3380 5459 3674 5516 Emeritam
3697 5475 3778 5515 no-

2267 5657 2284 5690 ¹
2319 5663 2456 5716 Loco,
2479 5655 2630 5720 apud,
2649 5655 3086 5720 fortelegendum,

2204 5717 2693 5832 Wtrtfvaniensibus
2717 5717 2909 5770 videtur
2934 5717 3215 5780 legendum,
3267 5731 3358 5780 pro
3403 5721 3601 5773 veritate
3633 5722 3773 5772 (atho-
