3816 6154
81 252 184 312 ’ΜΞ

77 366 156 422 bis
191 362 732 431 communicantem,
762 360 1160 435 suspicarentur
1188 358 1462 416 hominem
1499 359 1688 416 formi-

79 457 287 513 dantem
316 475 333 510 :
361 470 499 512 cum
542 464 717 511 autem
742 454 990 511 viderunt
1010 461 1065 510 et
1089 454 1142 509 in
1168 463 1321 524 parte
1345 452 1535 508 Donati
1562 468 1688 523 per-

77 555 407 612 manentem,
433 556 498 603 et
523 557 696 603 tamen
718 547 972 604 adversus
998 545 1324 602 Catholicam
1352 547 1686 612 reticentem,

78 641 241 712 magis
268 641 384 696 illis
428 643 683 712 apparuit
721 648 909 697 contra
935 653 1063 696 suos
1090 638 1297 694 silendo
1325 639 1575 693 clamare.
1606 638 1689 692 An

79 747 202 789 vero
228 748 358 788 cum
387 747 534 789 voce
560 741 718 803 atque
738 747 833 788 ore
857 747 990 788 sano
1033 739 1088 788 et
1129 731 1300 787 libero
1345 737 1548 795 staret,
1580 744 1688 785 non

84 833 191 882 erat
214 840 318 896 pro
348 834 542 882 vestra
568 840 728 882 causa
756 833 942 882 contra
984 838 1082 879 nos
1112 823 1260 876 testis
1285 821 1508 877 idoneus
1529 821 1688 877 Eme-

77 916 201 974 ritus
251 916 369 984 ille,
435 917 534 973 ille
585 917 884 977 Emeritus,
934 910 1190 982 inquam,
1242 922 1296 968 et
1340 911 1590 967 inimicus
1633 918 1690 968 et

77 1020 248 1066 mutus
268 1010 295 1064 ‘l

142 1101 378 1158 CAPUT
403 1096 534 1153 XV.
561 1127 633 1138 —
663 1097 753 1152 16.
780 1095 888 1152 Sed
917 1096 1053 1153 bene
1080 1096 1171 1152 tibi
1204 1096 1350 1151 visus
1377 1111 1437 1152 es
1463 1104 1680 1152 vestros

81 1191 395 1257 auctoritate
413 1190 672 1246 videlicet
683 1188 978 1260 apostolica
1000 1189 1268 1245 consolari
1291 1208 1304 1244 :
1330 1203 1435 1244 non
1464 1196 1684 1258 propter

79 1287 390 1350 Emeritam,
441 1283 540 1354 qui
591 1295 699 1338 non
753 1283 926 1352 potuit
975 1280 1095 1351 plus
1127 1281 1304 1336 facere
1340 1295 1438 1351 pro
1486 1279 1636 1334 vobis
1664 1321 1680 1347 ,

81 1393 228 1450 quam
254 1375 408 1449 quod
438 1389 555 1431 non
581 1373 860 1430 inveniens
891 1373 1017 1444 quid
1046 1374 1352 1443 loqueretur
1386 1387 1482 1442 pro
1508 1371 1680 1439 vobis,

79 1486 174 1526 non
219 1479 407 1525 tamen
451 1467 719 1524 abscessit
745 1481 774 1520 a
804 1466 990 1532 vobis;
1021 1465 1117 1521 sed
1148 1473 1365 1535 propter
1393 1465 1560 1530 alios,
1590 1464 1681 1535 qui

82 1574 249 1621 vestro
276 1579 472 1621 errore
515 1560 774 1618 derelicto
803 1560 856 1615 in
880 1558 1189 1614 societatem
1219 1557 1538 1612 catholicam
1563 1571 1681 1611 mu-

83 1658 186 1723 tati,
217 1657 272 1711 in
298 1656 508 1712 melius
537 1658 911 1724 aggregantur,
945 1649 1377 1706 commemorasti
1404 1655 1680 1720 propterea

83 1749 268 1804 dixisse
323 1745 652 1816 Apostolum
674 1784 688 1810 ,
737 1743 796 1798 Si
825 1741 1034 1814 quidam
1077 1742 1283 1795 illorum
1323 1740 1617 1794 exciderunt
1649 1755 1682 1794 a

84 1840 193 1908 fide,
219 1837 476 1907 numquid
523 1835 800 1905 inﬁdelitas
829 1834 1037 1889 illorum
1063 1833 1217 1903 ﬁdem
1255 1831 1352 1886 Dei
1381 1832 1681 1886 evacuavit?

93 1928 242 1983 Absit.
276 1927 501 1983 Revera
527 1926 631 1981 hoc
655 1932 842 1993 restat,
871 1934 930 1979 ut
953 1923 1215 1980 excidisse
1243 1923 1489 1979 dicantur
1515 1938 1546 1978 a
1576 1922 1682 1980 fide

85 2021 164 2092 qui
190 2021 300 2076 Deo
326 2019 706 2087 crediderunt,
739 2026 794 2073 et
836 2016 995 2072 fidem
1039 2025 1220 2073 tenere
1251 2016 1342 2087 qui
1371 2015 1680 2071 hominibus

87 2112 315 2168 credunt.
372 2110 445 2165 In
482 2110 674 2166 semine
719 2118 806 2164 tuo
850 2108 1201 2163 benedicentur
1258 2122 1429 2161 omnes
1467 2116 1676 2178 gentes,

89 2204 207 2258 dixit
233 2203 377 2259 Deus
413 2202 575 2274 (Gen.
603 2217 740 2266 xxii,
774 2198 886 2272 18).
923 2201 1058 2255 Ecce
1096 2199 1180 2254 cui
1219 2197 1464 2265 credunt,
1494 2198 1585 2268 qui
1611 2213 1679 2253 ex

87 2294 222 2350 vobis
261 2294 328 2350 ad
381 2308 490 2349 nos
545 2298 843 2348 transeunt.
885 2291 1153 2347 Caeciliani
1208 2297 1426 2360 peccato
1453 2289 1679 2360 periisse

91 2385 465 2442 transmarinas
517 2391 703 2456 gentes
743 2381 989 2438 homines
1017 2381 1282 2438 dixerunt.
1317 2381 1456 2436 Ecce
1485 2379 1679 2451 quibus

91 2479 313 2546 credunt,
345 2478 442 2549 qui
487 2477 544 2532 in
589 2484 767 2532 vestra
807 2475 1064 2531 societate
1109 2475 1421 2545 persistunt.
1455 2473 1522 2528 Et
1546 2473 1680 2529 dicis

94 2585 175 2626 eos
198 2570 464 2626 excidisse
506 2583 536 2622 a
573 2567 676 2623 fide
704 2566 797 2638 qui
828 2565 985 2622 fidem
1016 2565 1108 2620 Dei
1130 2565 1297 2620 secuti
1329 2571 1474 2629 sunt,
1503 2572 1556 2618 et
1584 2577 1678 2619 eos

92 2662 232 2718 fidem
277 2663 485 2718 habere
525 2660 621 2716 Dei
659 2659 749 2731 qui
789 2660 842 2715 in
883 2659 1064 2716 verbis
1091 2659 1366 2714 hominum
1398 2671 1677 2714 remanse-

96 2763 222 2810 runt.
254 2754 354 2811 Ubi
384 2763 472 2811 est
505 2769 633 2825 ergo
659 2752 802 2825 quod
847 2752 971 2808 huic
1014 2752 1295 2806 sententia:
1321 2752 1418 2807 abs
1446 2761 1500 2808 te
1527 2767 1680 2808 com-

94 2858 384 2903 memoratae
431 2847 693 2904 continuo
721 2844 994 2916 subiungit
1025 2845 1336 2916 Apostolus,
1369 2844 1467 2900 Est
1508 2856 1678 2903 autem

95 2937 219 2995 Deus
253 2957 426 3010 verax,
461 2940 629 2997 omnis
658 2948 826 2994 autem
864 2940 1016 2994 homo
1057 2938 1279 2994 mendax
1311 2938 1486 3010 (Rom.
1514 2956 1592 3009 ιιι,
1618 2940 1672 3010 5,

96 3033 174 3103 4);
198 3035 294 3090 sia
323 3035 429 3092 fide
451 3034 776 3093 exciderunt
801 3031 891 3104 qui
921 3033 1148 3088 credunt
1183 3031 1324 3104 quod
1362 3033 1498 3088 dixit
1536 3033 1676 3090 Deus

98 3140 260 3196 verax,
299 3137 354 3185 et
402 3130 458 3184 in
506 3127 610 3183 fide
659 3125 952 3198 persistunt
979 3126 1068 3198 qui
1112 3125 1336 3182 credunt
1363 3125 1506 3198 quod
1536 3125 1676 3183 dixit

98 3214 239 3275 homo
266 3219 543 3277 mendax?

157 3309 368 3370 CAPUT
387 3312 730 3370 Ἆγι-ιι.
760 3311 938 3367 Verba
969 3309 1220 3380 Epistolas
1254 3327 1265 3363 :
1298 3309 1500 3381 Fugam
1525 3310 1670 3380 mihi,

101 3401 268 3473 inquit,
293 3406 437 3476 quasi
457 3421 524 3462 ea;
544 3404 650 3476 lege
672 3402 945 3475 persuades
973 3417 991 3456 :
1020 3400 1108 3457 sed
1139 3403 1302 3471 factor
1327 3401 1450 3472 legis
1477 3409 1673 3457 tantum

104 3495 228 3551 debet
267 3499 468 3567 audiri;
517 3497 638 3568 quia
682 3495 881 3550 Paulus
905 3493 1166 3565 apostolus
1191 3492 1332 3560 dicit,
1371 3512 1389 3544 ι
1428 3491 1552 3548 Νοη
1581 3511 1675 3549 au-

103 3589 267 3647 ditores
301 3593 420 3665 legis
454 3591 592 3664 justi
623 3599 743 3644 sunt
777 3588 918 3660 apud
944 3586 1141 3654 Deum,
1177 3586 1266 3640 sed
1303 3589 1521 3658 factores
1550 3587 1674 3658 legis

102 3680 487 3750 iustiﬁcabuntur
524 3701 543 3735 ι
579 3680 689 3753 (Id.
721 3695 779 3749 ιι,
813 3677 929 3749 15).
962 3677 1104 3732 Nam
1141 3677 1263 3732 audi
1307 3687 1355 3731 et
1395 3677 1673 3733 Dominum

103 3771 342 3842 dicentem,
375 3794 396 3827 ι
435 3774 576 3842 Quia
605 3774 764 3827 bonus
788 3778 961 3842 pastor
989 3769 1214 3823 animam
1238 3784 1386 3823 suam
1413 3769 1554 3840 ponit
1575 3785 1672 3839 pro

105 3864 255 3920 ovibus
279 3869 380 3924 suis
414 3885 432 3923 :
457 3865 800 3922 mercenarius
843 3871 1010 3918 autem
1030 3903 1046 3930 ,
1091 3863 1242 3932 cujus
1281 3878 1382 3916 non
1412 3870 1528 3916 sunt
1558 3878 1672 3918 oves

105 3959 318 4028 propriae,
346 3962 482 4017 videt
513 3961 692 4030 lupum
717 3958 1013 4022 venientem,
1034 3963 1080 4009 et
1097 3955 1262 4027 fugit;
1293 3965 1338 4009 et
1359 3955 1509 4025 lupus
1534 3954 1673 4026 rapit

106 4063 176 4103 eas
197 4060 239 4105 et
266 4053 508 4128 dispergit
546 4071 564 4104 ι
593 4050 772 4125 (Joan.
799 4065 856 4116 x,
886 4049 974 4114 il,
1007 4045 1118 4119 12).
1162 4045 1240 4101 Ad
1286 4045 1402 4100 haec
1443 4060 1669 4116 respon-

105 4139 174 4194 sio
209 4161 221 4196 :
256 4143 391 4200 Ecce
428 4143 701 4218 quomodo
744 4139 990 4210 intelligit
1034 4137 1379 4209 Evangelium
1413 4151 1535 4207 pars
1566 4139 1671 4194 Do-

105 4233 218 4287 nati.
257 4234 401 4294 Itane
446 4234 737 4306 Apostolus
759 4275 774 4302 ,
808 4246 915 4288 non
946 4238 1150 4301 pastor,
1187 4228 1282 4284 sed
1309 4230 1669 4286 mercenarius

107 4332 221 4392 erat,
248 4327 458 4397 quando
488 4341 584 4398 per
606 4339 816 4381 murum
849 4323 904 4377 in
931 4329 1111 4394 sporta
1155 4318 1452 4376 submissus
1471 4361 1486 4387 ,
1537 4319 1671 4390 fugit

107 4426 272 4472 manus
295 4421 409 4490 ejus
435 4419 528 4491 qui
564 4433 686 4474 eum
729 4412 1188 4485 comprehendere
1230 4410 1479 4482 cupiebat
1519 4411 1684 4482 (Act.

115 4517 176 4570 ιι,
205 4505 320 4579 25);
360 4520 414 4567 et
464 4521 522 4566 tu
569 4523 628 4566 es
669 4516 888 4580 pastor,
939 4505 1031 4576 qui
1069 4518 1161 4560 eas
1203 4517 1336 4574 quas
1373 4503 1669 4559 dominicas

107 4601 277 4666 Oves‘,
305 4611 361 4657 ut
406 4617 592 4660 errore
635 4602 688 4656 in
733 4599 913 4654 animo
951 4605 1192 4670 pereant,
1247 4595 1430 4651 furore
1473 4610 1668 4666 corpus

109 4684 406 4763 interimant,
448 4696 610 4752 etiam
648 4701 822 4749 tecum
867 4690 946 4746 vis
982 4687 1242 4760 perdere,
1274 4698 1448 4744 tecum
1473 4689 1668 4759 quaeris

109 4781 322 4841 occidere
339 4827 355 4852 ,
380 4801 482 4844 nec
504 4785 655 4842 audis
678 4792 944 4855 pastorem
969 4789 1347 4852 pastorumque
1371 4780 1666 4852 principem

111 4865 364 4946 dicentem,
398 4878 509 4933 Fur
533 4893 635 4932 non
660 4877 794 4931 venit
820 4874 920 4929 nisi
935 4882 990 4928 ut
1013 4873 1208 4928 occidat
1223 4881 1271 4928 et
1294 4872 1471 4943 perdat
1488 4871 1665 4943 (Joan.

110 4973 155 5025 Χ,
175 4963 292 5036 10)?
318 4970 398 5026 Ad
428 4972 530 5027 hoc
557 4968 775 5036 venisti,
805 4966 896 5038 qui
917 4965 1295 5022 abscesseras?
1320 4963 1386 5043 ad
1418 4965 1517 5020 hoc
1544 4964 1667 5020 red-

110 5046 212 5120 isti,
241 5059 323 5128 qui
364 5060 611 5133 fugeras?
642 5059 756 5116 Hoc
778 5073 913 5131 opus
954 5055 1088 5112 furis
1108 5063 1190 5111 est
1208 5063 1263 5111 et
1286 5055 1527 5122 latronis,
1558 5070 1666 5112 non

111 5150 312 5210 pastoris
335 5162 491 5227 atque
509 5152 766 5210 custodis.
785 5151 1166 5208 Verumtamen
1192 5147 1354 5202 etiam
1382 5146 1536 5201 nobis
1556 5162 1665 5204 non

114 5241 158 5289 ιθ
179 5247 488 5318 cogentibus,
519 5248 640 5304 vide
668 5246 792 5318 quia
821 5259 1010 5301 omnes
1047 5242 1279 5313 collegas
1307 5249 1427 5295 tuos
1455 5242 1543 5310 qui
1583 5240 1665 5296 fu-

113 5337 308 5413 gerunt,
356 5355 459 5396 non
494 5349 760 5413 pastores,
789 5337 885 5393 sed
924 5333 1286 5410 mercenaries
1325 5332 1545 5404 intelligi
1573 5347 1665 5389 vo-

114 5411 254 5476 luisti.
299 5426 400 5486 Sed
443 5411 509 5488 si'
541 5439 724 5487 essent
765 5427 904 5499 apud
953 5436 1009 5504 te
1050 5425 1339 5491 dominicae
1378 5439 1528 5492 oves,
1574 5435 1667 5482 aut

116 5512 266 5571 tecum
300 5525 576 5592 venirent,
619 5532 676 5580 ut
713 5521 876 5580 etiam
906 5529 958 5576 te
986 5528 1284 5578 correctum
1317 5527 1535 5591 possent
1563 5518 1692 5576 ha-.

170 5708 190 5758 δ
213 5717 356 5787 torte,
377 5723 457 5788 qui
477 5736 557 5776 eas
577 5729 694 5788 (luas
716 5720 850 5786 apud
874 5717 920 5798 te
958 5733 1059 5774 esse
1082 5718 1206 5778 dicis
1250 5717 1515 5802 duininicas
1537 5733 1663 5793 oves.

99 5803 114 5832 ί
397 5807 620 5878 εωωτ.
649 5803 932 5875 Anausin
969 5805 1082 5881 1X.

329 5903 378 5936 νο
407 5922 427 5934 ε.
446 5919 585 5934 ..ι-συ-

355 5947 363 5955 \

1483 242 1687 302 LIBER
1726 242 2001 304 PRIMUS.

3286 275 3392 336 ’114

1801 358 1932 462 ii-ere
1959 370 2227 462 pastorem
2248 409 2263 436 ,
2293 374 2383 426 aut
2408 377 2462 429 te
2489 379 2708 442 dimisso
2731 385 2977 459 fugerem
3001 387 3067 446 ad
3097 399 3388 462 pastorem.

1797 453 2160 514 Mercenarius
2205 470 2383 518 autem
2433 479 2592 534 quem
2642 453 2907 539 significas
2941 453 3221 551 Dominus,
3272 486 3390 541 viso

1798 547 1942 619 lupo,
1978 565 2086 606 non
2116 567 2362 623 corpore,
2416 556 2511 612 sed
2559 560 2739 616 animo
2764 561 2919 634 fugit,
2950 576 3160 636 quando
3186 547 3387 632 deserit

1797 640 1992 697 timore
2031 643 2314 713 justitiam.
2345 647 2493 704 Sicut
2520 648 2654 721 fugit
2689 653 2968 713 Secundus
2996 669 3173 716 vester
3198 662 3389 733 Tigisi-

1796 742 1952 792 ianus
1978 738 2192 808 quando
2221 740 2541 811 Purpurium
2580 744 2940 806 Limatensem
2987 752 3055 808 de
3100 755 3390 815 homicidio

1794 828 2122 899 confessum,
2153 834 2427 905 magisque
2453 837 2770 908 terribilem,
2811 857 2879 897 ne
2928 845 3213 913 primatum
3267 865 3388 920 per-

1793 921 1947 978 deret
1970 925 2055 979 vel
2084 926 2469 998 episcopatum,
2503 931 2701 988 timuit.
2742 932 2982 1008 Corpore
3018 949 3196 996 autem
3225 945 3387 1002 etiam

1792 1014 1920 1071 boni
1946 1017 2024 1072 illi
2049 1028 2292 1088 pastores
2318 1022 2562 1092 Apostoli
2591 1024 2647 1080 in
2671 1030 3045 1096 persecutione
3088 1033 3340 1106 fugerunt
3369 1079 3385 1103 ,

1793 1123 1894 1164 nec
1923 1109 2044 1166 ideo
2077 1120 2254 1168 tamen
2283 1129 2413 1171 oves
2437 1115 2636 1173 Christi
2667 1134 2794 1176 cura
2833 1131 2887 1178 et
2932 1126 3112 1182 animo
3158 1130 3386 1201 relique-
3430 1120 3439 1125 ’

1793 1210 1937 1256 runt.
1970 1202 2028 1259 Si
2055 1219 2183 1276 ergo
2210 1216 2265 1261 et
2293 1216 2346 1262 tu
2374 1219 2557 1276 pastor
2582 1226 2729 1267 esses
2750 1255 2764 1280 ,
2793 1215 2941 1283 prius
2969 1217 2986 1249 ⁸
3015 1218 3068 1273 in
3098 1219 3206 1291 lupi
3232 1232 3384 1293 parte

1793 1308 1897 1348 non
1930 1309 2110 1361 esses;
2143 1296 2339 1352 deinde
2377 1299 2662 1371 imperium
2705 1303 2917 1360 Domini
2947 1308 3052 1376 tui,
3082 1312 3171 1380 qui
3197 1328 3384 1372 servos

1790 1399 1917 1474 suos
1946 1384 2128 1456 fugere
2159 1387 2212 1441 in
2242 1392 2706 1459 persecutionibus
2731 1395 2923 1466 jussit,
2954 1413 3051 1469 per
3095 1415 3156 1456 os
3198 1409 3380 1474 cujus.

1790 1473 1918 1530 libet
1944 1476 2103 1547 etiam
2128 1482 2426 1548 peccatoris
2447 1483 2763 1542 obedienter
2778 1489 3042 1559 audisses,
3070 1507 3170 1549 nec
3194 1473 3382 1553 contra

1790 1567 2074 1623 Dominum
2114 1578 2261 1625 tuum
2308 1579 2762 1645 argumentareris
2805 1589 2860 1635 et
2903 1581 3132 1652 diceres,
3189 1587 3384 1643 Factor

1789 1662 1913 1733 legis
1943 1672 2136 1718 tantum
2162 1666 2303 1721 debet
2329 1669 2519 1738 audiri,
2551 1672 2670 1742 quia
2700 1671 2902 1731 Paulus
2926 1681 3187 1748 apostolus
3218 1683 3380 1748 dicit,

1794 1769 1812 1802 ι
1852 1752 1975 1809 Non
2001 1756 2256 1812 auditores
2282 1759 2404 1830 legis
2419 1765 2550 1832 justi
2576 1774 2694 1818 sunt
2722 1767 2860 1837 apud
2886 1766 3077 1840 Deum,
3105 1773 3194 1828 sed
3213 1777 3380 1845 facto-

1790 1861 1868 1901 res
1893 1846 2017 1918 legis
2036 1848 2477 1919 justiﬁcabuntur.
2516 1874 2533 1908 ι

1855 1959 2085 2018 CAPUT
2122 1964 2285 2021 XVII.
2332 1998 2402 2009 -—
2445 1970 2534 2026 18.
2577 1972 2715 2040 Quid
2755 1975 2808 2030 in
2855 1977 3014 2033 aliam
3062 1986 3381 2044 sententiam

1787 2054 1948 2110 verba
1979 2058 2260 2114 manifesta
2291 2063 2647 2119 convertilis?
2690 2066 2976 2126 Auditores
3016 2072 3147 2143 legis
3181 2087 3236 2130 et
3273 2093 3380 2136 non

1787 2147 2016 2204 factores
2045 2151 2185 2220 apud
2216 2152 2384 2208 Deum
2417 2155 2592 2225 justos
2633 2160 2876 2230 negavit;
2922 2164 2989 2219 ab
3033 2164 3335 2228 hominibus
3360 2214 3377 2239 ,

1785 2240 2001 2308 quando
2029 2258 2215 2298 verum
2248 2243 2452 2313 dicunt,
2478 2247 2649 2302 audiri
2671 2265 2776 2304 non
2801 2253 3104 2322 prohibuit;
3129 2276 3216 2328 ne,
3245 2263 3383 2320 sicut

1786 2337 1864 2398 tu,
1899 2332 2208 2402 loqueretur
2237 2345 2423 2392 contra
2463 2337 2748 2396 Dominum
2803 2358 2957 2399 suum
3005 2347 3269 2408 dicentem
3314 2356 3383 2413 de

1786 2424 2102 2494 quibusdam
2124 2471 2138 2496 ,
2171 2429 2298 2496 Qua:
2337 2430 2510 2484 dicunt
2534 2473 2548 2499 ,
2582 2433 2770 2502 facile;
2806 2454 2921 2508 quae
2949 2449 3118 2495 autem
3148 2445 3342 2513 faciunt
3367 2493 3383 2514 ,

1786 2517 1943 2571 nolite
1971 2522 2170 2586 facere:
2187 2519 2360 2574 dicunt
2375 2524 2538 2591 ‘enim,
2569 2535 2617 2579 et
2643 2542 2746 2581 non
2773 2530 2967 2599 faciunt
2996 2531 3206 2602 (Matth.
3230 2553 3382 2604 xxul,

1786 2608 1865 2680 5).
1912 2609 2075 2666 Vides
2104 2613 2553 2682 quemadmodum
2603 2616 2849 2676 Christus
2897 2631 2952 2678 et
2994 2640 3092 2694 per
3138 2626 3384 2689 homines

1785 2700 2055 2757 auditores
2084 2711 2139 2758 et
2163 2705 2543 2775 praedicatores
2569 2709 2704 2780 legis
2733 2721 2787 2767 et
2816 2729 2924 2768 non
2967 2716 3220 2788 factores,
3248 2723 3384 2782 alios

1785 2790 1904 2849 eam
1934 2803 2113 2851 tamen
2147 2796 2334 2854 audire
2359 2801 2635 2871 prascepit,
2670 2811 2725 2858 et
2753 2804 2869 2876 ejus
2893 2820 3012 2862 esse
3039 2809 3267 2869 factores
3291 2833 3304 2869 :
3328 2825 3384 2874 et

1784 2894 1844 2942 tu
1880 2887 2034 2956 dicis,
2066 2887 2118 2942 F
2119 2898 2260 2944 actor
2288 2891 2413 2962 legis
2439 2901 2637 2948 tantum
2672 2895 2814 2950 debet
2855 2899 3056 2968 audiri;
3098 2911 3153 2958 et
3199 2906 3383 2965 volens

1783 2979 2107 3050 redarguere
2134 2982 2288 3053 quasi
2313 2993 2714 3054 persecutorem
2741 2995 2910 3057 tuum,
2935 2990 3172 3063 loqueris
3185 2995 3381 3054 adver-

1783 3085 1875 3127 sus
1901 3071 2208 3129 Creatorem
2237 3083 2408 3130 tuum.
2440 3075 2720 3134 Peccatori
2763 3080 2979 3152 quidem
3017 3082 3146 3140 dicit
3188 3087 3328 3144 Deus
3357 3131 3378 3158 ,

1787 3162 1980 3235 thuid
2007 3174 2062 3220 tu
2087 3183 2296 3222 enarras
2313 3168 2544 3240 justitias
2569 3188 2706 3226 meas
2724 3215 2740 3240 ,
2785 3183 2836 3228 et
2863 3177 3080 3231 assumis
3112 3187 3380 3238 testamen-

1783 3266 1890 3310 tum
1926 3273 2091 3312 meum
2129 3276 2220 3329 per
2266 3276 2323 3314 os
2364 3270 2507 3316 tuum
2534 3262 2708 3336 (Psal.
2733 3280 2878 3334 χιιι,
2910 3266 3036 3339 16)?
3079 3269 3186 3326 Sed
3216 3272 3337 3329 ideo
3359 3316 3379 3341 ,

1781 3350 1904 3421 quia
1931 3351 2005 3406 illi
2033 3351 2166 3408 nihil
2206 3353 2448 3424 prodest,
2496 3358 2590 3428 qui
2632 3358 2802 3426 dicit,
2835 3367 2890 3416 et
2917 3363 3058 3432 quod
3094 3363 3223 3421 dicit
3267 3383 3384 3428 non

1780 3444 1924 3500 facit.
1956 3444 2182 3501 Prodest
2205 3455 2386 3502 autem
2415 3448 2492 3503 illi
2518 3449 2609 3520 qui
2640 3450 2798 3506 etiam
2821 3467 2922 3523 per
2948 3454 3148 3511 malum
3173 3456 3380 3519 bonum

1779 3534 1946 3602 audit,
1988 3544 2044 3592 et
2085 3537 2229 3609 quod
2269 3537 2419 3594 audit
2445 3538 2593 3595 facit.
2639 3540 2762 3597 Non
2787 3554 2861 3598 est
2891 3545 3104 3616 quidem
3146 3551 3375 3619 speciosa

1781 3628 1899 3683 laus.
1920 3629 1974 3683 in
2001 3645 2086 3684 ore
2111 3632 2386 3701 peccatoris
2413 3631 2598 3705 (Eccli.
2649 3651 2736 3702 xv,
2771 3636 2826 3710 9)
2863 3656 2876 3693 :
2904 3639 2999 3695 sed
3027 3642 3266 3712 speciosa
3293 3655 3380 3703 est

1779 3722 1836 3778 in
1866 3723 1971 3777 vita
2002 3725 2348 3796 moribusque
2374 3726 2621 3798 factoris,
2655 3731 2866 3787 etiamsi
2892 3733 3031 3791 hanc
3055 3737 3283 3796 audierit
3306 3757 3381 3802 ex

1778 3827 1876 3870 ore
1902 3816 2220 3885 peccatoris.
2236 3817 2637 3886 Quantumlibet
2656 3837 2786 3894 ergo
2811 3824 3057 3884 existima
3079 3829 3380 3891 Tribunum

1779 3921 1899 3962 esse
1928 3918 2266 3979 peccatorem
2297 3953 2311 3980 ,
2355 3920 2410 3969 et
2457 3914 2590 3986 legis
2621 3931 2729 3973 non
2767 3933 2887 3976 esse
2916 3920 3172 3979 factorem
3205 3945 3218 3981 :
3245 3927 3373 3984 obe-

1777 3998 1987 4056 dienter
2035 4010 2215 4059 tamen
2244 4005 2396 4074 audi,
2431 4021 2539 4062 non
2583 4008 2764 4077 istum,
2789 4012 2883 4067 sed
2907 4013 3057 4069 illum
3084 4018 3242 4072 etiam
3275 4035 3371 4090 per

1778 4093 1938 4149 istum
1967 4096 2057 4166 qui
2084 4096 2232 4165 dicit,
2261 4097 2325 4153 Si
2350 4114 2436 4153 vos
2459 4103 2706 4170 persecuti
2732 4104 2921 4172 fuerint
2945 4106 2999 4160 in
3024 4123 3127 4160 una
3147 4110 3368 4178 civitate,

1777 4187 1937 4257 fugite
1963 4188 2017 4240 in
2043 4188 2203 4242 aliam
2242 4188 2454 4261 (Matth.
2492 4207 2550 4258 Χ,
2579 4192 2694 4265 25).
2718 4193 2855 4260 Quid
2895 4198 3083 4252 statis?
3111 4199 3288 4256 audite
3316 4213 3373 4259 et

1775 4279 1971 4352 fugite;
2016 4282 2260 4339 Christus
2304 4283 2407 4340 hoc
2452 4285 2710 4356 imperat,
2765 4303 2872 4343 non
2921 4289 3207 4350 Tribunus.
3257 4294 3375 4352 Nisi

1777 4373 1916 4430 forte
1939 4376 2232 4446 respondes
2261 4387 2314 4434 et
2336 4377 2491 4448 dicis,
2534 4381 2623 4436 Ait
2647 4381 2862 4452 quidem
2889 4383 3152 4453 Christus,
3185 4387 3249 4443 Si
3284 4406 3374 4448 vos

1779 4470 2024 4540 persecuti
2051 4471 2240 4540 fuerint
2263 4472 2318 4526 in
2347 4472 2446 4527 ista
2483 4473 2681 4528 civitate
2699 4517 2715 4543 ,
2766 4475 2924 4548 fugite
2953 4478 3005 4532 in
3044 4478 3201 4535 aliam
3226 4497 3245 4535 :
3273 4481 3372 4542 sed

1775 4578 1942 4634 quare
1970 4563 2037 4618 de
2067 4564 2168 4619 ista
2194 4563 2406 4620 civitate
2425 4564 2716 4634 discedam,
2737 4568 2950 4638 quando
2970 4586 3070 4626 nec
3090 4573 3193 4628 iste
3215 4589 3370 4629 meus

1775 4663 1857 4710 est
1882 4663 2214 4726 persecutor,
2244 4671 2345 4712 nec
2372 4671 2472 4729 ego
2493 4657 2693 4714 Christi
2719 4675 2837 4715 sum
2877 4661 3121 4717 auditor?
3161 4666 3236 4719 Ac
3267 4681 3369 4736 per

1775 4748 1878 4805 hoc
1901 4750 1946 4805 si
1971 4751 2250 4818 manseris,
2279 4751 2437 4822 lupus
2471 4767 2529 4808 es
2558 4753 2819 4820 saeviens;
2854 4755 2898 4810 si
2931 4755 3131 4826 fugeris
3151 4799 3165 4824 ,
3209 4757 3367 4829 lupus

1774 4857 1834 4899 es
1858 4842 2073 4898 timens.
2109 4843 2176 4899 Et
2204 4845 2453 4914 quoniam
2484 4860 2714 4916 sponsus
2741 4848 2889 4916 dicit,
2921 4847 3040 4904 Nisi
3074 4853 3368 4922 cognoveris

1775 4937 2106 5007 temetipsum,
2137 4953 2167 4990 o
2195 4938 2407 5008 pulchra
2437 4939 2492 4992 in
2523 4939 2838 5008 mulieribus,
2873 4941 2953 4995 exi
2986 4952 3040 4996 tu
3065 4943 3117 4996 in
3147 4946 3372 5016 vestigiis

1774 5045 1980 5099 gregum
2011 5037 2231 5097 tuorum,
2273 5038 2321 5084 et
2355 5047 2504 5100 pasce
2551 5031 2724 5086 hwdos
2769 5042 2881 5087 tuos
2926 5033 2979 5087 in
3028 5035 3366 5092 tabernaculis

1774 5131 2034 5191 pastorum
2061 5119 2233 5192 (Cant.
2261 5139 2300 5187 ι,
2329 5123 2386 5193 7)
2421 5141 2433 5176 :
2466 5125 2675 5179 etiamsi
2719 5133 2770 5180 te
2798 5135 3066 5196 pastorem
3096 5143 3215 5184 esse
3243 5129 3363 5199 glo—

1773 5212 1955 5280 riaris,
2000 5222 2177 5269 tamen
2225 5215 2347 5284 quia
2385 5214 2453 5270 de
2487 5215 2613 5270 ovili
2656 5216 2924 5274 dominico
2956 5220 3148 5285 existi,
3181 5220 3362 5277 haedos

1775 5314 1893 5362 tuos
1922 5307 2115 5376 pascis;
2144 5323 2249 5362 non
2274 5322 2406 5365 oves
2427 5306 2646 5365 Christi.

1845 5421 2069 5478 CAPUT
2112 5421 2298 5476 XVlll.
2342 5453 2413 5462 —
2442 5422 2531 5478 19.
2582 5424 2758 5479 Verba
2790 5425 3042 5495 Epistula:
3077 5444 3089 5480 :
3125 5425 3320 5480 Deinde
3345 5469 3360 5490 ,

1774 5513 1963 5585 inquit,
1993 5529 2105 5584 qua:
2127 5513 2238 5568 loca
2261 5523 2426 5584 erunt,
2457 5531 2571 5586 quae
2596 5517 2648 5571 in
2697 5517 2791 5570 hac
2831 5519 3190 5587 persecutionis
3240 5534 3361 5584 pro-

1840 5659 1856 5690 ί
1891 5658 1964 5708 Sic
2006 5653 2253 5708 Parccnsis
2285 5659 2429 5707 vetus
2467 5655 2643 5706 codex.
2681 5663 2737 5706 At
2778 5656 2915 5716 editi,
2955 5655 3090 5718 prior
3134 5665 3154 5705 :

1771 5726 1923 5780 bene.
2115 5764 2128 5775 .
3073 5783 3076 5790 ,

2545 5801 2982 5890 (Vingt-trois
3003 5795 3040 5886 )
3111 5793 3114 5796 ’

3201 5654 3372 5728 minus
