3816 6146
405 352 576 419 mini?
615 351 841 421 Erratis,
867 363 977 408 non
1009 348 1090 403 est
1123 340 1237 410 ipse
1266 354 1282 387 :
1312 329 1526 403 quando
1551 325 1986 421 propterti‘itium

407 415 645 509 hominis
687 446 795 519 pati
828 415 1255 516 persecutionem
1300 422 1569 480 felicitatis
1604 434 1723 519 esse
1761 415 1991 519 dicebat,

411 560 474 604 se
497 547 669 616 ipsum
688 512 779 589 itte
800 512 1049 600 sponsus,
1081 537 1187 578 non
1209 518 1509 616 adulterum
1537 512 1878 616 praedicabat.

481 601 569 692 93.
595 631 662 685 Et
681 639 780 683 nos
800 621 1135 683 confitemur,
1155 625 1213 670 ut
1234 611 1428 677 dicitis,
1450 624 1558 664 non
1579 608 1707 662 solis
1728 601 1998 674 Apostolis

410 744 531 788 esse
556 725 773 785 dictum,
807 715 952 770 Beati
982 712 1141 773 eritis,
1168 723 1281 762 cum
1301 721 1387 760 vos
1415 701 1659 773 persecuti
1691 697 1877 768 fuerint
1904 695 1999 749 ho-

408 821 590 876 mines.
637 811 719 868 Ad
759 819 947 864 omnes
988 802 1133 858 enim
1172 799 1277 853 hoc
1312 794 1564 866 pertinet,
1606 804 1711 845 non
1749 788 1839 859 qui
1877 793 1999 856 post

409 912 531 968 illos
575 900 864 976 quamlibet
905 889 1332 965 persecutionem
1378 883 1520 979 passi
1551 888 1688 979 sunt
1712 920 1726 945 ,
1758 878 1870 979 sive
1898 888 1997 979 pa-

408 973 634 1061 tiuntur,
663 995 775 1050 sive
811 989 902 1061 qui
937 982 1146 1057 passuri
1172 988 1323 1043 sunt;
1354 974 1449 1031 sed
1478 973 1567 1044 qui
1600 978 1815 1061 propter
1839 973 1998 1037 justi-

365 1118 373 1124 ’
410 1096 565 1156 tiam,
598 1059 737 1143 sicut
770 1059 842 1139 etv
862 1079 983 1150 ipsi.
1014 1075 1147 1131 Nam
1170 1073 1270 1127 hoc
1294 1067 1453 1138 paulo
1475 1063 1721 1134 superius
1737 1059 1956 1162 dixerat
1983 1074 1996 1110 :

410 1153 559 1244 Beati
610 1181 694 1252 qui
736 1174 1130 1248 persecutionem
1176 1163 1441 1235 patiuntur
1460 1165 1684 1252 _pr0pter
1721 1153 1997 1252 justiti-unm,

412 1239 533 1352 quia
554 1239 781 1346 ipsorum
802 1275 873 1321 est
897 1275 1110 1333 regnum
1133 1256 1371 1311 calorum
1407 1247 1634 1321 (Matth.
1668 1260 1731 1352 v,‘
1751 1239 1999 1352 lilii-(‘3‘):

412 1334 622 1429 Deinde
644 1365 745 1418 ista
775 1353 1065 1427 subjunxit,
1100 1364 1218 1421 quae
1257 1352 1677 1401 commemorare
1714 1346 1769 1392 et
1805 1334 2003 1429 frustra

412 1428 569 1520 vobis
595 1465 852 1525 usurpare
880 1444 1141 1503 voluistis.
1188 1440 1407 1496 Frustra
1447 1434 1591 1490 enim
1621 1428 2003 1525 beatitudinem

413 1557 576 1614 istam
603 1521 872 1620 pertinere
901 1539 967 1595 ad
993 1552 1089 1593 vos
1113 1532 1332 1605 putatis,
1364 1526 1576 1624 quando
1597 1524 1653 1581 in
1678 1522 1831 1624 vobis
1850 1521 2004 1624 justi-

416 1652 549 1703 tiam
574 1615 658 1699 cui
684 1635 962 1710 praemium
988 1629 1265 1691 debeatur,
1289 1636 1397 1677 non
1422 1615 1801 1710 demonstratis
1832 1631 1845 1665 :
1877 1615 2006 1710 quin

412 1741 526 1798 imo
554 1751 586 1791 e
612 1706 879 1789 contrario
906 1723 1069 1780 etiam
1102 1732 1201 1790 pro
1236 1712 1511 1785 iniquitate
1539 1707 1801 1779 patimini,
1830 1706 2007 1798 minus

415 1794 487 1888 ab
509 1827 648 1894 aliis,
677 1823 795 1894 plus
821 1834 851 1873 a
879 1814 1032 1871 vobis
1051 1853 1066 1879 ,
1101 1818 1162 1866 ut
1198 1815 1323 1863 ante
1354 1804 1448 1859 Dei
1472 1800 1729 1894 judicium
1761 1796 1903 1894 quod
1928 1794 2009 1852 fu-

416 1934 597 1980 turum
623 1888 727 1981 est,
756 1911 938 1972 etiam,
968 1902 1069 1974 ipsi
1095 1899 1250 1955 vobis
1272 1894 1416 1967 quod
1438 1890 1718 1949 meremini
1742 1904 1806 1945 ex
1833 1888 2010 1958 aliqua

414 2023 570 2091 parte
614 2005 869 2066 reddatis.
919 1998 1073 2056 Unde
1110 1994 1232 2065 quia
1280 1998 1337 2045 tu
1375 1990 1494 2091 ipse
1532 1985 1734 2052 dixisti,
1766 1997 1873 2038 non
1910 1982 2011 2091 hoc

417 2070 551 2165 solis
590 2096 880 2173 Apostolis,
928 2088 1023 2146 sed
1070 2083 1317 2142 omnibus
1359 2080 1581 2147 dictum,
1624 2091 1695 2173 ne
1736 2088 1902 2173 usque
1942 2070 2011 2127 ad

418 2200 548 2258 illos
572 2169 704 2250 ﬁdes
734 2186 949 2262 praemia
979 2178 1229 2237 habuisse
1251 2174 1521 2230 videretur
1550 2189 1564 2226 :
1593 2172 1732 2226 sicut
1756 2169 1859 2225 hoc
1885 2180 2012 2262 ergo

420 2309 533 2352 non
576 2288 706 2345 solis
736 2260 1050 2351 'Apostolis,
1098 2273 1191 2329 sed
1233 2268 1482 2325 omnibus
1523 2266 1725 2321 dictum
1762 2271 1877 2328 est,
1920 2260 2012 2333 qui

422 2386 584 2442 etiam
619 2384 740 2448 post
774 2373 894 2427 illos
922 2374 1142 2439 propter
1164 2361 1423 2435 justitiam
1462 2358 1673 2414 fuerant
1696 2355 1837 2411 mala
1865 2368 2011 2425 quae:

419 2485 653 2542 cumque
678 2465 920 2539 passuri;
949 2462 1027 2516 sic
1054 2458 1216 2514 etiam
1242 2453 1489 2511 omnibus
1518 2449 1650 2506 illud
1675 2448 1875 2542 dictum
1899 2454 2012 2542 est,

419 2567 490 2627 Si
515 2536 598 2619 vos
622 2536 865 2633 persecuti
894 2552 1080 2627 fuerint
1106 2550 1161 2603 in
1195 2548 1296 2603 ista
1326 2541 1736 2633 civitate,fugite
1770 2540 1827 2633 in
1861 2536 2016 2591 aliam

423 2628 638 2731 (Matth.
662 2668 713 2717 x,
741 2645 869 2721 23).
914 2645 1090 2713 Quare
1135 2639 1238 2694 hoc
1274 2650 1382 2692 non
1425 2632 1633 2698 facitis,
1664 2632 1709 2687 si
1736 2628 2015 2731 adneo‘runi

422 2717 735 2808 societatem
774 2717 967 2810 quibus
1009 2734 1125 2789 haec
1166 2729 1309 2786 dicta
1351 2734 1474 2783 sunt
1514 2720 1825 2795 pertinetis?
1864 2717 2015 2787 Quod

424 2837 642 2911 quidem
673 2844 728 2889 et
754 2831 800 2886 si
846 2827 1096 2894 feceritis,
1120 2838 1229 2879 non
1262 2820 1383 2877 ideo
1417 2816 1791 2911 pertinebitis‘:
1820 2812 1941 2885 quia
1965 2819 2020 2867 et

423 2908 663 2987 latrones
699 2925 804 2979 hoc
842 2920 1019 2976 facere
1055 2923 1299 2987 possunt,
1339 2927 1474 2983 quos
1516 2910 1709 2980 inquiri
1746 2908 1890 2979 leges
1922 2921 2020 2979 pu—

423 3023 580 3079 blicae
617 3019 909 3088 jusserunt.
957 3010 1339 3065 Verumtamen
1381 3003 1503 3074 quia
1551 3001 1655 3057 hoc
1698 3001 1874 3056 facere
1911 3013 2019 3054 non

427 3111 589 3169 vultis
608 3150 623 3177 ,
657 3107 725 3163 de
760 3100 1078 3174 compendio
1110 3111 1207 3154 vos
1248 3095 1316 3151 ad
1356 3096 1487 3151 istos
1519 3092 1713 3165 quibus
1741 3091 1857 3147 haec
1880 3089 2019 3146 dicta

427 3214 576 3273 sunt,
605 3216 709 3258 non
742 3198 1015 3271 pertinere
1049 3189 1381 3249 monstratis.
1414 3186 1486 3244 Et
1510 3194 1568 3242 ut
1588 3200 1685 3241 vos
1708 3183 1875 3240 multo
1901 3198 2018 3239 ma-

425 3296 674 3359 nifestius
718 3294 831 3363 ipsa
867 3286 1144 3346 excusatio
1170 3292 1347 3340 vestra
1382 3281 1451 3337 ab
1489 3280 1582 3336 illo
1613 3293 1838 3335 numero
1861 3292 2019 3334 vero-

427 3408 553 3453 rum
572 3386 999 3445 Christianorum
1027 3375 1277 3436 ostendat
1299 3374 1523 3439 alienos,
1555 3371 1673 3427 loca
1695 3386 1802 3442 quo
1828 3367 2019 3426 confu-

428 3485 619 3558 giatis,
659 3495 777 3552 quae
816 3478 906 3533 ille
944 3486 1114 3544 usque
1150 3470 1205 3526 in
1245 3468 1409 3524 finem
1434 3464 1619 3558 saeculi
1644 3480 1750 3520 non
1776 3462 2021 3558 defutura

426 3554 709 3651 promisit,
731 3568 883 3626 vobis
911 3566 1102 3622 deesse
1126 3561 1237 3633 jam
1269 3558 1475 3625 dicitis;
1513 3556 1659 3651 nullo
1682 3554 1844 3651 modo
1871 3554 2020 3610 illum

433 3648 576 3743 quod
603 3666 732 3721 falsa
752 3658 1059 3734 promiserit
1081 3654 1482 3717 convincentes,
1507 3650 1601 3706 sed
1622 3664 1717 3705 vos
1741 3648 1809 3704 ad
1834 3661 2018 3704 eorum

433 3740 763 3820 consortium
788 3752 983 3823 quibus
1020 3749 1123 3803 hoc
1153 3742 1399 3817 promisit
1432 3756 1538 3797 non
1573 3740 1839 3811 pertinere
1868 3753 2023 3795 mon-

432 3857 692 3915 strantes,
714 3852 770 3901 et
788 3842 908 3898 ideo
932 3855 1040 3895 non
1064 3849 1283 3894 veraces
1307 3842 1592 3903 martyres,
1619 3830 1716 3887 sed
1742 3829 2022 3886 haereticos

435 3955 540 3999 vos
561 3951 680 3994 esse
701 3934 937 3989 fallaces.
966 3926 1103 3996 Quid
1118 3925 1271 3981 vobis
1289 3922 1511 3979 ulterius
1531 3920 1786 3987 dicamus,
1811 3918 2023 3991 quando

431 4033 613 4105 lingua
638 4036 813 4085 vestra
832 4037 929 4080 vos
955 4017 1157 4075 vincit?

509 4101 735 4180 CAPUT
764 4114 908 4172 xm.
936 4110 1115 4167 —2t.
1145 4108 1278 4164 Nam
1330 4114 1385 4162 et
1424 4105 1552 4161 illud
1592 4102 1734 4175 quod
1776 4101 2023 4159 addidisti

436 4218 638 4276 dixisse
681 4209 1028 4284 Apostolum,
1082 4203 1269 4259 Omnes
1313 4201 1482 4272 quiin
1521 4198 1720 4255 Christo
1749 4198 1829 4271 pie
1863 4197 2026 4253 vivere

439 4312 635 4375 nolunt,
661 4304 1024 4380 persecutiones
1049 4299 1306 4371 patiantur
1334 4310 1530 4351 necesse
1549 4303 1619 4350 est
1644 4308 1784 4349 :non
1811 4291 2024 4364 quidem

433 4406 529 4463 ille
553 4401 687 4458 dixit
711 4441 725 4465 ,
758 4412 955 4453 necesse
980 4400 1090 4458 est;
1118 4389 1234 4456 sed,
1267 4387 1453 4444 Omnes
1472 4428 1489 4456 ,
1509 4388 1620 4454 ait,
1649 4387 1738 4457 qui
1765 4386 1939 4441 volunt
1971 4384 2025 4439 in

438 4494 639 4552 Christo
678 4491 758 4561 pie
782 4489 961 4553 vivere,
989 4481 1386 4555 persecutionem
1416 4479 1668 4551 patientur
1694 4476 1771 4549 (ll
1814 4476 1945 4531 Tim.
1967 4492 2021 4543 v,

436 4586 550 4657 12).
583 4581 689 4639 Sed
714 4594 813 4637 vos
841 4577 908 4632 ad
944 4576 1075 4631 istos
1105 4587 1211 4628 non
1242 4571 1509 4641 pertinere
1548 4570 1668 4641 quis
1697 4567 1945 4624 dubitat?
1970 4567 2026 4623 Si

438 4679 583 4736 enim
608 4684 664 4732 et
701 4688 799 4729 vos
841 4669 1000 4736 estis,
1049 4665 1117 4721 de
1160 4664 1350 4737 quibus
1392 4662 1495 4720 hoc
1539 4662 1673 4717 dixit
1703 4659 2025 4732 Apostolus,

439 4784 605 4842 quare
639 4780 745 4822 non
786 4761 959 4818 facitis
985 4757 1125 4829 quod
1155 4756 1269 4827 ipse
1295 4754 1418 4811 fecit
1454 4754 1784 4825 Apostolus?
1811 4752 1944 4809 Nam
1982 4753 2027 4809 si

438 4870 609 4933 portae
634 4858 890 4914 adversus
930 4866 1025 4907 vos
1050 4847 1459 4915 clauderentur,
1504 4862 1600 4917 per
1646 4861 1858 4902 murum
1898 4847 2027 4903 sub-

441 4953 582 5009 mitti
621 4948 914 5015 debuistis,
945 4952 1002 4999 ut
1047 4957 1234 4997 manus
1278 4938 1708 5010 persequentium
1752 4938 2025 5010 fugeretis.

441 5044 637 5104 Patent
662 5049 826 5111 portae
845 5081 860 5105 ,
889 5046 942 5094 et
967 5035 1117 5092 exire
1159 5046 1268 5089 non
1291 5030 1473 5087 vultis.
1501 5030 1671 5097 Quam
1700 5031 2029 5102 persecutio-

444 5150 574 5196 nem
606 5130 874 5205 patimini,
920 5128 1021 5185 nisi
1048 5141 1078 5181 a
1120 5124 1313 5181 vobis?
1361 5122 1540 5193 Diligit
1583 5137 1678 5178 vos
1721 5131 2030 5193 persecutor

442 5235 625 5285 vester
648 5266 661 5291 ,
693 5233 746 5279 et
770 5220 1106 5292 persequitur
1130 5232 1224 5273 vos
1252 5214 1403 5271 furor
1424 5222 1620 5270 vester.
1643 5212 1737 5270 llle
1764 5222 1821 5269 ut
1858 5212 2030 5285 fugia-

442 5325 515 5382 tis
560 5320 738 5391 cupit,
768 5317 870 5372 iste
899 5324 954 5370 ut
981 5311 1210 5385 pereatis
1233 5309 1474 5381 impellit.
1501 5308 1590 5365 Sic
1614 5316 1790 5364 autem
1835 5308 2031 5363 intelli-

445 5417 572 5490 gitis
597 5411 739 5486 quod
766 5410 839 5465 ait
864 5406 1149 5479 Apostolus
1174 5447 1189 5473 ,
1219 5402 1405 5458 Omnes
1431 5402 1517 5473 qui
1544 5403 1715 5457 volunt
1741 5403 1794 5457 in
1832 5399 2032 5458 Christo

444 5511 531 5583 pie
574 5510 736 5563 vivere
758 5546 774 5573 ,
824 5498 1216 5575 persecutionem
1264 5496 1551 5566 patientur,
1598 5503 1655 5550 ut
1683 5494 1910 5565 majores
1938 5510 2032 5551 ve-

447 5611 593 5661 stros
616 5600 715 5657 sub
740 5602 980 5670 apostata
1010 5591 1333 5661 imperatore
1356 5588 1569 5644 Juliano
1595 5604 1701 5645 non
1729 5588 1813 5659 pie
1838 5588 2037 5645 vixisse

432 5695 604 5761 .vobis
632 5706 852 5759 necesse
875 5690 945 5751 sit
969 5683 1230 5749 conﬁteri.
1261 5682 1393 5743 Nam
1420 5683 1656 5759 quisquis
1680 5683 1772 5742 illo
1796 5690 2036 5764 tempore

1420 216 1692 281 CONTRA
1733 204 2202 272 GAUDENTIUM.
2233 204 2291 263 S.
2323 198 2691 262 AUGUSTINI

3620 190 3727 257 7m

2102 318 2369 376 donatista
2395 317 2567 373 factus
2590 324 2705 383 est,
2746 313 2920 370 donec
2947 312 3205 369 adversus
3228 317 3467 370 vestrum
3510 320 3726 371 rursm

2101 426 2339 469 errorem
2387 410 2475 481 pia
2518 408 2932 466 christianorum
2978 406 3366 479 lmperatorum
3396 423 3531 464 cura
3587 422 3723 466 con-

2100 510 2377 573 surgeret,
2406 501 2451 556 si
2494 509 2618 556 ante
2652 498 2936 555 defunctus
2964 507 3081 566 est,
3110 514 3215 555 non
3256 501 3346 571 pie
3384 500 3525 556 vixit
3552 542 3574 567 ,
3598 503 3723 572 quia

2101 610 2209 653 non
2233 603 2317 651 est
2344 608 2534 665 passus
2564 593 3013 664 persecutionem.
3041 592 3099 649 Si
3119 602 3301 649 autem
3325 593 3431 649 hoc
3456 604 3723 664 propter-

2103 702 2167 743 ea
2218 686 2353 741 dixit
2396 685 2686 756 Apostolus
2710 727 2727 755 ,
2759 686 2884 757 quia
2925 685 3065 742 sicut
3102 685 3232 741 alibi
3273 686 3542 755 scriptum
3610 696 3722 753 est,

2103 780 2336 835 Tentatio
2378 788 2452 834 est
2494 780 2597 833 vita
2626 778 2842 834 hominis
2878 796 3030 851 super
3071 788 3256 834 terram
3284 779 3415 853 (Job
3443 794 3516 835 vn
3540 821 3562 846 ,
3617 780 3645 834 1
3671 782 3723 850 );

2104 885 2204 927 nec
2245 879 2421 926 cessat
2461 870 2579 940 pios
2606 882 2871 939 verosque
2894 869 3229 926 Christianos
3255 884 3363 925 non
3402 870 3596 925 solum
3629 869 3724 924 ad-

2102 960 2370 1018 versitatis
2400 957 2737 1015 infestatione
2761 999 2776 1024 ,
2811 971 2999 1013 verum
3031 958 3192 1012 etiam
3222 959 3619 1031 prosperitatis
3648 974 3709 1015 se

2104 1054 2356 1111 ductione
2381 1061 2588 1109 tentare
2611 1095 2626 1121 ,
2674 1060 2735 1106 ut
2769 1050 2979 1105 animus
3006 1049 3273 1106 humanus
3301 1059 3395 1106 aut
3421 1054 3727 1110 afﬂictione

2106 1148 2452 1214 succumbat,
2484 1154 2576 1201 aut
2599 1144 2831 1201 elatione
2857 1154 3113 1200 vanescat
3140 1161 3153 1197 :
3184 1143 3425 1214 profecto
3454 1147 3726 1215 quamdiu

2106 1240 2194 1295 hic
2211 1239 2408 1295 vivitur
2425 1280 2440 1306 ,
2472 1253 2645 1293 omnes
2665 1236 2753 1305 qui
2777 1236 2951 1291 uolunt
2974 1235 3028 1289 in
3048 1235 3251 1290 Christo
3274 1236 3360 1307 pie
3384 1236 3583 1304 vivere,
3612 1254 3725 1309 per-

2107 1333 2410 1388 secutionem
2436 1331 2692 1402 patientur
2714 1370 2731 1397 ,
2754 1337 2817 1384 ut
2844 1336 2937 1383 aut
2961 1327 3088 1382 victi
3125 1326 3674 1398 comprehendantur
3702 1347 3728 1381 a

2107 1424 2351 1492 diabolo,
2382 1431 2474 1478 aut
2499 1421 2708 1494 probati
2746 1420 3018 1476 diabolum
3062 1418 3321 1475 vincant:
3351 1434 3490 1491 quos
3533 1428 3726 1475 autem

2108 1518 2525 1591 comprehensos
2563 1517 2908 1587 captivosque
2939 1514 3049 1586 jam
3078 1514 3353 1586 possidet,
3400 1531 3508 1572 non
3542 1526 3613 1571 ut
3638 1516 3729 1571 ob-

2110 1610 2279 1667 tineat
2300 1608 2641 1681 persequitur
2663 1650 2678 1676 ,
2706 1607 2801 1663 sed
2829 1605 2952 1678 quia
2977 1605 3180 1661 obtinet
3210 1607 3402 1662 utitur.

2180 1702 2273 1757 25.
2321 1701 2523 1767 Porro,
2569 1700 2613 1755 si
2648 1698 2896 1770 persequi
2938 1696 3310 1753 tantummodo
3342 1697 3433 1752 ille
3460 1698 3728 1754 dicendus

2111 1800 2228 1863 est,
2279 1791 2372 1863 qui
2399 1791 2585 1848 dolore
2617 1791 2794 1862 aliquo
2830 1790 3133 1857 excruciat,
3180 1804 3277 1846 seu
3305 1789 3421 1845 vult
3444 1798 3647 1846 tenere
3674 1802 3727 1845 ut

2112 1885 2415 1951 excruciet;
2444 1898 2550 1939 non
2582 1882 2680 1938 tibi
2704 1880 2947 1937 videatur
2974 1880 3310 1937 excruciator
3338 1880 3519 1937 cordis
3551 1882 3728 1937 levior

2112 1989 2233 2033 esse
2256 1989 2418 2046 quam
2445 1974 2719 2045 corporis,
2748 1982 2803 2028 et
2826 1972 3110 2029 considera
3142 1973 3356 2045 qualem
3382 1975 3722 2045 persecutio-

2114 2085 2237 2127 nem
2264 2068 2566 2141 patiebatur
2586 2110 2600 2135 ,
2623 2067 2714 2139 qui
2738 2066 2949 2123 dicebat
2968 2065 3022 2121 in
3053 2066 3297 2133 Psalmo,
3335 2066 3457 2121 Vidi
3480 2068 3723 2124 insensil-

2116 2169 2194 2217 tos
2215 2201 2231 2228 ,
2262 2169 2308 2215 et
2324 2160 2631 2216 tabescebam
2660 2158 2840 2232 (Psat.
2863 2174 3026 2215 cxvui
3045 2202 3061 2227 ,
3088 2159 3191 2216 l58
3216 2160 3255 2229 ).
3283 2159 3436 2215 Hanc
3459 2176 3725 2232 persecu-

2115 2254 2315 2309 tionem
2368 2252 2471 2309 Lot
2509 2252 2689 2322 justus
2747 2250 3050 2323 patiebatur
3095 2252 3150 2306 in
3204 2250 3455 2308 Sodomis
3479 2294 3497 2320 ,
3566 2254 3725 2309 etiam

2116 2343 2430 2415 priusquam
2454 2343 2507 2399 in
2538 2343 2699 2398 domo
2736 2341 2854 2413 ejus
2898 2342 3075 2414 angeli
3118 2341 3360 2413 hospites
3406 2344 3529 2414 ejus
3552 2386 3570 2410 ,
3606 2358 3721 2400 cum

2117 2434 2363 2491 homines
2411 2443 2726 2505 putarentur
2749 2476 2765 2501 ,
2810 2449 2841 2489 a
2888 2432 3180 2490 Sodomitis
3222 2443 3620 2505 appeterentur
3662 2435 3723 2491 ad

2118 2536 2360 2599 stuprum
2387 2528 2406 2599 (
2432 2526 2560 2583 Gen.
2594 2526 2748 2597 xix).
2798 2526 2980 2583 Justus
3025 2527 3167 2583 enim
3212 2542 3310 2584 eos
3360 2536 3471 2583 tam
3512 2528 3723 2600 publice

2120 2629 2326 2691 turpes,
2359 2627 2414 2675 et
2439 2628 2562 2675 ante
2581 2634 2689 2673 sua:
2705 2618 2897 2675 domus
2924 2619 3170 2689 injuriam
3201 2622 3217 2652 ¹
3239 2619 3356 2677 sine
3380 2636 3583 2694 magno
3609 2637 3721 2678 cor-

2120 2713 2205 2770 dis
2234 2714 2473 2768 cruciatu
2499 2713 2684 2768 videre
2708 2727 2816 2768 non
2847 2720 3076 2784 poterat.

2189 2803 2415 2861 CAPUT
2462 2804 2631 2859 XXII.
2660 2804 2910 2861 —Unde
2958 2805 3099 2861 inter
3142 2819 3268 2861 suas
3323 2809 3720 2877 persecutiones

2122 2897 2281 2954 etiam
2312 2896 2435 2952 talia
2479 2906 2865 2953 commemorat
2902 2897 3177 2969 apostolus
3206 2898 3439 2968 Paulus,
3488 2900 3718 2957 dicens:

2129 2988 2255 3056 Quis
2280 2990 2572 3059 inﬁrmatur
2589 3030 2606 3056 ,
2647 2997 2694 3043 et
2713 3004 2805 3060 ego
2829 3004 2932 3043 non
2957 2990 3192 3059 infirmor
3212 2991 3239 3045 .9
3264 2992 3379 3061 quis
3400 2994 3716 3047 scandaliza-

2122 3092 2224 3152 tur,
2242 3090 2286 3138 et
2300 3100 2390 3154 ego
2410 3100 2510 3139 non
2525 3099 2647 3138 uror
2668 3082 2735 3155 (ll
2754 3081 2872 3138 Cor.
2887 3098 2966 3151 xi,
2978 3082 3074 3155 29)
3087 3084 3110 3138 ?
3123 3083 3374 3152 Proinde,
3390 3092 3596 3156 quanto
3612 3098 3716 3140 ma-

2116 3176 2206 3247 jor
2232 3185 2314 3233 est
2343 3176 2398 3231 in
2440 3175 2595 3232 nobis
2619 3173 2852 3231 charitas
2890 3174 3127 3241 Christi,
3173 3182 3322 3231 tanto
3367 3177 3578 3247 majore
3600 3191 3712 3231 cum

2123 3268 2308 3326 dolore
2331 3268 2494 3325 animi
2517 3283 2613 3325 vos
2632 3268 2876 3325 videmus
2900 3267 3103 3325 habere
3125 3268 3473 3326 Sacramenta
3500 3271 3713 3336 Christi,

2122 3372 2178 3420 et
2220 3363 2456 3433 separari
2495 3378 2526 3417 a
2569 3360 2826 3419 membris
2869 3360 3103 3428 Christi,
3150 3370 3207 3418 et
3233 3362 3498 3419 rebellare
3538 3371 3711 3419 contra

2124 3470 2309 3527 pacem
2331 3454 2549 3511 Christi.
2584 3455 2693 3512 Sed
2720 3454 2973 3526 quamdiu
3015 3455 3070 3510 in
3112 3458 3216 3511 hoc
3244 3471 3475 3529 corpore
3498 3458 3671 3514 vivitis
3693 3498 3707 3523 ,

2125 3561 2249 3619 spes
2291 3547 2446 3603 nobis
2492 3547 2670 3619 aliqua
2698 3546 2767 3602 de
2794 3546 2945 3604 vobis
2984 3546 3139 3603 datur
3167 3566 3181 3602 :
3206 3562 3331 3604 cum
3372 3565 3502 3606 vero
3523 3552 3632 3622 jam
3658 3551 3707 3605 in

2126 3638 2216 3695 illa
2258 3638 2591 3695 dissensione
2616 3639 2885 3696 morimini
2906 3681 2922 3708 ,
2952 3640 3120 3696 multo
3167 3642 3407 3697 amarius
3446 3657 3542 3700 vos
3568 3643 3708 3699 dole-

2126 3747 2265 3788 mus.
2305 3732 2422 3787 Jam
2463 3747 2626 3803 porro
2655 3731 2870 3803 quando
2908 3747 3004 3788 vos
3049 3732 3194 3803 ipsos
3231 3735 3471 3800 necatis,
3515 3735 3599 3791 vel
3640 3736 3706 3791 ir-

2125 3824 2331 3882 ruendo
2356 3824 2521 3881 armis
2545 3825 2768 3891 alienis,
2798 3825 2883 3880 vel
2912 3824 3221 3895 praicipitiis
3250 3834 3304 3881 et
3331 3825 3705 3883 submersioni-

2125 3917 2225 3975 bus
2255 3926 2309 3974 et
2334 3916 2543 3989 ignibus
2587 3916 2781 3973 vestris
2804 3957 2820 3984 ,
2850 3917 2980 3973 satis
3018 3916 3123 3973 dici
3164 3932 3274 3973 non
3301 3927 3481 3988 potest
3522 3927 3705 3992 quanto

2128 4023 2227 4065 nos
2264 4022 2496 4064 maerore
2520 4007 2789 4064 crucietis.
2836 4007 2963 4063 Plus
3003 4007 3200 4079 quippe
3246 4009 3446 4080 impius
3488 4010 3705 4066 Absalon

2129 4110 2335 4173 patrem
2364 4107 2607 4157 sanctum
2636 4099 2802 4156 David
2831 4101 3126 4157 exstinctus
3145 4142 3161 4168 ,
3207 4117 3368 4173 quam
3399 4104 3614 4160 rebellis
3634 4100 3703 4156 sf-

2128 4191 2369 4263 tlixit(ll
2398 4191 2529 4263 Reg.
2575 4190 2759 4264 xvm).
2802 4192 2992 4248 Vivum
3036 4207 3266 4263 namque
3303 4209 3428 4249 eum
3476 4208 3702 4265 compre-

2130 4283 2290 4341 hendi
2314 4284 2598 4355 cupiebat,
2627 4293 2686 4339 ut
2710 4284 2801 4355 qui
2828 4285 3027 4340 malitia
3053 4285 3397 4356 grassabatur
3416 4329 3433 4355 ,
3456 4289 3703 4358 paeniten-

2132 4376 2205 4432 tia
2248 4384 2547 4431 sanaretur.
2590 4375 2720 4431 Erat
2761 4390 2890 4446 ergo
2922 4376 3013 4431 ille
3037 4386 3351 4446 persecutor
3376 4380 3576 4448 patris,
3612 4390 3704 4431 non

2132 4467 2301 4523 solum
2326 4466 2583 4537 populum
2624 4466 2720 4523 Dei
2750 4466 3064 4534 dividendo,
3095 4482 3195 4524 nec
3217 4467 3391 4524 solum
3418 4479 3601 4525 contra
3623 4468 3701 4523 Dei

2133 4563 2302 4633 legem
2329 4570 2383 4617 et
2405 4570 2591 4617 contra
2631 4560 2923 4633 legitimum
2954 4562 3120 4632 patris
3154 4577 3381 4633 regnum
3408 4578 3558 4619 arma
3596 4576 3701 4633 por-

2133 4655 2294 4711 tando
2322 4662 2480 4725 atque
2508 4653 2792 4709 bellando:
2820 4652 2917 4710 sed
2943 4654 3113 4709 multo
3151 4655 3385 4725 amplius
3408 4663 3699 4726 persecutus

2134 4755 2218 4802 est
2242 4760 2337 4801 cor
2365 4752 2641 4815 paternum
2667 4786 2682 4811 ,
2714 4745 2768 4799 in
2795 4744 2884 4799 illa
2923 4743 3197 4815 impietate
3233 4746 3533 4803 moriendo.
3566 4744 3700 4801 Deni-

2134 4856 2237 4913 que
2261 4839 2407 4895 illum
2435 4848 2586 4911 pater
2612 4840 2844 4911 optimus
2869 4839 3163 4911 pessimum
3188 4838 3356 4895 filium
3382 4883 3399 4908 ,
3432 4856 3587 4913 quem
3610 4851 3699 4893 non

2136 4931 2469 5004 desperando
2513 4947 2619 4988 non
2665 4930 2955 4986 deﬂeverat
3000 4931 3216 4997 vivum,
3249 4945 3346 5001 spe
3390 4932 3540 4986 finita
3580 4927 3700 4986 flevit

2136 5024 2393 5084 occisum.
2427 5024 2593 5081 Discit
2636 5038 2763 5094 ergo
2802 5022 2927 5093 quid
2974 5023 3043 5078 sit
3090 5022 3233 5094 quod
3279 5023 3567 5093 Apostolus
3604 5020 3698 5083 ait,

2140 5118 2326 5173 Omnes
2366 5116 2452 5188 qui
2479 5115 2652 5169 volunt
2677 5116 2729 5168 in
2758 5113 2958 5168 Christo
2988 5114 3069 5185 pie
3091 5114 3251 5169 viuere
3271 5155 3286 5181 ,
3334 5115 3697 5185 persecutionem

2138 5211 2410 5282 patientur.
2439 5206 2498 5263 Si
2523 5206 2920 5263 Catholicorum
2949 5205 3138 5261 domus
3187 5206 3482 5261 Donatistae
3510 5220 3610 5261 non
3636 5202 3699 5257 di-

2140 5300 2430 5373 ripuissent
2452 5340 2467 5364 ,
2499 5298 2544 5353 si
2571 5296 2860 5353 catholicas
2886 5297 3141 5352 ecclesias
3190 5310 3299 5352 non
3327 5295 3695 5355 incendissent.

2142 5399 2189 5451 si
2214 5393 2607 5452 Catholicorum
2635 5391 2847 5446 codices
2870 5398 3083 5445 sanctos
3110 5390 3165 5445 in
3192 5390 3306 5459 ipsa
3348 5388 3589 5445 incendia
3613 5398 3696 5442 non

2142 5488 2455 5553 misissent,
2484 5486 2529 5542 si
2557 5484 2951 5542 Catholicorum
2986 5497 3211 5554 corpora
3254 5496 3363 5537 non
3408 5476 3695 5538 immanissr

2144 5583 2247 5643 mis
2288 5579 2521 5637 caedibus
2566 5577 2910 5646 alﬂixissent,
2959 5578 3005 5636 si
3047 5573 3447 5647 Catholicorum
3492 5572 3696 5639 nicum

2210 5690 2228 5727 ⁸
2263 5686 2660 5758 Μιθάαηιιωη.
3322 5692 3327 5695 ⁷
