  <div class='ocr_page' id='page_1' title='image "/cluster/home/n/w/nwhite01/storage/ocr_20150623/43/uva.x000827113/368.png"; bbox 0 0 3816 6168; ppageno 0'>
   <div class='ocr_carea' id='block_1_1' title="bbox 138 323 264 384">
    <p class='ocr_par' dir='ltr' id='par_1_1' title="bbox 138 323 264 384">
     <span class='ocr_line' id='line_1_1' title="bbox 138 323 264 384; baseline 0.008 -1"><span class='ocrx_word' id='word_1_1' title='bbox 138 323 264 384; x_wconf 69' lang='grc'><strong>’121</strong></span> 
     </span>
    </p>
   </div>
   <div class='ocr_carea' id='block_1_2' title="bbox 142 421 1754 512">
    <p class='ocr_par' dir='ltr' id='par_1_2' title="bbox 142 421 1754 512">
     <span class='ocr_line' id='line_1_2' title="bbox 142 421 1754 512; baseline -0.013 -12"><span class='ocrx_word' id='word_1_2' title='bbox 142 456 271 500; x_wconf 89' lang='lat' dir='ltr'><strong>non</strong></span> <span class='ocrx_word' id='word_1_3' title='bbox 297 434 697 512; x_wconf 68' lang='lat' dir='ltr'><strong>praecidissent,</strong></span> <span class='ocrx_word' id='word_1_4' title='bbox 728 432 774 490; x_wconf 89' lang='lat' dir='ltr'><strong>si</strong></span> <span class='ocrx_word' id='word_1_5' title='bbox 798 430 987 489; x_wconf 89' lang='lat' dir='ltr'><strong>oculos</strong></span> <span class='ocrx_word' id='word_1_6' title='bbox 1010 441 1120 487; x_wconf 91' lang='lat' dir='ltr'><strong>non</strong></span> <span class='ocrx_word' id='word_1_7' title='bbox 1147 427 1556 493; x_wconf 75' lang='lat' dir='ltr'><strong>exstinxissent,</strong></span> <span class='ocrx_word' id='word_1_8' title='bbox 1584 421 1632 482; x_wconf 88' lang='lat' dir='ltr'><strong>si</strong></span> <span class='ocrx_word' id='word_1_9' title='bbox 1656 422 1754 480; x_wconf 89' lang='lat' dir='ltr'><strong>de-</strong></span> 
     </span>
    </p>
   </div>
   <div class='ocr_carea' id='block_1_3' title="bbox 142 515 1759 605">
    <p class='ocr_par' dir='ltr' id='par_1_3' title="bbox 142 515 1759 605">
     <span class='ocr_line' id='line_1_3' title="bbox 142 515 1759 605; baseline -0.013 -14"><span class='ocrx_word' id='word_1_10' title='bbox 142 534 327 605; x_wconf 90' lang='lat' dir='ltr'><strong>nique</strong></span> <span class='ocrx_word' id='word_1_11' title='bbox 369 527 674 588; x_wconf 90' lang='lat' dir='ltr'><strong>Catholicos</strong></span> <span class='ocrx_word' id='word_1_12' title='bbox 719 539 828 581; x_wconf 89' lang='lat' dir='ltr'><strong>non</strong></span> <span class='ocrx_word' id='word_1_13' title='bbox 880 521 1170 579; x_wconf 73' lang='lat' dir='ltr'><strong>crudeliter</strong></span> <span class='ocrx_word' id='word_1_14' title='bbox 1224 518 1545 576; x_wconf 89' lang='lat' dir='ltr'><strong>occidissent</strong></span> <span class='ocrx_word' id='word_1_15' title='bbox 1575 535 1587 571; x_wconf 91' lang='lat'><strong>:</strong></span> <span class='ocrx_word' id='word_1_16' title='bbox 1619 515 1759 571; x_wconf 88' lang='lat' dir='ltr'><strong>hanc</strong></span> 
     </span>
    </p>
   </div>
   <div class='ocr_carea' id='block_1_4' title="bbox 143 611 1760 688">
    <p class='ocr_par' dir='ltr' id='par_1_4' title="bbox 143 611 1760 688">
     <span class='ocr_line' id='line_1_4' title="bbox 143 611 1760 688; baseline -0.013 -5"><span class='ocrx_word' id='word_1_17' title='bbox 143 626 337 683; x_wconf 87' lang='lat' dir='ltr'><strong>solam</strong></span> <span class='ocrx_word' id='word_1_18' title='bbox 372 636 474 679; x_wconf 89' lang='lat' dir='ltr'><strong>nos</strong></span> <span class='ocrx_word' id='word_1_19' title='bbox 497 636 527 676; x_wconf 91' lang='lat' dir='ltr'><strong>a</strong></span> <span class='ocrx_word' id='word_1_20' title='bbox 555 617 706 675; x_wconf 83' lang='lat' dir='ltr'><strong>vobis</strong></span> <span class='ocrx_word' id='word_1_21' title='bbox 747 615 1120 688; x_wconf 81' lang='lat' dir='ltr'><strong>gravissimam</strong></span> <span class='ocrx_word' id='word_1_22' title='bbox 1163 611 1594 684; x_wconf 75' lang='lat' dir='ltr'><strong>persecutionem</strong></span> <span class='ocrx_word' id='word_1_23' title='bbox 1639 623 1760 679; x_wconf 88' lang='lat' dir='ltr'><strong>per-</strong></span> 
     </span>
    </p>
   </div>
   <div class='ocr_carea' id='block_1_5' title="bbox 143 700 1760 790">
    <p class='ocr_par' dir='ltr' id='par_1_5' title="bbox 143 700 1760 790">
     <span class='ocr_line' id='line_1_5' title="bbox 143 700 1760 790; baseline -0.012 -16"><span class='ocrx_word' id='word_1_24' title='bbox 143 717 274 790; x_wconf 93' lang='lat' dir='ltr'><strong>peti</strong></span> <span class='ocrx_word' id='word_1_25' title='bbox 299 713 584 772; x_wconf 77' lang='lat' dir='ltr'><strong>verissime</strong></span> <span class='ocrx_word' id='word_1_26' title='bbox 609 710 943 775; x_wconf 88' lang='lat' dir='ltr'><strong>diceremus,</strong></span> <span class='ocrx_word' id='word_1_27' title='bbox 970 705 1096 778; x_wconf 89' lang='lat' dir='ltr'><strong>quia</strong></span> <span class='ocrx_word' id='word_1_28' title='bbox 1120 703 1368 760; x_wconf 89' lang='lat' dir='ltr'><strong>videmus</strong></span> <span class='ocrx_word' id='word_1_29' title='bbox 1394 715 1489 756; x_wconf 88' lang='lat' dir='ltr'><strong>vos</strong></span> <span class='ocrx_word' id='word_1_30' title='bbox 1517 700 1760 756; x_wconf 89' lang='lat' dir='ltr'><strong>insensa-</strong></span> 
     </span>
    </p>
   </div>
   <div class='ocr_carea' id='block_1_6' title="bbox 147 794 1760 874">
    <p class='ocr_par' dir='ltr' id='par_1_6' title="bbox 147 794 1760 874">
     <span class='ocr_line' id='line_1_6' title="bbox 147 794 1760 874; baseline -0.01 -10"><span class='ocrx_word' id='word_1_31' title='bbox 147 817 282 874; x_wconf 90' lang='lat' dir='ltr'><strong>tos,</strong></span> <span class='ocrx_word' id='word_1_32' title='bbox 318 816 376 864; x_wconf 90' lang='lat' dir='ltr'><strong>et</strong></span> <span class='ocrx_word' id='word_1_33' title='bbox 416 802 769 869; x_wconf 87' lang='lat' dir='ltr'><strong>tabescimus;</strong></span> <span class='ocrx_word' id='word_1_34' title='bbox 797 799 921 872; x_wconf 88' lang='lat' dir='ltr'><strong>quia</strong></span> <span class='ocrx_word' id='word_1_35' title='bbox 967 797 1285 863; x_wconf 87' lang='lat' dir='ltr'><strong>inﬁrmatos,</strong></span> <span class='ocrx_word' id='word_1_36' title='bbox 1317 802 1371 852; x_wconf 89' lang='lat' dir='ltr'><strong>et</strong></span> <span class='ocrx_word' id='word_1_37' title='bbox 1396 794 1760 861; x_wconf 90' lang='lat' dir='ltr'><strong>inﬁrmamur;</strong></span> 
     </span>
    </p>
   </div>
   <div class='ocr_carea' id='block_1_7' title="bbox 147 885 1764 972">
    <p class='ocr_par' dir='ltr' id='par_1_7' title="bbox 147 885 1764 972">
     <span class='ocr_line' id='line_1_7' title="bbox 147 885 1764 972; baseline -0.009 -17"><span class='ocrx_word' id='word_1_38' title='bbox 147 899 290 972; x_wconf 86' lang='lat' dir='ltr'><strong>quia</strong></span> <span class='ocrx_word' id='word_1_39' title='bbox 316 896 742 962; x_wconf 86' lang='lat' dir='ltr'><strong>scandalizatos,</strong></span> <span class='ocrx_word' id='word_1_40' title='bbox 785 901 842 948; x_wconf 92' lang='lat' dir='ltr'><strong>et</strong></span> <span class='ocrx_word' id='word_1_41' title='bbox 865 890 1106 956; x_wconf 87' lang='lat' dir='ltr'><strong>urimur;</strong></span> <span class='ocrx_word' id='word_1_42' title='bbox 1138 889 1263 961; x_wconf 90' lang='lat' dir='ltr'><strong>quia</strong></span> <span class='ocrx_word' id='word_1_43' title='bbox 1291 886 1558 959; x_wconf 91' lang='lat' dir='ltr'><strong>perditos,</strong></span> <span class='ocrx_word' id='word_1_44' title='bbox 1590 895 1646 942; x_wconf 93' lang='lat' dir='ltr'><strong>et</strong></span> <span class='ocrx_word' id='word_1_45' title='bbox 1685 885 1764 942; x_wconf 86' lang='lat' dir='ltr'><strong>lu-</strong></span> 
     </span>
    </p>
   </div>
   <div class='ocr_carea' id='block_1_8' title="bbox 149 979 1765 1063">
    <p class='ocr_par' dir='ltr' id='par_1_8' title="bbox 149 979 1765 1063">
     <span class='ocr_line' id='line_1_8' title="bbox 149 979 1765 1063; baseline -0.008 -15"><span class='ocrx_word' id='word_1_46' title='bbox 149 1005 378 1063; x_wconf 88' lang='lat' dir='ltr'><strong>gemus.</strong></span> <span class='ocrx_word' id='word_1_47' title='bbox 410 989 537 1045; x_wconf 69' lang='lat' dir='ltr'><strong>[hec</strong></span> <span class='ocrx_word' id='word_1_48' title='bbox 559 986 701 1042; x_wconf 91' lang='lat' dir='ltr'><strong>mala</strong></span> <span class='ocrx_word' id='word_1_49' title='bbox 726 993 932 1052; x_wconf 87' lang='lat' dir='ltr'><strong>vestra,</strong></span> <span class='ocrx_word' id='word_1_50' title='bbox 956 998 1076 1054; x_wconf 60' lang='lat' dir='ltr'><strong>quae</strong></span> <span class='ocrx_word' id='word_1_51' title='bbox 1101 996 1197 1038; x_wconf 86' lang='lat' dir='ltr'><strong>vos</strong></span> <span class='ocrx_word' id='word_1_52' title='bbox 1225 981 1280 1036; x_wconf 92' lang='lat' dir='ltr'><strong>in</strong></span> <span class='ocrx_word' id='word_1_53' title='bbox 1309 988 1570 1037; x_wconf 62' lang='lat' dir='ltr'><strong>internum</strong></span> <span class='ocrx_word' id='word_1_54' title='bbox 1595 979 1765 1036; x_wconf 90' lang='lat' dir='ltr'><strong>inter-</strong></span> 
     </span>
    </p>
   </div>
   <div class='ocr_carea' id='block_1_9' title="bbox 154 1071 1767 1145">
    <p class='ocr_par' dir='ltr' id='par_1_9' title="bbox 154 1071 1767 1145">
     <span class='ocr_line' id='line_1_9' title="bbox 154 1071 1767 1145; baseline -0.007 -6"><span class='ocrx_word' id='word_1_55' title='bbox 154 1083 306 1138; x_wconf 84' lang='lat' dir='ltr'><strong>itum</strong></span> <span class='ocrx_word' id='word_1_56' title='bbox 363 1081 614 1144; x_wconf 89' lang='lat' dir='ltr'><strong>mittunt,</strong></span> <span class='ocrx_word' id='word_1_57' title='bbox 644 1075 878 1133; x_wconf 89' lang='lat' dir='ltr'><strong>amarius</strong></span> <span class='ocrx_word' id='word_1_58' title='bbox 905 1089 1006 1130; x_wconf 91' lang='lat' dir='ltr'><strong>nos</strong></span> <span class='ocrx_word' id='word_1_59' title='bbox 1033 1081 1427 1145; x_wconf 89' lang='lat' dir='ltr'><strong>persequuntur</strong></span> <span class='ocrx_word' id='word_1_60' title='bbox 1445 1114 1461 1140; x_wconf 92' lang='lat'><strong>,</strong></span> <span class='ocrx_word' id='word_1_61' title='bbox 1491 1087 1649 1142; x_wconf 89' lang='lat' dir='ltr'><strong>quam</strong></span> <span class='ocrx_word' id='word_1_62' title='bbox 1676 1071 1767 1128; x_wconf 91' lang='lat' dir='ltr'><strong>illa</strong></span> 
     </span>
    </p>
   </div>
   <div class='ocr_carea' id='block_1_10' title="bbox 150 1162 1767 1245">
    <p class='ocr_par' dir='ltr' id='par_1_10' title="bbox 150 1162 1767 1245">
     <span class='ocr_line' id='line_1_10' title="bbox 150 1162 1767 1245; baseline -0.007 -15"><span class='ocrx_word' id='word_1_63' title='bbox 150 1188 290 1245; x_wconf 81' lang='lat' dir='ltr'><strong>quae</strong></span> <span class='ocrx_word' id='word_1_64' title='bbox 319 1185 350 1225; x_wconf 90' lang='lat' dir='ltr'><strong>a</strong></span> <span class='ocrx_word' id='word_1_65' title='bbox 388 1169 541 1225; x_wconf 89' lang='lat' dir='ltr'><strong>vobis</strong></span> <span class='ocrx_word' id='word_1_66' title='bbox 569 1167 772 1223; x_wconf 83' lang='lat' dir='ltr'><strong>nostris</strong></span> <span class='ocrx_word' id='word_1_67' title='bbox 801 1164 1148 1236; x_wconf 86' lang='lat' dir='ltr'><strong>corporibus,</strong></span> <span class='ocrx_word' id='word_1_68' title='bbox 1197 1165 1280 1218; x_wconf 81' lang='lat' dir='ltr'><strong>vel</strong></span> <span class='ocrx_word' id='word_1_69' title='bbox 1311 1164 1471 1219; x_wconf 88' lang='lat' dir='ltr'><strong>rebus</strong></span> <span class='ocrx_word' id='word_1_70' title='bbox 1493 1205 1508 1231; x_wconf 87' lang='lat'><strong>,</strong></span> <span class='ocrx_word' id='word_1_71' title='bbox 1554 1164 1638 1218; x_wconf 91' lang='lat' dir='ltr'><strong>vel</strong></span> <span class='ocrx_word' id='word_1_72' title='bbox 1666 1162 1767 1219; x_wconf 86' lang='lat' dir='ltr'><strong>do-</strong></span> 
     </span>
    </p>
   </div>
   <div class='ocr_carea' id='block_1_11' title="bbox 151 1256 1766 1329">
    <p class='ocr_par' dir='ltr' id='par_1_11' title="bbox 151 1256 1766 1329">
     <span class='ocr_line' id='line_1_11' title="bbox 151 1256 1766 1329; baseline -0.009 -4"><span class='ocrx_word' id='word_1_73' title='bbox 151 1268 348 1325; x_wconf 87' lang='lat' dir='ltr'><strong>mibus</strong></span> <span class='ocrx_word' id='word_1_74' title='bbox 374 1273 467 1320; x_wconf 91' lang='lat' dir='ltr'><strong>aut</strong></span> <span class='ocrx_word' id='word_1_75' title='bbox 501 1261 736 1319; x_wconf 89' lang='lat' dir='ltr'><strong>basilicis</strong></span> <span class='ocrx_word' id='word_1_76' title='bbox 775 1260 1100 1317; x_wconf 89' lang='lat' dir='ltr'><strong>inferuntur.</strong></span> <span class='ocrx_word' id='word_1_77' title='bbox 1146 1258 1320 1314; x_wconf 80' lang='lat' dir='ltr'><strong>Minus</strong></span> <span class='ocrx_word' id='word_1_78' title='bbox 1348 1256 1766 1329; x_wconf 90' lang='lat' dir='ltr'><strong>persequimini,</strong></span> 
     </span>
    </p>
   </div>
   <div class='ocr_carea' id='block_1_12' title="bbox 152 1353 1773 1427">
    <p class='ocr_par' dir='ltr' id='par_1_12' title="bbox 152 1353 1773 1427">
     <span class='ocr_line' id='line_1_12' title="bbox 152 1353 1773 1427; baseline -0.006 -9"><span class='ocrx_word' id='word_1_79' title='bbox 152 1377 294 1418; x_wconf 87' lang='lat' dir='ltr'><strong>cum</strong></span> <span class='ocrx_word' id='word_1_80' title='bbox 324 1361 381 1415; x_wconf 91' lang='lat' dir='ltr'><strong>in</strong></span> <span class='ocrx_word' id='word_1_81' title='bbox 412 1373 512 1414; x_wconf 91' lang='lat' dir='ltr'><strong>nos</strong></span> <span class='ocrx_word' id='word_1_82' title='bbox 546 1357 774 1424; x_wconf 74' lang='lat' dir='ltr'><strong>saevitis,</strong></span> <span class='ocrx_word' id='word_1_83' title='bbox 822 1369 986 1427; x_wconf 89' lang='lat' dir='ltr'><strong>quam</strong></span> <span class='ocrx_word' id='word_1_84' title='bbox 1022 1369 1146 1409; x_wconf 92' lang='lat' dir='ltr'><strong>cum</strong></span> <span class='ocrx_word' id='word_1_85' title='bbox 1173 1368 1270 1410; x_wconf 90' lang='lat' dir='ltr'><strong>vos</strong></span> <span class='ocrx_word' id='word_1_86' title='bbox 1296 1353 1502 1424; x_wconf 90' lang='lat' dir='ltr'><strong>peritis.</strong></span> <span class='ocrx_word' id='word_1_87' title='bbox 1532 1353 1773 1424; x_wconf 89' lang='lat' dir='ltr'><strong>Denique</strong></span> 
     </span>
    </p>
   </div>
   <div class='ocr_carea' id='block_1_13' title="bbox 154 1443 1774 1520">
    <p class='ocr_par' dir='ltr' id='par_1_13' title="bbox 154 1443 1774 1520">
     <span class='ocr_line' id='line_1_13' title="bbox 154 1443 1774 1520; baseline -0.006 -12"><span class='ocrx_word' id='word_1_88' title='bbox 154 1455 222 1510; x_wconf 88' lang='lat' dir='ltr'><strong>in</strong></span> <span class='ocrx_word' id='word_1_89' title='bbox 269 1451 365 1507; x_wconf 89' lang='lat' dir='ltr'><strong>illa</strong></span> <span class='ocrx_word' id='word_1_90' title='bbox 405 1448 780 1520; x_wconf 87' lang='lat' dir='ltr'><strong>persecutione</strong></span> <span class='ocrx_word' id='word_1_91' title='bbox 819 1462 925 1518; x_wconf 90' lang='lat' dir='ltr'><strong>qua</strong></span> <span class='ocrx_word' id='word_1_92' title='bbox 965 1447 1020 1502; x_wconf 91' lang='lat' dir='ltr'><strong>in</strong></span> <span class='ocrx_word' id='word_1_93' title='bbox 1059 1460 1160 1502; x_wconf 92' lang='lat' dir='ltr'><strong>nos</strong></span> <span class='ocrx_word' id='word_1_94' title='bbox 1187 1445 1388 1502; x_wconf 66' lang='lat' dir='ltr'><strong>saevitis</strong></span> <span class='ocrx_word' id='word_1_95' title='bbox 1409 1486 1426 1512; x_wconf 93' lang='lat'><strong>,</strong></span> <span class='ocrx_word' id='word_1_96' title='bbox 1465 1460 1587 1500; x_wconf 93' lang='lat' dir='ltr'><strong>cum</strong></span> <span class='ocrx_word' id='word_1_97' title='bbox 1616 1443 1774 1500; x_wconf 88' lang='lat' dir='ltr'><strong>laude</strong></span> 
     </span>
    </p>
   </div>
   <div class='ocr_carea' id='block_1_14' title="bbox 154 1537 1774 1619">
    <p class='ocr_par' dir='ltr' id='par_1_14' title="bbox 154 1537 1774 1619">
     <span class='ocr_line' id='line_1_14' title="bbox 154 1537 1774 1619; baseline -0.006 -16"><span class='ocrx_word' id='word_1_98' title='bbox 154 1545 468 1619; x_wconf 74' lang='lat' dir='ltr'><strong>gaudemus</strong></span> <span class='ocrx_word' id='word_1_99' title='bbox 497 1560 512 1596; x_wconf 93' lang='lat'><strong>:</strong></span> <span class='ocrx_word' id='word_1_100' title='bbox 543 1541 600 1598; x_wconf 88' lang='lat' dir='ltr'><strong>in</strong></span> <span class='ocrx_word' id='word_1_101' title='bbox 623 1540 727 1596; x_wconf 88' lang='lat' dir='ltr'><strong>hac</strong></span> <span class='ocrx_word' id='word_1_102' title='bbox 763 1547 944 1596; x_wconf 91' lang='lat' dir='ltr'><strong>autem</strong></span> <span class='ocrx_word' id='word_1_103' title='bbox 983 1554 1089 1610; x_wconf 90' lang='lat' dir='ltr'><strong>qua</strong></span> <span class='ocrx_word' id='word_1_104' title='bbox 1130 1553 1226 1594; x_wconf 89' lang='lat' dir='ltr'><strong>vos</strong></span> <span class='ocrx_word' id='word_1_105' title='bbox 1253 1537 1473 1609; x_wconf 90' lang='lat' dir='ltr'><strong>peritis,</strong></span> <span class='ocrx_word' id='word_1_106' title='bbox 1519 1538 1564 1592; x_wconf 90' lang='lat' dir='ltr'><strong>si</strong></span> <span class='ocrx_word' id='word_1_107' title='bbox 1607 1537 1774 1609; x_wconf 77' lang='lat' dir='ltr'><strong>gavisi</strong></span> 
     </span>
    </p>
   </div>
   <div class='ocr_carea' id='block_1_15' title="bbox 161 1628 1776 1703">
    <p class='ocr_par' dir='ltr' id='par_1_15' title="bbox 161 1628 1776 1703">
     <span class='ocr_line' id='line_1_15' title="bbox 161 1628 1776 1703; baseline -0.007 -7"><span class='ocrx_word' id='word_1_108' title='bbox 161 1639 438 1696; x_wconf 84' lang='lat' dir='ltr'><strong>fuerimus</strong></span> <span class='ocrx_word' id='word_1_109' title='bbox 459 1677 475 1702; x_wconf 90' lang='lat'><strong>,</strong></span> <span class='ocrx_word' id='word_1_110' title='bbox 507 1633 786 1690; x_wconf 91' lang='lat' dir='ltr'><strong>vobiscum</strong></span> <span class='ocrx_word' id='word_1_111' title='bbox 814 1631 1094 1703; x_wconf 67' lang='lat' dir='ltr'><strong>(perimus.</strong></span> <span class='ocrx_word' id='word_1_112' title='bbox 1140 1629 1250 1687; x_wconf 86' lang='lat' dir='ltr'><strong>Sed</strong></span> <span class='ocrx_word' id='word_1_113' title='bbox 1296 1629 1552 1701; x_wconf 89' lang='lat' dir='ltr'><strong>quamdiu</strong></span> <span class='ocrx_word' id='word_1_114' title='bbox 1591 1628 1646 1685; x_wconf 90' lang='lat' dir='ltr'><strong>in</strong></span> <span class='ocrx_word' id='word_1_115' title='bbox 1672 1628 1776 1685; x_wconf 86' lang='lat' dir='ltr'><strong>hac</strong></span> 
     </span>
    </p>
   </div>
   <div class='ocr_carea' id='block_1_16' title="bbox 161 1724 1771 1794">
    <p class='ocr_par' dir='ltr' id='par_1_16' title="bbox 161 1724 1771 1794">
     <span class='ocr_line' id='line_1_16' title="bbox 161 1724 1771 1794; baseline -0.009 -5"><span class='ocrx_word' id='word_1_116' title='bbox 161 1746 338 1790; x_wconf 88' lang='lat' dir='ltr'><strong>carne</strong></span> <span class='ocrx_word' id='word_1_117' title='bbox 381 1725 591 1794; x_wconf 88' lang='lat' dir='ltr'><strong>vivitis,</strong></span> <span class='ocrx_word' id='word_1_118' title='bbox 631 1725 701 1782; x_wconf 91' lang='lat' dir='ltr'><strong>de</strong></span> <span class='ocrx_word' id='word_1_119' title='bbox 749 1724 902 1781; x_wconf 90' lang='lat' dir='ltr'><strong>vobis</strong></span> <span class='ocrx_word' id='word_1_120' title='bbox 949 1724 1240 1794; x_wconf 87' lang='lat' dir='ltr'><strong>desperare</strong></span> <span class='ocrx_word' id='word_1_121' title='bbox 1285 1735 1394 1777; x_wconf 92' lang='lat' dir='ltr'><strong>non</strong></span> <span class='ocrx_word' id='word_1_122' title='bbox 1442 1735 1771 1792; x_wconf 90' lang='lat' dir='ltr'><strong>possumus:</strong></span> 
     </span>
    </p>
   </div>
   <div class='ocr_carea' id='block_1_17' title="bbox 161 1813 1776 1888">
    <p class='ocr_par' dir='ltr' id='par_1_17' title="bbox 161 1813 1776 1888">
     <span class='ocr_line' id='line_1_17' title="bbox 161 1813 1776 1888; baseline -0.007 -7"><span class='ocrx_word' id='word_1_123' title='bbox 161 1838 299 1880; x_wconf 89' lang='lat' dir='ltr'><strong>cum</strong></span> <span class='ocrx_word' id='word_1_124' title='bbox 329 1835 460 1877; x_wconf 88' lang='lat' dir='ltr'><strong>vero</strong></span> <span class='ocrx_word' id='word_1_125' title='bbox 501 1819 558 1874; x_wconf 90' lang='lat' dir='ltr'><strong>in</strong></span> <span class='ocrx_word' id='word_1_126' title='bbox 583 1817 686 1874; x_wconf 88' lang='lat' dir='ltr'><strong>hac</strong></span> <span class='ocrx_word' id='word_1_127' title='bbox 727 1817 1002 1888; x_wconf 85' lang='lat' dir='ltr'><strong>impietate</strong></span> <span class='ocrx_word' id='word_1_128' title='bbox 1028 1813 1333 1882; x_wconf 91' lang='lat' dir='ltr'><strong>morimini,</strong></span> <span class='ocrx_word' id='word_1_129' title='bbox 1376 1814 1610 1872; x_wconf 82' lang='lat' dir='ltr'><strong>maxime</strong></span> <span class='ocrx_word' id='word_1_130' title='bbox 1652 1828 1776 1870; x_wconf 91' lang='lat' dir='ltr'><strong>cum</strong></span> 
     </span>
    </p>
   </div>
   <div class='ocr_carea' id='block_1_18' title="bbox 163 1905 1777 1983">
    <p class='ocr_par' dir='ltr' id='par_1_18' title="bbox 163 1905 1777 1983">
     <span class='ocr_line' id='line_1_18' title="bbox 163 1905 1777 1983; baseline -0.005 -13"><span class='ocrx_word' id='word_1_131' title='bbox 163 1928 273 1970; x_wconf 85' lang='lat' dir='ltr'><strong>vos</strong></span> <span class='ocrx_word' id='word_1_132' title='bbox 318 1913 467 1983; x_wconf 89' lang='lat' dir='ltr'><strong>ipsos</strong></span> <span class='ocrx_word' id='word_1_133' title='bbox 505 1907 774 1966; x_wconf 89' lang='lat' dir='ltr'><strong>horrenda</strong></span> <span class='ocrx_word' id='word_1_134' title='bbox 801 1907 1042 1964; x_wconf 81' lang='lat' dir='ltr'><strong>caecitate</strong></span> <span class='ocrx_word' id='word_1_135' title='bbox 1078 1906 1278 1962; x_wconf 89' lang='lat' dir='ltr'><strong>furoris</strong></span> <span class='ocrx_word' id='word_1_136' title='bbox 1307 1905 1582 1974; x_wconf 89' lang='lat' dir='ltr'><strong>occiditis,</strong></span> <span class='ocrx_word' id='word_1_137' title='bbox 1629 1920 1777 1962; x_wconf 89' lang='lat' dir='ltr'><strong>ama—</strong></span> 
     </span>
    </p>
   </div>
   <div class='ocr_carea' id='block_1_19' title="bbox 165 1997 1779 2063">
    <p class='ocr_par' dir='ltr' id='par_1_19' title="bbox 165 1997 1779 2063">
     <span class='ocr_line' id='line_1_19' title="bbox 165 1997 1779 2063; baseline -0.006 0"><span class='ocrx_word' id='word_1_138' title='bbox 165 2005 450 2063; x_wconf 87' lang='lat' dir='ltr'><strong>rissimam</strong></span> <span class='ocrx_word' id='word_1_139' title='bbox 494 2001 764 2058; x_wconf 87' lang='lat' dir='ltr'><strong>tristitiam</strong></span> <span class='ocrx_word' id='word_1_140' title='bbox 788 2008 1028 2056; x_wconf 90' lang='lat' dir='ltr'><strong>nostram</strong></span> <span class='ocrx_word' id='word_1_141' title='bbox 1071 1997 1202 2054; x_wconf 89' lang='lat' dir='ltr'><strong>illud</strong></span> <span class='ocrx_word' id='word_1_142' title='bbox 1247 1997 1613 2054; x_wconf 89' lang='lat' dir='ltr'><strong>tantummodo</strong></span> <span class='ocrx_word' id='word_1_143' title='bbox 1649 2012 1779 2054; x_wconf 93' lang='lat' dir='ltr'><strong>con-</strong></span> 
     </span>
    </p>
   </div>
   <div class='ocr_carea' id='block_1_20' title="bbox 165 2091 1778 2166">
    <p class='ocr_par' dir='ltr' id='par_1_20' title="bbox 165 2091 1778 2166">
     <span class='ocr_line' id='line_1_20' title="bbox 165 2091 1778 2166; baseline -0.004 -12"><span class='ocrx_word' id='word_1_144' title='bbox 165 2097 387 2155; x_wconf 84' lang='lat' dir='ltr'><strong>solatur</strong></span> <span class='ocrx_word' id='word_1_145' title='bbox 411 2136 428 2163; x_wconf 93' lang='lat'><strong>,</strong></span> <span class='ocrx_word' id='word_1_146' title='bbox 479 2092 624 2166; x_wconf 91' lang='lat' dir='ltr'><strong>quod</strong></span> <span class='ocrx_word' id='word_1_147' title='bbox 677 2092 1013 2148; x_wconf 90' lang='lat' dir='ltr'><strong>consolatum</strong></span> <span class='ocrx_word' id='word_1_148' title='bbox 1063 2099 1145 2146; x_wconf 84' lang='lat' dir='ltr'><strong>est</strong></span> <span class='ocrx_word' id='word_1_149' title='bbox 1194 2100 1437 2148; x_wconf 90' lang='lat' dir='ltr'><strong>sanctum</strong></span> <span class='ocrx_word' id='word_1_150' title='bbox 1488 2091 1690 2160; x_wconf 88' lang='lat' dir='ltr'><strong>David,</strong></span> <span class='ocrx_word' id='word_1_151' title='bbox 1724 2092 1778 2147; x_wconf 90' lang='lat' dir='ltr'><strong>in</strong></span> 
     </span>
    </p>
   </div>
   <div class='ocr_carea' id='block_1_21' title="bbox 168 2182 1781 2255">
    <p class='ocr_par' dir='ltr' id='par_1_21' title="bbox 168 2182 1781 2255">
     <span class='ocr_line' id='line_1_21' title="bbox 168 2182 1781 2255; baseline -0.005 -9"><span class='ocrx_word' id='word_1_152' title='bbox 168 2191 388 2246; x_wconf 87' lang='lat' dir='ltr'><strong>unitate</strong></span> <span class='ocrx_word' id='word_1_153' title='bbox 436 2186 643 2243; x_wconf 89' lang='lat' dir='ltr'><strong>scilicet</strong></span> <span class='ocrx_word' id='word_1_154' title='bbox 692 2184 788 2240; x_wconf 90' lang='lat' dir='ltr'><strong>Dei</strong></span> <span class='ocrx_word' id='word_1_155' title='bbox 841 2183 1072 2255; x_wconf 85' lang='lat' dir='ltr'><strong>populus</strong></span> <span class='ocrx_word' id='word_1_156' title='bbox 1109 2191 1500 2254; x_wconf 88' lang='lat' dir='ltr'><strong>congregatus,</strong></span> <span class='ocrx_word' id='word_1_157' title='bbox 1539 2184 1630 2255; x_wconf 90' lang='lat' dir='ltr'><strong>qui</strong></span> <span class='ocrx_word' id='word_1_158' title='bbox 1679 2182 1781 2240; x_wconf 84' lang='lat' dir='ltr'><strong>fuit</strong></span> 
     </span>
    </p>
   </div>
   <div class='ocr_carea' id='block_1_22' title="bbox 168 2274 1780 2348">
    <p class='ocr_par' dir='ltr' id='par_1_22' title="bbox 168 2274 1780 2348">
     <span class='ocr_line' id='line_1_22' title="bbox 168 2274 1780 2348; baseline -0.003 -11"><span class='ocrx_word' id='word_1_159' title='bbox 168 2278 429 2338; x_wconf 87' lang='lat' dir='ltr'><strong>scelerati</strong></span> <span class='ocrx_word' id='word_1_160' title='bbox 480 2277 575 2332; x_wconf 82' lang='lat' dir='ltr'><strong>ﬁlii</strong></span> <span class='ocrx_word' id='word_1_161' title='bbox 628 2275 914 2348; x_wconf 88' lang='lat' dir='ltr'><strong>tyrannide</strong></span> <span class='ocrx_word' id='word_1_162' title='bbox 961 2274 1186 2330; x_wconf 89' lang='lat' dir='ltr'><strong>divisus.</strong></span> <span class='ocrx_word' id='word_1_163' title='bbox 1235 2275 1591 2332; x_wconf 83' lang='lat' dir='ltr'><strong>Tolerabilius</strong></span> <span class='ocrx_word' id='word_1_164' title='bbox 1635 2276 1780 2332; x_wconf 90' lang='lat' dir='ltr'><strong>enim</strong></span> 
     </span>
    </p>
   </div>
   <div class='ocr_carea' id='block_1_23' title="bbox 169 2365 1782 2442">
    <p class='ocr_par' dir='ltr' id='par_1_23' title="bbox 169 2365 1782 2442">
     <span class='ocr_line' id='line_1_23' title="bbox 169 2365 1782 2442; baseline -0.003 -14"><span class='ocrx_word' id='word_1_165' title='bbox 169 2372 342 2442; x_wconf 87' lang='lat' dir='ltr'><strong>longe</strong></span> <span class='ocrx_word' id='word_1_166' title='bbox 384 2368 665 2441; x_wconf 90' lang='lat' dir='ltr'><strong>pauciores</strong></span> <span class='ocrx_word' id='word_1_167' title='bbox 693 2365 1106 2437; x_wconf 90' lang='lat' dir='ltr'><strong>pertinacissimi</strong></span> <span class='ocrx_word' id='word_1_168' title='bbox 1135 2366 1303 2423; x_wconf 87' lang='lat' dir='ltr'><strong>vestri</strong></span> <span class='ocrx_word' id='word_1_169' title='bbox 1332 2366 1445 2422; x_wconf 90' lang='lat' dir='ltr'><strong>suis</strong></span> <span class='ocrx_word' id='word_1_170' title='bbox 1473 2367 1782 2438; x_wconf 85' lang='lat' dir='ltr'><strong>praecipitiis</strong></span> 
     </span>
    </p>
   </div>
   <div class='ocr_carea' id='block_1_24' title="bbox 172 2458 1784 2530">
    <p class='ocr_par' dir='ltr' id='par_1_24' title="bbox 172 2458 1784 2530">
     <span class='ocr_line' id='line_1_24' title="bbox 172 2458 1784 2530; baseline -0.004 -9"><span class='ocrx_word' id='word_1_171' title='bbox 172 2465 266 2521; x_wconf 87' lang='lat' dir='ltr'><strong>vel</strong></span> <span class='ocrx_word' id='word_1_172' title='bbox 306 2460 772 2518; x_wconf 90' lang='lat' dir='ltr'><strong>submersionibus</strong></span> <span class='ocrx_word' id='word_1_173' title='bbox 798 2459 882 2514; x_wconf 90' lang='lat' dir='ltr'><strong>vel</strong></span> <span class='ocrx_word' id='word_1_174' title='bbox 913 2458 1125 2530; x_wconf 82' lang='lat' dir='ltr'><strong>ignibus</strong></span> <span class='ocrx_word' id='word_1_175' title='bbox 1168 2467 1396 2529; x_wconf 89' lang='lat' dir='ltr'><strong>pereunt</strong></span> <span class='ocrx_word' id='word_1_176' title='bbox 1423 2473 1582 2529; x_wconf 89' lang='lat' dir='ltr'><strong>quam</strong></span> <span class='ocrx_word' id='word_1_177' title='bbox 1628 2459 1784 2514; x_wconf 86' lang='lat' dir='ltr'><strong>innu-</strong></span> 
     </span>
    </p>
   </div>
   <div class='ocr_carea' id='block_1_25' title="bbox 173 2551 1780 2626">
    <p class='ocr_par' dir='ltr' id='par_1_25' title="bbox 173 2551 1780 2626">
     <span class='ocr_line' id='line_1_25' title="bbox 173 2551 1780 2626; baseline -0.006 -10"><span class='ocrx_word' id='word_1_178' title='bbox 173 2555 474 2616; x_wconf 89' lang='lat' dir='ltr'><strong>merabiles</strong></span> <span class='ocrx_word' id='word_1_179' title='bbox 503 2553 684 2626; x_wconf 88' lang='lat' dir='ltr'><strong>populi</strong></span> <span class='ocrx_word' id='word_1_180' title='bbox 716 2552 822 2608; x_wconf 92' lang='lat' dir='ltr'><strong>illis</strong></span> <span class='ocrx_word' id='word_1_181' title='bbox 860 2567 1047 2608; x_wconf 89' lang='lat' dir='ltr'><strong>eorum</strong></span> <span class='ocrx_word' id='word_1_182' title='bbox 1078 2551 1307 2607; x_wconf 90' lang='lat' dir='ltr'><strong>salutem</strong></span> <span class='ocrx_word' id='word_1_183' title='bbox 1334 2552 1780 2624; x_wconf 88' lang='lat' dir='ltr'><strong>impedientibus,</strong></span> 
     </span>
    </p>
   </div>
   <div class='ocr_carea' id='block_1_26' title="bbox 174 2636 1782 2716">
    <p class='ocr_par' dir='ltr' id='par_1_26' title="bbox 174 2636 1782 2716">
     <span class='ocr_line' id='line_1_26' title="bbox 174 2636 1782 2716; baseline -0.005 -8"><span class='ocrx_word' id='word_1_184' title='bbox 174 2649 434 2708; x_wconf 89' lang='lat' dir='ltr'><strong>incendio</strong></span> <span class='ocrx_word' id='word_1_185' title='bbox 472 2663 596 2704; x_wconf 92' lang='lat' dir='ltr'><strong>cum</strong></span> <span class='ocrx_word' id='word_1_186' title='bbox 636 2646 741 2702; x_wconf 91' lang='lat' dir='ltr'><strong>illis</strong></span> <span class='ocrx_word' id='word_1_187' title='bbox 768 2636 958 2702; x_wconf 67' lang='lat' dir='ltr'><strong>aeterni</strong></span> <span class='ocrx_word' id='word_1_188' title='bbox 998 2645 1136 2716; x_wconf 89' lang='lat' dir='ltr'><strong>ignis</strong></span> <span class='ocrx_word' id='word_1_189' title='bbox 1172 2645 1457 2700; x_wconf 88' lang='lat' dir='ltr'><strong>ardebunt.</strong></span> <span class='ocrx_word' id='word_1_190' title='bbox 1502 2645 1782 2716; x_wconf 86' lang='lat' dir='ltr'><strong>Nunquam</strong></span> 
     </span>
    </p>
   </div>
   <div class='ocr_carea' id='block_1_27' title="bbox 173 2735 1783 2814">
    <p class='ocr_par' dir='ltr' id='par_1_27' title="bbox 173 2735 1783 2814">
     <span class='ocr_line' id='line_1_27' title="bbox 173 2735 1783 2814; baseline -0.004 -16"><span class='ocrx_word' id='word_1_191' title='bbox 173 2744 349 2814; x_wconf 87' lang='lat' dir='ltr'><strong>igitur</strong></span> <span class='ocrx_word' id='word_1_192' title='bbox 389 2738 647 2796; x_wconf 77' lang='lat' dir='ltr'><strong>Ecclesiae</strong></span> <span class='ocrx_word' id='word_1_193' title='bbox 695 2736 894 2793; x_wconf 87' lang='lat' dir='ltr'><strong>Christi</strong></span> <span class='ocrx_word' id='word_1_194' title='bbox 934 2735 1102 2792; x_wconf 86' lang='lat' dir='ltr'><strong>defuit</strong></span> <span class='ocrx_word' id='word_1_195' title='bbox 1130 2745 1223 2791; x_wconf 91' lang='lat' dir='ltr'><strong>aut</strong></span> <span class='ocrx_word' id='word_1_196' title='bbox 1251 2736 1460 2805; x_wconf 90' lang='lat' dir='ltr'><strong>deerit,</strong></span> <span class='ocrx_word' id='word_1_197' title='bbox 1492 2736 1666 2805; x_wconf 87' lang='lat' dir='ltr'><strong>unde,</strong></span> <span class='ocrx_word' id='word_1_198' title='bbox 1695 2751 1783 2792; x_wconf 85' lang='lat' dir='ltr'><strong>se-</strong></span> 
     </span>
    </p>
   </div>
   <div class='ocr_carea' id='block_1_28' title="bbox 175 2830 1780 2904">
    <p class='ocr_par' dir='ltr' id='par_1_28' title="bbox 175 2830 1780 2904">
     <span class='ocr_line' id='line_1_28' title="bbox 175 2830 1780 2904; baseline -0.002 -12"><span class='ocrx_word' id='word_1_199' title='bbox 175 2834 421 2893; x_wconf 90' lang='lat' dir='ltr'><strong>cundum</strong></span> <span class='ocrx_word' id='word_1_200' title='bbox 447 2832 784 2904; x_wconf 87' lang='lat' dir='ltr'><strong>Apostolum,</strong></span> <span class='ocrx_word' id='word_1_201' title='bbox 813 2831 904 2902; x_wconf 92' lang='lat' dir='ltr'><strong>qui</strong></span> <span class='ocrx_word' id='word_1_202' title='bbox 929 2830 1116 2886; x_wconf 91' lang='lat' dir='ltr'><strong>volunt</strong></span> <span class='ocrx_word' id='word_1_203' title='bbox 1143 2831 1197 2885; x_wconf 91' lang='lat' dir='ltr'><strong>in</strong></span> <span class='ocrx_word' id='word_1_204' title='bbox 1227 2830 1442 2886; x_wconf 88' lang='lat' dir='ltr'><strong>Christo</strong></span> <span class='ocrx_word' id='word_1_205' title='bbox 1469 2831 1554 2902; x_wconf 89' lang='lat' dir='ltr'><strong>pie</strong></span> <span class='ocrx_word' id='word_1_206' title='bbox 1580 2832 1780 2900; x_wconf 88' lang='lat' dir='ltr'><strong>vivere,</strong></span> 
     </span>
    </p>
   </div>
   <div class='ocr_carea' id='block_1_29' title="bbox 177 2924 1783 3004">
    <p class='ocr_par' dir='ltr' id='par_1_29' title="bbox 177 2924 1783 3004">
     <span class='ocr_line' id='line_1_29' title="bbox 177 2924 1783 3004; baseline -0.004 -15"><span class='ocrx_word' id='word_1_207' title='bbox 177 2929 614 3004; x_wconf 83' lang='lat' dir='ltr'><strong>persecutionem</strong></span> <span class='ocrx_word' id='word_1_208' title='bbox 640 2927 911 2998; x_wconf 89' lang='lat' dir='ltr'><strong>patiantur</strong></span> <span class='ocrx_word' id='word_1_209' title='bbox 933 2966 948 2993; x_wconf 93' lang='lat'><strong>,</strong></span> <span class='ocrx_word' id='word_1_210' title='bbox 980 2935 1072 2980; x_wconf 91' lang='lat' dir='ltr'><strong>aut</strong></span> <span class='ocrx_word' id='word_1_211' title='bbox 1097 2924 1383 2996; x_wconf 87' lang='lat' dir='ltr'><strong>impiorum</strong></span> <span class='ocrx_word' id='word_1_212' title='bbox 1413 2925 1671 2981; x_wconf 86' lang='lat' dir='ltr'><strong>malitiam</strong></span> <span class='ocrx_word' id='word_1_213' title='bbox 1695 2941 1783 2982; x_wconf 79' lang='lat' dir='ltr'><strong>su-</strong></span> 
     </span>
    </p>
   </div>
   <div class='ocr_carea' id='block_1_30' title="bbox 177 3019 1782 3090">
    <p class='ocr_par' dir='ltr' id='par_1_30' title="bbox 177 3019 1782 3090">
     <span class='ocr_line' id='line_1_30' title="bbox 177 3019 1782 3090; baseline -0.002 -9"><span class='ocrx_word' id='word_1_214' title='bbox 177 3023 470 3088; x_wconf 83' lang='lat' dir='ltr'><strong>stinendo,</strong></span> <span class='ocrx_word' id='word_1_215' title='bbox 522 3036 642 3077; x_wconf 92' lang='lat' dir='ltr'><strong>cum</strong></span> <span class='ocrx_word' id='word_1_216' title='bbox 688 3019 906 3076; x_wconf 81' lang='lat' dir='ltr'><strong>innoxie</strong></span> <span class='ocrx_word' id='word_1_217' title='bbox 956 3019 1176 3086; x_wconf 90' lang='lat' dir='ltr'><strong>vivunt;</strong></span> <span class='ocrx_word' id='word_1_218' title='bbox 1229 3027 1322 3075; x_wconf 91' lang='lat' dir='ltr'><strong>aut</strong></span> <span class='ocrx_word' id='word_1_219' title='bbox 1371 3033 1466 3076; x_wconf 91' lang='lat' dir='ltr'><strong>eos</strong></span> <span class='ocrx_word' id='word_1_220' title='bbox 1512 3019 1782 3090; x_wconf 88' lang='lat' dir='ltr'><strong>dolendo,</strong></span> 
     </span>
    </p>
   </div>
   <div class='ocr_carea' id='block_1_31' title="bbox 178 3122 596 3187">
    <p class='ocr_par' dir='ltr' id='par_1_31' title="bbox 178 3122 596 3187">
     <span class='ocr_line' id='line_1_31' title="bbox 178 3122 596 3187; baseline -0.017 -12"><span class='ocrx_word' id='word_1_221' title='bbox 178 3134 310 3175; x_wconf 85' lang='lat' dir='ltr'><strong>cum</strong></span> <span class='ocrx_word' id='word_1_222' title='bbox 348 3122 596 3187; x_wconf 90' lang='lat' dir='ltr'><strong>pereunt.</strong></span> 
     </span>
    </p>
   </div>
   <div class='ocr_carea' id='block_1_32' title="bbox 256 3201 1787 3276">
    <p class='ocr_par' dir='ltr' id='par_1_32' title="bbox 256 3201 1787 3276">
     <span class='ocr_line' id='line_1_32' title="bbox 256 3201 1787 3276; baseline -0.002 -13"><span class='ocrx_word' id='word_1_223' title='bbox 256 3205 488 3263; x_wconf 78' lang='lat' dir='ltr'><strong>CAPUT</strong></span> <span class='ocrx_word' id='word_1_224' title='bbox 515 3203 709 3260; x_wconf 79' lang='lat' dir='ltr'><strong>XXIII.</strong></span> <span class='ocrx_word' id='word_1_225' title='bbox 733 3202 910 3259; x_wconf 69' lang='lat'><strong>—%.</strong></span> <span class='ocrx_word' id='word_1_226' title='bbox 952 3201 1128 3259; x_wconf 87' lang='lat' dir='ltr'><strong>Nolite</strong></span> <span class='ocrx_word' id='word_1_227' title='bbox 1155 3203 1333 3274; x_wconf 86' lang='lat' dir='ltr'><strong>itaque</strong></span> <span class='ocrx_word' id='word_1_228' title='bbox 1354 3202 1494 3272; x_wconf 81' lang='lat' dir='ltr'><strong>falli,</strong></span> <span class='ocrx_word' id='word_1_229' title='bbox 1523 3203 1666 3276; x_wconf 88' lang='lat' dir='ltr'><strong>quod</strong></span> <span class='ocrx_word' id='word_1_230' title='bbox 1692 3217 1787 3260; x_wconf 89' lang='lat' dir='ltr'><strong>vo-</strong></span> 
     </span>
    </p>
   </div>
   <div class='ocr_carea' id='block_1_33' title="bbox 179 3295 1781 3368">
    <p class='ocr_par' dir='ltr' id='par_1_33' title="bbox 179 3295 1781 3368">
     <span class='ocr_line' id='line_1_33' title="bbox 179 3295 1781 3368; baseline -0.003 -11"><span class='ocrx_word' id='word_1_231' title='bbox 179 3301 272 3358; x_wconf 88' lang='lat' dir='ltr'><strong>bis</strong></span> <span class='ocrx_word' id='word_1_232' title='bbox 298 3300 505 3356; x_wconf 90' lang='lat' dir='ltr'><strong>dictum</strong></span> <span class='ocrx_word' id='word_1_233' title='bbox 531 3298 633 3364; x_wconf 86' lang='lat' dir='ltr'><strong>sit,</strong></span> <span class='ocrx_word' id='word_1_234' title='bbox 674 3295 851 3351; x_wconf 82' lang='lat' dir='ltr'><strong>Veniet</strong></span> <span class='ocrx_word' id='word_1_235' title='bbox 871 3297 999 3351; x_wconf 83' lang='lat' dir='ltr'><strong>hora</strong></span> <span class='ocrx_word' id='word_1_236' title='bbox 1021 3295 1227 3368; x_wconf 86' lang='lat' dir='ltr'><strong>quando</strong></span> <span class='ocrx_word' id='word_1_237' title='bbox 1255 3297 1343 3367; x_wconf 88' lang='lat' dir='ltr'><strong>qui</strong></span> <span class='ocrx_word' id='word_1_238' title='bbox 1365 3313 1452 3353; x_wconf 86' lang='lat' dir='ltr'><strong>vos</strong></span> <span class='ocrx_word' id='word_1_239' title='bbox 1486 3298 1781 3368; x_wconf 86' lang='lat' dir='ltr'><strong>occiderint,</strong></span> 
     </span>
    </p>
   </div>
   <div class='ocr_carea' id='block_1_34' title="bbox 182 3387 1786 3466">
    <p class='ocr_par' dir='ltr' id='par_1_34' title="bbox 182 3387 1786 3466">
     <span class='ocr_line' id='line_1_34' title="bbox 182 3387 1786 3466; baseline -0.002 -18"><span class='ocrx_word' id='word_1_240' title='bbox 182 3400 368 3466; x_wconf 83' lang='lat' dir='ltr'><strong>putent</strong></span> <span class='ocrx_word' id='word_1_241' title='bbox 387 3407 441 3446; x_wconf 87' lang='lat' dir='ltr'><strong>se</strong></span> <span class='ocrx_word' id='word_1_242' title='bbox 461 3390 678 3462; x_wconf 73' lang='lat' dir='ltr'><strong>officium</strong></span> <span class='ocrx_word' id='word_1_243' title='bbox 699 3391 867 3460; x_wconf 83' lang='lat' dir='ltr'><strong>facere</strong></span> <span class='ocrx_word' id='word_1_244' title='bbox 893 3387 1004 3442; x_wconf 90' lang='lat' dir='ltr'><strong>Deo</strong></span> <span class='ocrx_word' id='word_1_245' title='bbox 1028 3403 1047 3442; x_wconf 92' lang='lat'><strong><em>:</em></strong></span> <span class='ocrx_word' id='word_1_246' title='bbox 1067 3397 1159 3443; x_wconf 90' lang='lat' dir='ltr'><strong>aut</strong></span> <span class='ocrx_word' id='word_1_247' title='bbox 1186 3387 1325 3444; x_wconf 92' lang='lat' dir='ltr'><strong>sicut</strong></span> <span class='ocrx_word' id='word_1_248' title='bbox 1352 3396 1408 3443; x_wconf 92' lang='lat' dir='ltr'><strong>tu</strong></span> <span class='ocrx_word' id='word_1_249' title='bbox 1434 3388 1523 3445; x_wconf 90' lang='lat' dir='ltr'><strong>hic</strong></span> <span class='ocrx_word' id='word_1_250' title='bbox 1547 3389 1786 3444; x_wconf 89' lang='lat' dir='ltr'><strong>testimo-</strong></span> 
     </span>
    </p>
   </div>
   <div class='ocr_carea' id='block_1_35' title="bbox 183 3479 1784 3554">
    <p class='ocr_par' dir='ltr' id='par_1_35' title="bbox 183 3479 1784 3554">
     <span class='ocr_line' id='line_1_35' title="bbox 183 3479 1784 3554; baseline -0.004 -12"><span class='ocrx_word' id='word_1_251' title='bbox 183 3487 339 3542; x_wconf 89' lang='lat' dir='ltr'><strong>nium</strong></span> <span class='ocrx_word' id='word_1_252' title='bbox 360 3482 584 3554; x_wconf 87' lang='lat' dir='ltr'><strong>posuisti</strong></span> <span class='ocrx_word' id='word_1_253' title='bbox 607 3525 623 3550; x_wconf 91' lang='lat'><strong>,</strong></span> <span class='ocrx_word' id='word_1_254' title='bbox 657 3489 831 3552; x_wconf 86' lang='lat' dir='ltr'><strong>putent</strong></span> <span class='ocrx_word' id='word_1_255' title='bbox 850 3497 904 3536; x_wconf 87' lang='lat' dir='ltr'><strong>se</strong></span> <span class='ocrx_word' id='word_1_256' title='bbox 925 3479 1179 3534; x_wconf 83' lang='lat' dir='ltr'><strong>victimam</strong></span> <span class='ocrx_word' id='word_1_257' title='bbox 1207 3480 1333 3536; x_wconf 81' lang='lat' dir='ltr'><strong>dare</strong></span> <span class='ocrx_word' id='word_1_258' title='bbox 1362 3481 1491 3535; x_wconf 82' lang='lat' dir='ltr'><strong>Deo.</strong></span> <span class='ocrx_word' id='word_1_259' title='bbox 1521 3480 1637 3536; x_wconf 84' lang='lat' dir='ltr'><strong>Non</strong></span> <span class='ocrx_word' id='word_1_260' title='bbox 1665 3481 1784 3552; x_wconf 88' lang='lat' dir='ltr'><strong>qui-</strong></span> 
     </span>
    </p>
   </div>
   <div class='ocr_carea' id='block_1_36' title="bbox 184 3573 1786 3644">
    <p class='ocr_par' dir='ltr' id='par_1_36' title="bbox 184 3573 1786 3644">
     <span class='ocr_line' id='line_1_36' title="bbox 184 3573 1786 3644; baseline -0.003 -10"><span class='ocrx_word' id='word_1_261' title='bbox 184 3579 313 3634; x_wconf 90' lang='lat' dir='ltr'><strong>dem</strong></span> <span class='ocrx_word' id='word_1_262' title='bbox 340 3577 447 3633; x_wconf 88' lang='lat' dir='ltr'><strong>hoc</strong></span> <span class='ocrx_word' id='word_1_263' title='bbox 473 3590 594 3633; x_wconf 90' lang='lat' dir='ltr'><strong>esse</strong></span> <span class='ocrx_word' id='word_1_264' title='bbox 611 3574 812 3630; x_wconf 91' lang='lat' dir='ltr'><strong>dictum</strong></span> <span class='ocrx_word' id='word_1_265' title='bbox 833 3573 902 3629; x_wconf 89' lang='lat' dir='ltr'><strong>de</strong></span> <span class='ocrx_word' id='word_1_266' title='bbox 930 3573 1391 3644; x_wconf 90' lang='lat' dir='ltr'><strong>persecutionibus</strong></span> <span class='ocrx_word' id='word_1_267' title='bbox 1429 3587 1560 3644; x_wconf 87' lang='lat' dir='ltr'><strong>quas</strong></span> <span class='ocrx_word' id='word_1_268' title='bbox 1587 3573 1786 3630; x_wconf 90' lang='lat' dir='ltr'><strong>Gentes</strong></span> 
     </span>
    </p>
   </div>
   <div class='ocr_carea' id='block_1_37' title="bbox 184 3665 1786 3735">
    <p class='ocr_par' dir='ltr' id='par_1_37' title="bbox 184 3665 1786 3735">
     <span class='ocr_line' id='line_1_37' title="bbox 184 3665 1786 3735; baseline -0.006 -5"><span class='ocrx_word' id='word_1_269' title='bbox 184 3671 451 3730; x_wconf 62' lang='lat' dir='ltr'><strong>Ecclesiae</strong></span> <span class='ocrx_word' id='word_1_270' title='bbox 491 3669 762 3735; x_wconf 87' lang='lat' dir='ltr'><strong>fecerunt,</strong></span> <span class='ocrx_word' id='word_1_271' title='bbox 803 3666 1144 3723; x_wconf 86' lang='lat' dir='ltr'><strong>manifestum</strong></span> <span class='ocrx_word' id='word_1_272' title='bbox 1187 3673 1287 3722; x_wconf 89' lang='lat' dir='ltr'><strong>est.</strong></span> <span class='ocrx_word' id='word_1_273' title='bbox 1331 3666 1442 3722; x_wconf 91' lang='lat' dir='ltr'><strong>Diis</strong></span> <span class='ocrx_word' id='word_1_274' title='bbox 1487 3666 1629 3723; x_wconf 90' lang='lat' dir='ltr'><strong>enim</strong></span> <span class='ocrx_word' id='word_1_275' title='bbox 1674 3665 1786 3722; x_wconf 91' lang='lat' dir='ltr'><strong>suis</strong></span> 
     </span>
    </p>
   </div>
   <div class='ocr_carea' id='block_1_38' title="bbox 184 3757 1784 3837">
    <p class='ocr_par' dir='ltr' id='par_1_38' title="bbox 184 3757 1784 3837">
     <span class='ocr_line' id='line_1_38' title="bbox 184 3757 1784 3837; baseline -0.004 -16"><span class='ocrx_word' id='word_1_276' title='bbox 184 3764 440 3837; x_wconf 86' lang='lat' dir='ltr'><strong>plurimis</strong></span> <span class='ocrx_word' id='word_1_277' title='bbox 459 3804 474 3828; x_wconf 90' lang='lat'><strong>,</strong></span> <span class='ocrx_word' id='word_1_278' title='bbox 506 3761 595 3833; x_wconf 91' lang='lat' dir='ltr'><strong>qui</strong></span> <span class='ocrx_word' id='word_1_279' title='bbox 617 3761 801 3833; x_wconf 85' lang='lat' dir='ltr'><strong>utique</strong></span> <span class='ocrx_word' id='word_1_280' title='bbox 830 3775 936 3815; x_wconf 91' lang='lat' dir='ltr'><strong>non</strong></span> <span class='ocrx_word' id='word_1_281' title='bbox 965 3767 1108 3826; x_wconf 90' lang='lat' dir='ltr'><strong>sunt,</strong></span> <span class='ocrx_word' id='word_1_282' title='bbox 1137 3757 1532 3830; x_wconf 87' lang='lat' dir='ltr'><strong>deputaverunt</strong></span> <span class='ocrx_word' id='word_1_283' title='bbox 1555 3773 1614 3813; x_wconf 91' lang='lat' dir='ltr'><strong>se</strong></span> <span class='ocrx_word' id='word_1_284' title='bbox 1638 3758 1784 3814; x_wconf 89' lang='lat' dir='ltr'><strong>Gen-</strong></span> 
     </span>
    </p>
   </div>
   <div class='ocr_carea' id='block_1_39' title="bbox 184 3847 1788 3917">
    <p class='ocr_par' dir='ltr' id='par_1_39' title="bbox 184 3847 1788 3917">
     <span class='ocr_line' id='line_1_39' title="bbox 184 3847 1788 3917; baseline -0.004 -4"><span class='ocrx_word' id='word_1_285' title='bbox 184 3856 316 3913; x_wconf 89' lang='lat' dir='ltr'><strong>tiles</strong></span> <span class='ocrx_word' id='word_1_286' title='bbox 334 3853 569 3910; x_wconf 77' lang='lat' dir='ltr'><strong>oflicium</strong></span> <span class='ocrx_word' id='word_1_287' title='bbox 599 3852 794 3917; x_wconf 84' lang='lat' dir='ltr'><strong>facere,</strong></span> <span class='ocrx_word' id='word_1_288' title='bbox 823 3864 946 3905; x_wconf 92' lang='lat' dir='ltr'><strong>cum</strong></span> <span class='ocrx_word' id='word_1_289' title='bbox 970 3848 1073 3904; x_wconf 90' lang='lat' dir='ltr'><strong>hoc</strong></span> <span class='ocrx_word' id='word_1_290' title='bbox 1094 3847 1333 3904; x_wconf 82' lang='lat' dir='ltr'><strong>facerent</strong></span> <span class='ocrx_word' id='word_1_291' title='bbox 1354 3848 1444 3904; x_wconf 92' lang='lat' dir='ltr'><strong>uni</strong></span> <span class='ocrx_word' id='word_1_292' title='bbox 1475 3849 1604 3905; x_wconf 90' lang='lat' dir='ltr'><strong>Deo.</strong></span> <span class='ocrx_word' id='word_1_293' title='bbox 1635 3847 1788 3906; x_wconf 90' lang='lat' dir='ltr'><strong>Unde</strong></span> 
     </span>
    </p>
   </div>
   <div class='ocr_carea' id='block_1_40' title="bbox 186 3940 1789 4018">
    <p class='ocr_par' dir='ltr' id='par_1_40' title="bbox 186 3940 1789 4018">
     <span class='ocr_line' id='line_1_40' title="bbox 186 3940 1789 4018; baseline -0.006 -12"><span class='ocrx_word' id='word_1_294' title='bbox 186 3949 296 4006; x_wconf 86' lang='lat' dir='ltr'><strong>hoc</strong></span> <span class='ocrx_word' id='word_1_295' title='bbox 321 3947 462 4004; x_wconf 92' lang='lat' dir='ltr'><strong>idem</strong></span> <span class='ocrx_word' id='word_1_296' title='bbox 512 3945 652 4018; x_wconf 85' lang='lat' dir='ltr'><strong>quod</strong></span> <span class='ocrx_word' id='word_1_297' title='bbox 691 3944 951 4001; x_wconf 91' lang='lat' dir='ltr'><strong>Dominus</strong></span> <span class='ocrx_word' id='word_1_298' title='bbox 975 3941 1219 4014; x_wconf 67' lang='lat' dir='ltr'><strong>praedixit</strong></span> <span class='ocrx_word' id='word_1_299' title='bbox 1265 3940 1410 4006; x_wconf 91' lang='lat' dir='ltr'><strong>suis,</strong></span> <span class='ocrx_word' id='word_1_300' title='bbox 1440 3951 1530 3998; x_wconf 91' lang='lat' dir='ltr'><strong>aut</strong></span> <span class='ocrx_word' id='word_1_301' title='bbox 1573 3957 1670 4013; x_wconf 92' lang='lat' dir='ltr'><strong>per</strong></span> <span class='ocrx_word' id='word_1_302' title='bbox 1695 3941 1789 3998; x_wconf 84' lang='lat' dir='ltr'><strong>Ju-</strong></span> 
     </span>
    </p>
   </div>
   <div class='ocr_carea' id='block_1_41' title="bbox 187 4033 1788 4110">
    <p class='ocr_par' dir='ltr' id='par_1_41' title="bbox 187 4033 1788 4110">
     <span class='ocr_line' id='line_1_41' title="bbox 187 4033 1788 4110; baseline -0.006 -11"><span class='ocrx_word' id='word_1_303' title='bbox 187 4042 340 4098; x_wconf 65' lang='lat' dir='ltr'><strong>daaos</strong></span> <span class='ocrx_word' id='word_1_304' title='bbox 369 4038 646 4110; x_wconf 88' lang='lat' dir='ltr'><strong>impletum</strong></span> <span class='ocrx_word' id='word_1_305' title='bbox 675 4045 758 4094; x_wconf 89' lang='lat' dir='ltr'><strong>est</strong></span> <span class='ocrx_word' id='word_1_306' title='bbox 780 4078 794 4103; x_wconf 88' lang='lat'><strong>,</strong></span> <span class='ocrx_word' id='word_1_307' title='bbox 821 4036 911 4108; x_wconf 91' lang='lat' dir='ltr'><strong>qui</strong></span> <span class='ocrx_word' id='word_1_308' title='bbox 942 4043 1183 4091; x_wconf 92' lang='lat' dir='ltr'><strong>sanctum</strong></span> <span class='ocrx_word' id='word_1_309' title='bbox 1210 4033 1537 4105; x_wconf 90' lang='lat' dir='ltr'><strong>Stephanum</strong></span> <span class='ocrx_word' id='word_1_310' title='bbox 1565 4041 1620 4090; x_wconf 90' lang='lat' dir='ltr'><strong>et</strong></span> <span class='ocrx_word' id='word_1_311' title='bbox 1647 4035 1788 4090; x_wconf 87' lang='lat' dir='ltr'><strong>mul-</strong></span> 
     </span>
    </p>
   </div>
   <div class='ocr_carea' id='block_1_42' title="bbox 187 4125 1789 4197">
    <p class='ocr_par' dir='ltr' id='par_1_42' title="bbox 187 4125 1789 4197">
     <span class='ocr_line' id='line_1_42' title="bbox 187 4125 1789 4197; baseline -0.003 -9"><span class='ocrx_word' id='word_1_312' title='bbox 187 4141 280 4189; x_wconf 90' lang='lat' dir='ltr'><strong>tos</strong></span> <span class='ocrx_word' id='word_1_313' title='bbox 319 4131 455 4186; x_wconf 88' lang='lat' dir='ltr'><strong>alios</strong></span> <span class='ocrx_word' id='word_1_314' title='bbox 479 4128 822 4194; x_wconf 90' lang='lat' dir='ltr'><strong>occiderunt,</strong></span> <span class='ocrx_word' id='word_1_315' title='bbox 864 4126 991 4182; x_wconf 92' lang='lat' dir='ltr'><strong>dum</strong></span> <span class='ocrx_word' id='word_1_316' title='bbox 1029 4126 1286 4197; x_wconf 89' lang='lat' dir='ltr'><strong>putabant</strong></span> <span class='ocrx_word' id='word_1_317' title='bbox 1313 4141 1372 4181; x_wconf 91' lang='lat' dir='ltr'><strong>se</strong></span> <span class='ocrx_word' id='word_1_318' title='bbox 1400 4125 1634 4181; x_wconf 89' lang='lat' dir='ltr'><strong>ofﬁcium</strong></span> <span class='ocrx_word' id='word_1_319' title='bbox 1675 4126 1789 4183; x_wconf 93' lang='lat' dir='ltr'><strong>Deo</strong></span> 
     </span>
    </p>
   </div>
   <div class='ocr_carea' id='block_1_43' title="bbox 189 4215 1786 4292">
    <p class='ocr_par' dir='ltr' id='par_1_43' title="bbox 189 4215 1786 4292">
     <span class='ocr_line' id='line_1_43' title="bbox 189 4215 1786 4292; baseline -0.005 -12"><span class='ocrx_word' id='word_1_320' title='bbox 189 4223 392 4287; x_wconf 79' lang='lat' dir='ltr'><strong>facere,</strong></span> <span class='ocrx_word' id='word_1_321' title='bbox 411 4220 661 4292; x_wconf 88' lang='lat' dir='ltr'><strong>quoniam</strong></span> <span class='ocrx_word' id='word_1_322' title='bbox 679 4233 839 4274; x_wconf 90' lang='lat' dir='ltr'><strong>unum</strong></span> <span class='ocrx_word' id='word_1_323' title='bbox 859 4231 1046 4272; x_wconf 88' lang='lat' dir='ltr'><strong>verum</strong></span> <span class='ocrx_word' id='word_1_324' title='bbox 1060 4217 1227 4271; x_wconf 90' lang='lat' dir='ltr'><strong>Deum</strong></span> <span class='ocrx_word' id='word_1_325' title='bbox 1245 4216 1424 4271; x_wconf 91' lang='lat' dir='ltr'><strong>colere</strong></span> <span class='ocrx_word' id='word_1_326' title='bbox 1442 4215 1786 4272; x_wconf 88' lang='lat' dir='ltr'><strong>videbantur:</strong></span> 
     </span>
    </p>
   </div>
   <div class='ocr_carea' id='block_1_44' title="bbox 190 4307 1790 4381">
    <p class='ocr_par' dir='ltr' id='par_1_44' title="bbox 190 4307 1790 4381">
     <span class='ocr_line' id='line_1_44' title="bbox 190 4307 1790 4381; baseline -0.004 -8"><span class='ocrx_word' id='word_1_327' title='bbox 190 4325 288 4373; x_wconf 90' lang='lat' dir='ltr'><strong>aut</strong></span> <span class='ocrx_word' id='word_1_328' title='bbox 307 4315 470 4372; x_wconf 89' lang='lat' dir='ltr'><strong>etiam</strong></span> <span class='ocrx_word' id='word_1_329' title='bbox 490 4312 664 4381; x_wconf 88' lang='lat' dir='ltr'><strong>nobis,</strong></span> <span class='ocrx_word' id='word_1_330' title='bbox 686 4311 738 4367; x_wconf 88' lang='lat' dir='ltr'><strong>id</strong></span> <span class='ocrx_word' id='word_1_331' title='bbox 759 4318 840 4368; x_wconf 92' lang='lat' dir='ltr'><strong>est</strong></span> <span class='ocrx_word' id='word_1_332' title='bbox 859 4308 1150 4366; x_wconf 89' lang='lat' dir='ltr'><strong>Catholicis</strong></span> <span class='ocrx_word' id='word_1_333' title='bbox 1169 4309 1368 4364; x_wconf 91' lang='lat' dir='ltr'><strong>dictum</strong></span> <span class='ocrx_word' id='word_1_334' title='bbox 1386 4317 1468 4364; x_wconf 90' lang='lat' dir='ltr'><strong>est</strong></span> <span class='ocrx_word' id='word_1_335' title='bbox 1484 4308 1550 4364; x_wconf 90' lang='lat' dir='ltr'><strong>de</strong></span> <span class='ocrx_word' id='word_1_336' title='bbox 1563 4307 1790 4366; x_wconf 88' lang='lat' dir='ltr'><strong>diversis</strong></span> 
     </span>
    </p>
   </div>
   <div class='ocr_carea' id='block_1_45' title="bbox 192 4399 1792 4475">
    <p class='ocr_par' dir='ltr' id='par_1_45' title="bbox 192 4399 1792 4475">
     <span class='ocr_line' id='line_1_45' title="bbox 192 4399 1792 4475; baseline -0.004 -12"><span class='ocrx_word' id='word_1_337' title='bbox 192 4406 469 4464; x_wconf 75' lang='lat' dir='ltr'><strong>haareticis</strong></span> <span class='ocrx_word' id='word_1_338' title='bbox 496 4419 875 4475; x_wconf 89' lang='lat' dir='ltr'><strong>usquequaque</strong></span> <span class='ocrx_word' id='word_1_339' title='bbox 896 4401 1211 4468; x_wconf 88' lang='lat' dir='ltr'><strong>furentibus,</strong></span> <span class='ocrx_word' id='word_1_340' title='bbox 1229 4400 1318 4471; x_wconf 92' lang='lat' dir='ltr'><strong>qui</strong></span> <span class='ocrx_word' id='word_1_341' title='bbox 1350 4399 1436 4454; x_wconf 91' lang='lat' dir='ltr'><strong>ubi</strong></span> <span class='ocrx_word' id='word_1_342' title='bbox 1461 4407 1712 4470; x_wconf 88' lang='lat' dir='ltr'><strong>possunt,</strong></span> <span class='ocrx_word' id='word_1_343' title='bbox 1734 4409 1792 4456; x_wconf 89' lang='lat' dir='ltr'><strong>et</strong></span> 
     </span>
    </p>
   </div>
   <div class='ocr_carea' id='block_1_46' title="bbox 190 4489 1792 4570">
    <p class='ocr_par' dir='ltr' id='par_1_46' title="bbox 190 4489 1792 4570">
     <span class='ocr_line' id='line_1_46' title="bbox 190 4489 1792 4570; baseline -0.004 -17"><span class='ocrx_word' id='word_1_344' title='bbox 190 4496 414 4570; x_wconf 87' lang='lat' dir='ltr'><strong>quando</strong></span> <span class='ocrx_word' id='word_1_345' title='bbox 471 4502 721 4567; x_wconf 91' lang='lat' dir='ltr'><strong>possunt,</strong></span> <span class='ocrx_word' id='word_1_346' title='bbox 753 4503 808 4550; x_wconf 90' lang='lat' dir='ltr'><strong>et</strong></span> <span class='ocrx_word' id='word_1_347' title='bbox 827 4493 1094 4566; x_wconf 92' lang='lat' dir='ltr'><strong>quomodo</strong></span> <span class='ocrx_word' id='word_1_348' title='bbox 1114 4490 1664 4563; x_wconf 88' lang='lat' dir='ltr'><strong>possunt,occidendo</strong></span> <span class='ocrx_word' id='word_1_349' title='bbox 1689 4489 1792 4547; x_wconf 84' lang='lat' dir='ltr'><strong>Ca-</strong></span> 
     </span>
    </p>
   </div>
   <div class='ocr_carea' id='block_1_47' title="bbox 194 4584 1794 4658">
    <p class='ocr_par' dir='ltr' id='par_1_47' title="bbox 194 4584 1794 4658">
     <span class='ocr_line' id='line_1_47' title="bbox 194 4584 1794 4658; baseline -0.003 -12"><span class='ocrx_word' id='word_1_350' title='bbox 194 4590 450 4654; x_wconf 89' lang='lat' dir='ltr'><strong>tholicos,</strong></span> <span class='ocrx_word' id='word_1_351' title='bbox 477 4596 663 4658; x_wconf 91' lang='lat' dir='ltr'><strong>putant</strong></span> <span class='ocrx_word' id='word_1_352' title='bbox 682 4601 742 4642; x_wconf 90' lang='lat' dir='ltr'><strong>se</strong></span> <span class='ocrx_word' id='word_1_353' title='bbox 759 4585 995 4642; x_wconf 91' lang='lat' dir='ltr'><strong>ofﬁcium</strong></span> <span class='ocrx_word' id='word_1_354' title='bbox 1018 4585 1127 4642; x_wconf 91' lang='lat' dir='ltr'><strong>Deo</strong></span> <span class='ocrx_word' id='word_1_355' title='bbox 1145 4586 1318 4640; x_wconf 90' lang='lat' dir='ltr'><strong>facere</strong></span> <span class='ocrx_word' id='word_1_356' title='bbox 1337 4603 1351 4652; x_wconf 90' lang='lat'><strong>;</strong></span> <span class='ocrx_word' id='word_1_357' title='bbox 1370 4584 1707 4655; x_wconf 89' lang='lat' dir='ltr'><strong>maximeque</strong></span> <span class='ocrx_word' id='word_1_358' title='bbox 1725 4585 1794 4641; x_wconf 90' lang='lat' dir='ltr'><strong>de</strong></span> 
     </span>
    </p>
   </div>
   <div class='ocr_carea' id='block_1_48' title="bbox 196 4675 1793 4750">
    <p class='ocr_par' dir='ltr' id='par_1_48' title="bbox 196 4675 1793 4750">
     <span class='ocr_line' id='line_1_48' title="bbox 196 4675 1793 4750; baseline -0.004 -12"><span class='ocrx_word' id='word_1_359' title='bbox 196 4682 356 4738; x_wconf 88' lang='lat' dir='ltr'><strong>vobis</strong></span> <span class='ocrx_word' id='word_1_360' title='bbox 375 4721 390 4746; x_wconf 88' lang='lat'><strong>,</strong></span> <span class='ocrx_word' id='word_1_361' title='bbox 420 4679 510 4750; x_wconf 92' lang='lat' dir='ltr'><strong>qui</strong></span> <span class='ocrx_word' id='word_1_362' title='bbox 542 4679 869 4750; x_wconf 65' lang='lat' dir='ltr'><strong>praecipuum</strong></span> <span class='ocrx_word' id='word_1_363' title='bbox 890 4678 1043 4734; x_wconf 91' lang='lat' dir='ltr'><strong>vobis</strong></span> <span class='ocrx_word' id='word_1_364' title='bbox 1067 4692 1264 4733; x_wconf 90' lang='lat' dir='ltr'><strong>nomen</strong></span> <span class='ocrx_word' id='word_1_365' title='bbox 1289 4675 1494 4732; x_wconf 80' lang='lat' dir='ltr'><strong>fecistis</strong></span> <span class='ocrx_word' id='word_1_366' title='bbox 1519 4676 1574 4731; x_wconf 91' lang='lat' dir='ltr'><strong>in</strong></span> <span class='ocrx_word' id='word_1_367' title='bbox 1611 4675 1793 4732; x_wconf 84' lang='lat' dir='ltr'><strong>Africa</strong></span> 
     </span>
    </p>
   </div>
   <div class='ocr_carea' id='block_1_49' title="bbox 195 4767 1794 4836">
    <p class='ocr_par' dir='ltr' id='par_1_49' title="bbox 195 4767 1794 4836">
     <span class='ocr_line' id='line_1_49' title="bbox 195 4767 1794 4836; baseline -0.004 -6"><span class='ocrx_word' id='word_1_368' title='bbox 195 4774 266 4830; x_wconf 91' lang='lat' dir='ltr'><strong>de</strong></span> <span class='ocrx_word' id='word_1_369' title='bbox 291 4771 488 4828; x_wconf 90' lang='lat' dir='ltr'><strong>talibus</strong></span> <span class='ocrx_word' id='word_1_370' title='bbox 515 4770 762 4827; x_wconf 90' lang='lat' dir='ltr'><strong>victimis.</strong></span> <span class='ocrx_word' id='word_1_371' title='bbox 794 4768 926 4824; x_wconf 86' lang='lat' dir='ltr'><strong>Nam</strong></span> <span class='ocrx_word' id='word_1_372' title='bbox 953 4768 999 4824; x_wconf 90' lang='lat' dir='ltr'><strong>si</strong></span> <span class='ocrx_word' id='word_1_373' title='bbox 1036 4768 1189 4824; x_wconf 91' lang='lat' dir='ltr'><strong>vobis</strong></span> <span class='ocrx_word' id='word_1_374' title='bbox 1229 4767 1430 4822; x_wconf 91' lang='lat' dir='ltr'><strong>dictum</strong></span> <span class='ocrx_word' id='word_1_375' title='bbox 1468 4775 1652 4836; x_wconf 88' lang='lat' dir='ltr'><strong>esset,</strong></span> <span class='ocrx_word' id='word_1_376' title='bbox 1685 4783 1794 4824; x_wconf 93' lang='lat' dir='ltr'><strong>non</strong></span> 
     </span>
    </p>
   </div>
   <div class='ocr_carea' id='block_1_50' title="bbox 197 4860 1795 4936">
    <p class='ocr_par' dir='ltr' id='par_1_50' title="bbox 197 4860 1795 4936">
     <span class='ocr_line' id='line_1_50' title="bbox 197 4860 1795 4936; baseline -0.002 -14"><span class='ocrx_word' id='word_1_377' title='bbox 197 4867 384 4936; x_wconf 90' lang='lat' dir='ltr'><strong>utique</strong></span> <span class='ocrx_word' id='word_1_378' title='bbox 407 4877 504 4919; x_wconf 90' lang='lat' dir='ltr'><strong>vos</strong></span> <span class='ocrx_word' id='word_1_379' title='bbox 528 4863 628 4934; x_wconf 89' lang='lat' dir='ltr'><strong>ipsi</strong></span> <span class='ocrx_word' id='word_1_380' title='bbox 656 4861 972 4920; x_wconf 90' lang='lat' dir='ltr'><strong>occideretis</strong></span> <span class='ocrx_word' id='word_1_381' title='bbox 994 4902 1008 4928; x_wconf 91' lang='lat'><strong>,</strong></span> <span class='ocrx_word' id='word_1_382' title='bbox 1050 4860 1145 4917; x_wconf 91' lang='lat' dir='ltr'><strong>sed</strong></span> <span class='ocrx_word' id='word_1_383' title='bbox 1173 4860 1552 4931; x_wconf 84' lang='lat' dir='ltr'><strong>exspectaretis</strong></span> <span class='ocrx_word' id='word_1_384' title='bbox 1578 4876 1609 4916; x_wconf 91' lang='lat' dir='ltr'><strong>a</strong></span> <span class='ocrx_word' id='word_1_385' title='bbox 1639 4860 1795 4919; x_wconf 90' lang='lat' dir='ltr'><strong>nobis</strong></span> 
     </span>
    </p>
   </div>
   <div class='ocr_carea' id='block_1_51' title="bbox 201 4952 1794 5029">
    <p class='ocr_par' dir='ltr' id='par_1_51' title="bbox 201 4952 1794 5029">
     <span class='ocr_line' id='line_1_51' title="bbox 201 4952 1794 5029; baseline -0.002 -15"><span class='ocrx_word' id='word_1_386' title='bbox 201 4959 382 5029; x_wconf 89' lang='lat' dir='ltr'><strong>potius</strong></span> <span class='ocrx_word' id='word_1_387' title='bbox 404 4954 606 5023; x_wconf 90' lang='lat' dir='ltr'><strong>occidi,</strong></span> <span class='ocrx_word' id='word_1_388' title='bbox 638 4955 728 5025; x_wconf 89' lang='lat' dir='ltr'><strong>qui</strong></span> <span class='ocrx_word' id='word_1_389' title='bbox 770 4963 1019 5025; x_wconf 90' lang='lat' dir='ltr'><strong>putamus</strong></span> <span class='ocrx_word' id='word_1_390' title='bbox 1063 4966 1197 5020; x_wconf 90' lang='lat' dir='ltr'><strong>nos,</strong></span> <span class='ocrx_word' id='word_1_391' title='bbox 1227 4961 1287 5008; x_wconf 87' lang='lat' dir='ltr'><strong>ut</strong></span> <span class='ocrx_word' id='word_1_392' title='bbox 1324 4952 1500 5009; x_wconf 90' lang='lat' dir='ltr'><strong>dicitis</strong></span> <span class='ocrx_word' id='word_1_393' title='bbox 1523 4995 1539 5020; x_wconf 87' lang='lat'><strong>,</strong></span> <span class='ocrx_word' id='word_1_394' title='bbox 1570 4969 1689 5010; x_wconf 91' lang='lat' dir='ltr'><strong>cum</strong></span> <span class='ocrx_word' id='word_1_395' title='bbox 1739 4955 1794 5011; x_wconf 93' lang='lat' dir='ltr'><strong>id</strong></span> 
     </span>
    </p>
   </div>
   <div class='ocr_carea' id='block_1_52' title="bbox 200 5045 1795 5115">
    <p class='ocr_par' dir='ltr' id='par_1_52' title="bbox 200 5045 1795 5115">
     <span class='ocr_line' id='line_1_52' title="bbox 200 5045 1795 5115; baseline -0.001 -9"><span class='ocrx_word' id='word_1_396' title='bbox 200 5050 374 5106; x_wconf 87' lang='lat' dir='ltr'><strong>facitis</strong></span> <span class='ocrx_word' id='word_1_397' title='bbox 397 5091 414 5115; x_wconf 94' lang='lat'><strong>,</strong></span> <span class='ocrx_word' id='word_1_398' title='bbox 444 5047 680 5104; x_wconf 90' lang='lat' dir='ltr'><strong>ofﬁcium</strong></span> <span class='ocrx_word' id='word_1_399' title='bbox 717 5048 829 5104; x_wconf 91' lang='lat' dir='ltr'><strong>Deo</strong></span> <span class='ocrx_word' id='word_1_400' title='bbox 869 5045 1064 5103; x_wconf 87' lang='lat' dir='ltr'><strong>facere.</strong></span> <span class='ocrx_word' id='word_1_401' title='bbox 1107 5045 1260 5102; x_wconf 86' lang='lat' dir='ltr'><strong>Nunc</strong></span> <span class='ocrx_word' id='word_1_402' title='bbox 1311 5061 1440 5103; x_wconf 91' lang='lat' dir='ltr'><strong>vero</strong></span> <span class='ocrx_word' id='word_1_403' title='bbox 1477 5062 1598 5103; x_wconf 93' lang='lat' dir='ltr'><strong>cum</strong></span> <span class='ocrx_word' id='word_1_404' title='bbox 1641 5047 1795 5105; x_wconf 88' lang='lat' dir='ltr'><strong>festi-</strong></span> 
     </span>
    </p>
   </div>
   <div class='ocr_carea' id='block_1_53' title="bbox 203 5139 1796 5206">
    <p class='ocr_par' dir='ltr' id='par_1_53' title="bbox 203 5139 1796 5206">
     <span class='ocr_line' id='line_1_53' title="bbox 203 5139 1796 5206; baseline 0.002 -9"><span class='ocrx_word' id='word_1_405' title='bbox 203 5143 344 5198; x_wconf 88' lang='lat' dir='ltr'><strong>natis</strong></span> <span class='ocrx_word' id='word_1_406' title='bbox 371 5141 440 5197; x_wconf 89' lang='lat' dir='ltr'><strong>ad</strong></span> <span class='ocrx_word' id='word_1_407' title='bbox 465 5150 723 5206; x_wconf 90' lang='lat' dir='ltr'><strong>mortem,</strong></span> <span class='ocrx_word' id='word_1_408' title='bbox 752 5156 820 5196; x_wconf 90' lang='lat' dir='ltr'><strong>ne</strong></span> <span class='ocrx_word' id='word_1_409' title='bbox 845 5155 876 5194; x_wconf 91' lang='lat' dir='ltr'><strong>a</strong></span> <span class='ocrx_word' id='word_1_410' title='bbox 904 5139 1103 5196; x_wconf 91' lang='lat' dir='ltr'><strong>nostris</strong></span> <span class='ocrx_word' id='word_1_411' title='bbox 1128 5141 1446 5206; x_wconf 87' lang='lat' dir='ltr'><strong>teneamini;</strong></span> <span class='ocrx_word' id='word_1_412' title='bbox 1479 5141 1657 5200; x_wconf 90' lang='lat' dir='ltr'><strong>vivere</strong></span> <span class='ocrx_word' id='word_1_413' title='bbox 1680 5158 1796 5200; x_wconf 89' lang='lat' dir='ltr'><strong>me-</strong></span> 
     </span>
    </p>
   </div>
   <div class='ocr_carea' id='block_1_54' title="bbox 205 5231 1797 5304">
    <p class='ocr_par' dir='ltr' id='par_1_54' title="bbox 205 5231 1797 5304">
     <span class='ocr_line' id='line_1_54' title="bbox 205 5231 1797 5304; baseline 0.003 -15"><span class='ocrx_word' id='word_1_414' title='bbox 205 5235 406 5290; x_wconf 91' lang='lat' dir='ltr'><strong>tuimus</strong></span> <span class='ocrx_word' id='word_1_415' title='bbox 428 5275 442 5299; x_wconf 94' lang='lat'><strong>,</strong></span> <span class='ocrx_word' id='word_1_416' title='bbox 473 5248 580 5288; x_wconf 91' lang='lat' dir='ltr'><strong>non</strong></span> <span class='ocrx_word' id='word_1_417' title='bbox 624 5231 828 5300; x_wconf 88' lang='lat' dir='ltr'><strong>occidi;</strong></span> <span class='ocrx_word' id='word_1_418' title='bbox 870 5232 993 5303; x_wconf 88' lang='lat' dir='ltr'><strong>quia</strong></span> <span class='ocrx_word' id='word_1_419' title='bbox 1019 5231 1332 5288; x_wconf 87' lang='lat' dir='ltr'><strong>erubescitis</strong></span> <span class='ocrx_word' id='word_1_420' title='bbox 1361 5233 1581 5304; x_wconf 85' lang='lat' dir='ltr'><strong>corrigi,</strong></span> <span class='ocrx_word' id='word_1_421' title='bbox 1608 5243 1700 5291; x_wconf 89' lang='lat' dir='ltr'><strong>aut</strong></span> <span class='ocrx_word' id='word_1_422' title='bbox 1727 5236 1797 5293; x_wconf 88' lang='lat' dir='ltr'><strong>de</strong></span> 
     </span>
    </p>
   </div>
   <div class='ocr_carea' id='block_1_55' title="bbox 201 5324 1798 5397">
    <p class='ocr_par' dir='ltr' id='par_1_55' title="bbox 201 5324 1798 5397">
     <span class='ocr_line' id='line_1_55' title="bbox 201 5324 1798 5397; baseline 0.001 -15"><span class='ocrx_word' id='word_1_423' title='bbox 201 5336 386 5385; x_wconf 91' lang='lat' dir='ltr'><strong>vestro</strong></span> <span class='ocrx_word' id='word_1_424' title='bbox 413 5325 659 5381; x_wconf 88' lang='lat' dir='ltr'><strong>convinci</strong></span> <span class='ocrx_word' id='word_1_425' title='bbox 683 5327 701 5358; x_wconf 75' lang='grc' dir='ltr'>ί</span> <span class='ocrx_word' id='word_1_426' title='bbox 735 5365 750 5379; x_wconf 91' lang='grc'><strong>.</strong></span> <span class='ocrx_word' id='word_1_427' title='bbox 783 5326 868 5381; x_wconf 88' lang='lat' dir='ltr'><strong>An</strong></span> <span class='ocrx_word' id='word_1_428' title='bbox 893 5324 1030 5382; x_wconf 85' lang='lat' dir='ltr'><strong>forte</strong></span> <span class='ocrx_word' id='word_1_429' title='bbox 1055 5339 1152 5381; x_wconf 90' lang='lat' dir='ltr'><strong>vos</strong></span> <span class='ocrx_word' id='word_1_430' title='bbox 1177 5325 1307 5381; x_wconf 90' lang='lat' dir='ltr'><strong>estis</strong></span> <span class='ocrx_word' id='word_1_431' title='bbox 1333 5325 1400 5381; x_wconf 90' lang='lat' dir='ltr'><strong>ad</strong></span> <span class='ocrx_word' id='word_1_432' title='bbox 1428 5341 1563 5397; x_wconf 93' lang='lat' dir='ltr'><strong>quos</strong></span> <span class='ocrx_word' id='word_1_433' title='bbox 1588 5336 1798 5385; x_wconf 84' lang='lat' dir='ltr'><strong>utrum-</strong></span> 
     </span>
    </p>
   </div>
   <div class='ocr_carea' id='block_1_56' title="bbox 201 5417 1792 5493">
    <p class='ocr_par' dir='ltr' id='par_1_56' title="bbox 201 5417 1792 5493">
     <span class='ocr_line' id='line_1_56' title="bbox 201 5417 1792 5493; baseline 0.002 -18"><span class='ocrx_word' id='word_1_434' title='bbox 201 5435 309 5493; x_wconf 85' lang='lat' dir='ltr'><strong>que</strong></span> <span class='ocrx_word' id='word_1_435' title='bbox 349 5420 647 5489; x_wconf 89' lang='lat' dir='ltr'><strong>pertineat,</strong></span> <span class='ocrx_word' id='word_1_436' title='bbox 678 5418 800 5491; x_wconf 91' lang='lat' dir='ltr'><strong>quia</strong></span> <span class='ocrx_word' id='word_1_437' title='bbox 840 5433 961 5474; x_wconf 91' lang='lat' dir='ltr'><strong>cum</strong></span> <span class='ocrx_word' id='word_1_438' title='bbox 991 5417 1292 5475; x_wconf 87' lang='lat' dir='ltr'><strong>occidimini</strong></span> <span class='ocrx_word' id='word_1_439' title='bbox 1334 5427 1389 5474; x_wconf 90' lang='lat' dir='ltr'><strong>et</strong></span> <span class='ocrx_word' id='word_1_440' title='bbox 1417 5434 1511 5476; x_wconf 91' lang='lat' dir='ltr'><strong>vos</strong></span> <span class='ocrx_word' id='word_1_441' title='bbox 1544 5436 1574 5476; x_wconf 89' lang='lat' dir='ltr'><strong>a</strong></span> <span class='ocrx_word' id='word_1_442' title='bbox 1604 5421 1753 5478; x_wconf 80' lang='lat' dir='ltr'><strong>vobis</strong></span> <span class='ocrx_word' id='word_1_443' title='bbox 1776 5464 1792 5490; x_wconf 91' lang='lat'><strong>,</strong></span> 
     </span>
    </p>
   </div>
   <div class='ocr_carea' id='block_1_57' title="bbox 203 5512 1796 5588">
    <p class='ocr_par' dir='ltr' id='par_1_57' title="bbox 203 5512 1796 5588">
     <span class='ocr_line' id='line_1_57' title="bbox 203 5512 1796 5588; baseline 0.001 -17"><span class='ocrx_word' id='word_1_444' title='bbox 203 5515 406 5588; x_wconf 87' lang='lat' dir='ltr'><strong>putatis</strong></span> <span class='ocrx_word' id='word_1_445' title='bbox 430 5529 528 5570; x_wconf 89' lang='lat' dir='ltr'><strong>vos</strong></span> <span class='ocrx_word' id='word_1_446' title='bbox 550 5512 782 5570; x_wconf 80' lang='lat' dir='ltr'><strong>ofﬁcium</strong></span> <span class='ocrx_word' id='word_1_447' title='bbox 811 5514 924 5569; x_wconf 91' lang='lat' dir='ltr'><strong>Deo</strong></span> <span class='ocrx_word' id='word_1_448' title='bbox 950 5514 1123 5570; x_wconf 86' lang='lat' dir='ltr'><strong>facere</strong></span> <span class='ocrx_word' id='word_1_449' title='bbox 1141 5556 1155 5580; x_wconf 92' lang='lat'><strong>,</strong></span> <span class='ocrx_word' id='word_1_450' title='bbox 1180 5521 1236 5569; x_wconf 90' lang='lat' dir='ltr'><strong>et</strong></span> <span class='ocrx_word' id='word_1_451' title='bbox 1265 5513 1361 5570; x_wconf 90' lang='lat' dir='ltr'><strong>has</strong></span> <span class='ocrx_word' id='word_1_452' title='bbox 1381 5515 1430 5570; x_wconf 93' lang='lat' dir='ltr'><strong>ei</strong></span> <span class='ocrx_word' id='word_1_453' title='bbox 1460 5515 1702 5571; x_wconf 88' lang='lat' dir='ltr'><strong>victimas</strong></span> <span class='ocrx_word' id='word_1_454' title='bbox 1727 5515 1796 5573; x_wconf 92' lang='lat' dir='ltr'><strong>de</strong></span> 
     </span>
    </p>
   </div>
   <div class='ocr_carea' id='block_1_58' title="bbox 201 5607 1794 5680">
    <p class='ocr_par' dir='ltr' id='par_1_58' title="bbox 201 5607 1794 5680">
     <span class='ocr_line' id='line_1_58' title="bbox 201 5607 1794 5680; baseline -0.001 -13"><span class='ocrx_word' id='word_1_455' title='bbox 201 5611 359 5667; x_wconf 90' lang='lat' dir='ltr'><strong>vobis</strong></span> <span class='ocrx_word' id='word_1_456' title='bbox 383 5608 549 5665; x_wconf 79' lang='lat' dir='ltr'><strong>dare?</strong></span> <span class='ocrx_word' id='word_1_457' title='bbox 574 5607 656 5664; x_wconf 87' lang='lat' dir='ltr'><strong>Ad</strong></span> <span class='ocrx_word' id='word_1_458' title='bbox 685 5623 780 5665; x_wconf 90' lang='lat' dir='ltr'><strong>vos</strong></span> <span class='ocrx_word' id='word_1_459' title='bbox 809 5623 938 5679; x_wconf 88' lang='lat' dir='ltr'><strong>ergo</strong></span> <span class='ocrx_word' id='word_1_460' title='bbox 966 5608 1202 5679; x_wconf 89' lang='lat' dir='ltr'><strong>pertinet</strong></span> <span class='ocrx_word' id='word_1_461' title='bbox 1229 5608 1371 5680; x_wconf 91' lang='lat' dir='ltr'><strong>quod</strong></span> <span class='ocrx_word' id='word_1_462' title='bbox 1397 5609 1638 5680; x_wconf 89' lang='lat' dir='ltr'><strong>sequitur</strong></span> <span class='ocrx_word' id='word_1_463' title='bbox 1662 5651 1678 5678; x_wconf 91' lang='lat'><strong>,</strong></span> <span class='ocrx_word' id='word_1_464' title='bbox 1709 5619 1794 5666; x_wconf 91' lang='lat' dir='ltr'><strong>at-</strong></span> 
     </span>
    </p>
   </div>
   <div class='ocr_carea' id='block_1_59' title="bbox 267 5762 1795 5826">
    <p class='ocr_par' dir='ltr' id='par_1_59' title="bbox 267 5762 1795 5826">
     <span class='ocr_line' id='line_1_59' title="bbox 267 5762 1795 5826; baseline 0.003 -13"><span class='ocrx_word' id='word_1_465' title='bbox 267 5765 285 5797; x_wconf 78' lang='grc' dir='ltr'><strong>ι</strong></span> <span class='ocrx_word' id='word_1_466' title='bbox 321 5765 396 5814; x_wconf 87' lang='lat' dir='ltr'><strong>sic</strong></span> <span class='ocrx_word' id='word_1_467' title='bbox 416 5765 467 5813; x_wconf 90' lang='lat' dir='ltr'><strong>in</strong></span> <span class='ocrx_word' id='word_1_468' title='bbox 506 5763 671 5826; x_wconf 82' lang='lat' dir='ltr'><strong>primis</strong></span> <span class='ocrx_word' id='word_1_469' title='bbox 693 5762 1003 5826; x_wconf 85' lang='lat' dir='ltr'><strong>editionibns.</strong></span> <span class='ocrx_word' id='word_1_470' title='bbox 1030 5768 1085 5812; x_wconf 79' lang='lat' dir='ltr'><strong>At</strong></span> <span class='ocrx_word' id='word_1_471' title='bbox 1107 5765 1159 5826; x_wconf 86' lang='lat' dir='ltr'><strong>in</strong></span> <span class='ocrx_word' id='word_1_472' title='bbox 1179 5767 1528 5826; x_wconf 81' lang='lat' dir='ltr'><strong>posterioribus</strong></span> <span class='ocrx_word' id='word_1_473' title='bbox 1551 5765 1682 5817; x_wconf 88' lang='lat' dir='ltr'><strong>nulla</strong></span> <span class='ocrx_word' id='word_1_474' title='bbox 1704 5780 1795 5818; x_wconf 87' lang='lat' dir='ltr'><strong>ne-</strong></span> 
     </span>
    </p>
   </div>
   <div class='ocr_carea' id='block_1_60' title="bbox 201 5824 1254 5894">
    <p class='ocr_par' dir='ltr' id='par_1_60' title="bbox 201 5824 1254 5894">
     <span class='ocr_line' id='line_1_60' title="bbox 201 5824 1254 5894; baseline 0.001 -16"><span class='ocrx_word' id='word_1_475' title='bbox 201 5827 438 5885; x_wconf 79' lang='lat' dir='ltr'><strong>cessitate</strong></span> <span class='ocrx_word' id='word_1_476' title='bbox 467 5824 796 5894; x_wconf 74' lang='lat' dir='ltr'><strong>cmendatum,</strong></span> <span class='ocrx_word' id='word_1_477' title='bbox 821 5825 881 5880; x_wconf 85' lang='lat' dir='ltr'><strong>de</strong></span> <span class='ocrx_word' id='word_1_478' title='bbox 899 5825 1009 5878; x_wconf 79' lang='lat' dir='ltr'><strong>vitio</strong></span> <span class='ocrx_word' id='word_1_479' title='bbox 1026 5824 1254 5883; x_wconf 73' lang='lat' dir='ltr'><strong>convinci.</strong></span> 
     </span>
    </p>
   </div>
   <div class='ocr_carea' id='block_1_61' title="bbox 1564 303 2071 366">
    <p class='ocr_par' dir='ltr' id='par_1_61' title="bbox 1564 303 2071 366">
     <span class='ocr_line' id='line_1_61' title="bbox 1564 303 2071 366; baseline -0.004 -1"><span class='ocrx_word' id='word_1_480' title='bbox 1564 304 1766 366; x_wconf 82' lang='lat' dir='ltr'><strong>LIBER</strong></span> <span class='ocrx_word' id='word_1_481' title='bbox 1798 303 2071 364; x_wconf 80' lang='lat' dir='ltr'><strong>PRIMUS.</strong></span> 
     </span>
    </p>
   </div>
   <div class='ocr_carea' id='block_1_62' title="bbox 1863 425 3462 499">
    <p class='ocr_par' dir='ltr' id='par_1_62' title="bbox 1863 425 3462 499">
     <span class='ocr_line' id='line_1_62' title="bbox 1863 425 3462 499; baseline 0.012 -19"><span class='ocrx_word' id='word_1_482' title='bbox 1863 439 1968 497; x_wconf 91' lang='lat' dir='ltr'><strong>que</strong></span> <span class='ocrx_word' id='word_1_483' title='bbox 2009 425 2104 482; x_wconf 91' lang='lat' dir='ltr'><strong>abs</strong></span> <span class='ocrx_word' id='word_1_484' title='bbox 2150 432 2204 484; x_wconf 88' lang='lat' dir='ltr'><strong>te</strong></span> <span class='ocrx_word' id='word_1_485' title='bbox 2254 432 2732 485; x_wconf 85' lang='lat' dir='ltr'><strong>commemoratum</strong></span> <span class='ocrx_word' id='word_1_486' title='bbox 2785 442 2882 488; x_wconf 83' lang='lat' dir='ltr'><strong>est.</strong></span> <span class='ocrx_word' id='word_1_487' title='bbox 2932 436 3052 498; x_wconf 84' lang='lat' dir='ltr'><strong>Mox</strong></span> <span class='ocrx_word' id='word_1_488' title='bbox 3087 438 3233 497; x_wconf 90' lang='lat' dir='ltr'><strong>enim</strong></span> <span class='ocrx_word' id='word_1_489' title='bbox 3274 441 3462 499; x_wconf 87' lang='lat' dir='ltr'><strong>Domi-</strong></span> 
     </span>
    </p>
   </div>
   <div class='ocr_carea' id='block_1_63' title="bbox 1864 518 3456 608">
    <p class='ocr_par' dir='ltr' id='par_1_63' title="bbox 1864 518 3456 608">
     <span class='ocr_line' id='line_1_63' title="bbox 1864 518 3456 608; baseline 0.009 -34"><span class='ocrx_word' id='word_1_490' title='bbox 1864 534 1967 576; x_wconf 91' lang='lat' dir='ltr'><strong>nus</strong></span> <span class='ocrx_word' id='word_1_491' title='bbox 1989 518 2231 591; x_wconf 82' lang='lat' dir='ltr'><strong>adjunxit</strong></span> <span class='ocrx_word' id='word_1_492' title='bbox 2252 563 2268 590; x_wconf 90' lang='lat'><strong>,</strong></span> <span class='ocrx_word' id='word_1_493' title='bbox 2295 529 2351 577; x_wconf 89' lang='lat' dir='ltr'><strong>et</strong></span> <span class='ocrx_word' id='word_1_494' title='bbox 2377 522 2487 589; x_wconf 85' lang='lat' dir='ltr'><strong>ait,</strong></span> <span class='ocrx_word' id='word_1_495' title='bbox 2517 521 2623 579; x_wconf 86' lang='lat' dir='ltr'><strong>Sed</strong></span> <span class='ocrx_word' id='word_1_496' title='bbox 2647 522 2756 579; x_wconf 64' lang='lat' dir='ltr'><strong>hac</strong></span> <span class='ocrx_word' id='word_1_497' title='bbox 2789 525 2980 596; x_wconf 80' lang='lat' dir='ltr'><strong>facient</strong></span> <span class='ocrx_word' id='word_1_498' title='bbox 3007 533 3171 603; x_wconf 72' lang='lat' dir='ltr'><strong>vobis,</strong></span> <span class='ocrx_word' id='word_1_499' title='bbox 3201 536 3321 608; x_wconf 80' lang='lat' dir='ltr'><strong>quia</strong></span> <span class='ocrx_word' id='word_1_500' title='bbox 3350 553 3456 593; x_wconf 79' lang='lat' dir='ltr'><strong>non</strong></span> 
     </span>
    </p>
   </div>
   <div class='ocr_carea' id='block_1_64' title="bbox 1865 611 3494 700">
    <p class='ocr_par' dir='ltr' id='par_1_64' title="bbox 1865 611 3494 700">
     <span class='ocr_line' id='line_1_64' title="bbox 1865 611 3494 700; baseline 0.012 -33"><span class='ocrx_word' id='word_1_501' title='bbox 1865 621 2200 684; x_wconf 84' lang='lat' dir='ltr'><strong>cognoverunt</strong></span> <span class='ocrx_word' id='word_1_502' title='bbox 2244 611 2453 670; x_wconf 84' lang='lat' dir='ltr'><strong>Patrem</strong></span> <span class='ocrx_word' id='word_1_503' title='bbox 2500 631 2658 686; x_wconf 89' lang='lat' dir='ltr'><strong>neque</strong></span> <span class='ocrx_word' id='word_1_504' title='bbox 2700 632 2781 671; x_wconf 87' lang='lat' dir='ltr'><strong>me</strong></span> <span class='ocrx_word' id='word_1_505' title='bbox 2837 617 3027 689; x_wconf 79' lang='lat' dir='ltr'><strong>(Joan.</strong></span> <span class='ocrx_word' id='word_1_506' title='bbox 3080 636 3204 689; x_wconf 79' lang='lat' dir='ltr'><strong>xvr,</strong></span> <span class='ocrx_word' id='word_1_507' title='bbox 3235 628 3308 690; x_wconf 73' lang='lat'><strong>2,</strong></span> <span class='ocrx_word' id='word_1_508' title='bbox 3351 628 3454 700; x_wconf 76' lang='lat'><strong>5).</strong></span> <span class='ocrx_word' id='word_1_509' title='bbox 3488 689 3494 696; x_wconf 63' lang='grc'><em>,</em></span> 
     </span>
    </p>
   </div>
   <div class='ocr_carea' id='block_1_65' title="bbox 1865 705 3491 781">
    <p class='ocr_par' dir='ltr' id='par_1_65' title="bbox 1865 705 3491 781">
     <span class='ocr_line' id='line_1_65' title="bbox 1865 705 3491 781; baseline 0.006 -17"><span class='ocrx_word' id='word_1_510' title='bbox 1865 705 1999 764; x_wconf 90' lang='lat' dir='ltr'><strong>Cum</strong></span> <span class='ocrx_word' id='word_1_511' title='bbox 2027 707 2206 779; x_wconf 89' lang='lat' dir='ltr'><strong>itaque</strong></span> <span class='ocrx_word' id='word_1_512' title='bbox 2228 722 2326 763; x_wconf 90' lang='lat' dir='ltr'><strong>vos</strong></span> <span class='ocrx_word' id='word_1_513' title='bbox 2350 708 2497 779; x_wconf 90' lang='lat' dir='ltr'><strong>ipsos</strong></span> <span class='ocrx_word' id='word_1_514' title='bbox 2525 707 2788 777; x_wconf 90' lang='lat' dir='ltr'><strong>occiditis,</strong></span> <span class='ocrx_word' id='word_1_515' title='bbox 2819 719 3069 781; x_wconf 89' lang='lat' dir='ltr'><strong>putantes</strong></span> <span class='ocrx_word' id='word_1_516' title='bbox 3096 727 3194 770; x_wconf 90' lang='lat' dir='ltr'><strong>vos</strong></span> <span class='ocrx_word' id='word_1_517' title='bbox 3221 706 3491 775; x_wconf 37' lang='lat' dir='ltr'><strong>ofﬁcium.</strong></span> 
     </span>
    </p>
   </div>
   <div class='ocr_carea' id='block_1_66' title="bbox 1869 799 3461 877">
    <p class='ocr_par' dir='ltr' id='par_1_66' title="bbox 1869 799 3461 877">
     <span class='ocr_line' id='line_1_66' title="bbox 1869 799 3461 877; baseline 0.008 -21"><span class='ocrx_word' id='word_1_518' title='bbox 1869 799 1982 856; x_wconf 90' lang='lat' dir='ltr'><strong>Deo</strong></span> <span class='ocrx_word' id='word_1_519' title='bbox 2008 799 2182 856; x_wconf 85' lang='lat' dir='ltr'><strong>facere</strong></span> <span class='ocrx_word' id='word_1_520' title='bbox 2203 841 2219 868; x_wconf 88' lang='lat'><strong>,</strong></span> <span class='ocrx_word' id='word_1_521' title='bbox 2250 814 2351 856; x_wconf 89' lang='lat' dir='ltr'><strong>nec</strong></span> <span class='ocrx_word' id='word_1_522' title='bbox 2375 800 2588 858; x_wconf 86' lang='lat' dir='ltr'><strong>Patrem</strong></span> <span class='ocrx_word' id='word_1_523' title='bbox 2616 802 2946 874; x_wconf 89' lang='lat' dir='ltr'><strong>cognovistis</strong></span> <span class='ocrx_word' id='word_1_524' title='bbox 2964 844 2980 872; x_wconf 92' lang='lat'><strong>,</strong></span> <span class='ocrx_word' id='word_1_525' title='bbox 3025 820 3184 877; x_wconf 88' lang='lat' dir='ltr'><strong>quem</strong></span> <span class='ocrx_word' id='word_1_526' title='bbox 3228 823 3336 865; x_wconf 91' lang='lat' dir='ltr'><strong>non</strong></span> <span class='ocrx_word' id='word_1_527' title='bbox 3365 825 3461 868; x_wconf 54' lang='lat' dir='ltr'><strong>au-</strong></span> 
     </span>
    </p>
   </div>
   <div class='ocr_carea' id='block_1_67' title="bbox 1867 890 3489 965">
    <p class='ocr_par' dir='ltr' id='par_1_67' title="bbox 1867 890 3489 965">
     <span class='ocr_line' id='line_1_67' title="bbox 1867 890 3489 965; baseline 0.005 -18"><span class='ocrx_word' id='word_1_528' title='bbox 1867 891 2022 948; x_wconf 91' lang='lat' dir='ltr'><strong>distis</strong></span> <span class='ocrx_word' id='word_1_529' title='bbox 2043 891 2306 947; x_wconf 88' lang='lat' dir='ltr'><strong>dicentem</strong></span> <span class='ocrx_word' id='word_1_530' title='bbox 2326 931 2342 958; x_wconf 93' lang='lat'><strong>,</strong></span> <span class='ocrx_word' id='word_1_531' title='bbox 2371 890 2560 965; x_wconf 79' lang='lat' dir='ltr'><strong>Fugite</strong></span> <span class='ocrx_word' id='word_1_532' title='bbox 2585 893 2603 924; x_wconf 75' lang='grc' dir='ltr'>ί</span> <span class='ocrx_word' id='word_1_533' title='bbox 2637 933 2653 948; x_wconf 94' lang='grc'><strong>.</strong></span> <span class='ocrx_word' id='word_1_534' title='bbox 3476 899 3489 955; x_wconf 73' lang='grc' dir='ltr'><em>ἑ</em></span> 
     </span>
    </p>
   </div>
   <div class='ocr_carea' id='block_1_68' title="bbox 1941 982 3465 1058">
    <p class='ocr_par' dir='ltr' id='par_1_68' title="bbox 1941 982 3465 1058">
     <span class='ocr_line' id='line_1_68' title="bbox 1941 982 3465 1058; baseline 0.005 -18"><span class='ocrx_word' id='word_1_535' title='bbox 1941 983 2165 1042; x_wconf 84' lang='lat' dir='ltr'><strong>CAPUT</strong></span> <span class='ocrx_word' id='word_1_536' title='bbox 2194 982 2384 1039; x_wconf 80' lang='lat' dir='ltr'><strong>XXIV.</strong></span> <span class='ocrx_word' id='word_1_537' title='bbox 2411 1015 2483 1024; x_wconf 90' lang='lat'><strong>——</strong></span> <span class='ocrx_word' id='word_1_538' title='bbox 2504 985 2594 1039; x_wconf 75' lang='lat'><strong>27.</strong></span> <span class='ocrx_word' id='word_1_539' title='bbox 2628 984 2803 1042; x_wconf 79' lang='lat' dir='ltr'><strong>Verba</strong></span> <span class='ocrx_word' id='word_1_540' title='bbox 2845 986 3098 1058; x_wconf 59' lang='lat' dir='ltr'><strong>Epistolas</strong></span> <span class='ocrx_word' id='word_1_541' title='bbox 3127 1004 3140 1042; x_wconf 89' lang='lat'><strong>:</strong></span> <span class='ocrx_word' id='word_1_542' title='bbox 3177 989 3283 1046; x_wconf 84' lang='lat' dir='ltr'><strong>Sed</strong></span> <span class='ocrx_word' id='word_1_543' title='bbox 3317 991 3465 1048; x_wconf 83' lang='lat' dir='ltr'><strong>belli-</strong></span> 
     </span>
    </p>
   </div>
   <div class='ocr_carea' id='block_1_69' title="bbox 1874 1076 3465 1157">
    <p class='ocr_par' dir='ltr' id='par_1_69' title="bbox 1874 1076 3465 1157">
     <span class='ocr_line' id='line_1_69' title="bbox 1874 1076 3465 1157; baseline 0.006 -26"><span class='ocrx_word' id='word_1_544' title='bbox 1874 1078 2028 1148; x_wconf 78' lang='lat' dir='ltr'><strong>ferte,</strong></span> <span class='ocrx_word' id='word_1_545' title='bbox 2062 1076 2260 1146; x_wconf 90' lang='lat' dir='ltr'><strong>inquit,</strong></span> <span class='ocrx_word' id='word_1_546' title='bbox 2288 1077 2430 1148; x_wconf 81' lang='lat' dir='ltr'><strong>pacis</strong></span> <span class='ocrx_word' id='word_1_547' title='bbox 2461 1087 2775 1150; x_wconf 72' lang='lat' dir='ltr'><strong>cruentaeque</strong></span> <span class='ocrx_word' id='word_1_548' title='bbox 2803 1080 3008 1134; x_wconf 79' lang='lat' dir='ltr'><strong>unitatis</strong></span> <span class='ocrx_word' id='word_1_549' title='bbox 3050 1097 3105 1135; x_wconf 90' lang='lat' dir='ltr'><strong>se</strong></span> <span class='ocrx_word' id='word_1_550' title='bbox 3148 1082 3345 1139; x_wconf 79' lang='lat' dir='ltr'><strong>incolas</strong></span> <span class='ocrx_word' id='word_1_551' title='bbox 3375 1087 3465 1157; x_wconf 79' lang='lat' dir='ltr'><strong>ja-</strong></span> 
     </span>
    </p>
   </div>
   <div class='ocr_carea' id='block_1_70' title="bbox 1873 1168 3466 1240">
    <p class='ocr_par' dir='ltr' id='par_1_70' title="bbox 1873 1168 3466 1240">
     <span class='ocr_line' id='line_1_70' title="bbox 1873 1168 3466 1240; baseline 0.005 -14"><span class='ocrx_word' id='word_1_552' title='bbox 1873 1178 2028 1226; x_wconf 87' lang='lat' dir='ltr'><strong>ctant.</strong></span> <span class='ocrx_word' id='word_1_553' title='bbox 2059 1169 2284 1225; x_wconf 80' lang='lat' dir='ltr'><strong>Audiant</strong></span> <span class='ocrx_word' id='word_1_554' title='bbox 2307 1168 2587 1225; x_wconf 88' lang='lat' dir='ltr'><strong>Dominum</strong></span> <span class='ocrx_word' id='word_1_555' title='bbox 2610 1171 2854 1227; x_wconf 87' lang='lat' dir='ltr'><strong>dicentem</strong></span> <span class='ocrx_word' id='word_1_556' title='bbox 2873 1215 2887 1240; x_wconf 94' lang='lat'><strong>,</strong></span> <span class='ocrx_word' id='word_1_557' title='bbox 2922 1192 2941 1226; x_wconf 87' lang='grc'><strong><em>‹</em></strong></span> <span class='ocrx_word' id='word_1_558' title='bbox 2967 1173 3156 1230; x_wconf 87' lang='lat' dir='ltr'><strong>Pacem</strong></span> <span class='ocrx_word' id='word_1_559' title='bbox 3199 1194 3364 1233; x_wconf 89' lang='lat' dir='ltr'><strong>meam</strong></span> <span class='ocrx_word' id='word_1_560' title='bbox 3398 1179 3466 1234; x_wconf 87' lang='lat' dir='ltr'><strong>da</strong></span> 
     </span>
    </p>
   </div>
   <div class='ocr_carea' id='block_1_71' title="bbox 1873 1262 3469 1341">
    <p class='ocr_par' dir='ltr' id='par_1_71' title="bbox 1873 1262 3469 1341">
     <span class='ocr_line' id='line_1_71' title="bbox 1873 1262 3469 1341; baseline 0.006 -24"><span class='ocrx_word' id='word_1_561' title='bbox 1873 1262 2011 1317; x_wconf 83' lang='lat' dir='ltr'><strong>vobis</strong></span> <span class='ocrx_word' id='word_1_562' title='bbox 2033 1303 2048 1328; x_wconf 94' lang='lat'><strong>,</strong></span> <span class='ocrx_word' id='word_1_563' title='bbox 2092 1278 2268 1333; x_wconf 82' lang='lat' dir='ltr'><strong>pacem</strong></span> <span class='ocrx_word' id='word_1_564' title='bbox 2304 1262 2532 1334; x_wconf 83' lang='lat' dir='ltr'><strong>relinquo</strong></span> <span class='ocrx_word' id='word_1_565' title='bbox 2575 1263 2712 1319; x_wconf 81' lang='lat' dir='ltr'><strong>vobis</strong></span> <span class='ocrx_word' id='word_1_566' title='bbox 2741 1281 2760 1319; x_wconf 92' lang='lat'><strong><em>:</em></strong></span> <span class='ocrx_word' id='word_1_567' title='bbox 2789 1282 2891 1320; x_wconf 88' lang='lat' dir='ltr'><strong>non</strong></span> <span class='ocrx_word' id='word_1_568' title='bbox 2915 1267 3046 1321; x_wconf 84' lang='lat' dir='ltr'><strong>sicut</strong></span> <span class='ocrx_word' id='word_1_569' title='bbox 3071 1269 3312 1325; x_wconf 65' lang='lat' dir='ltr'><strong>secutum</strong></span> <span class='ocrx_word' id='word_1_570' title='bbox 3339 1272 3428 1326; x_wconf 88' lang='lat' dir='ltr'><strong>dat</strong></span> <span class='ocrx_word' id='word_1_571' title='bbox 3451 1314 3469 1341; x_wconf 87' lang='lat'><strong>,</strong></span> 
     </span>
    </p>
   </div>
   <div class='ocr_carea' id='block_1_72' title="bbox 1875 1355 3465 1435">
    <p class='ocr_par' dir='ltr' id='par_1_72' title="bbox 1875 1355 3465 1435">
     <span class='ocr_line' id='line_1_72' title="bbox 1875 1355 3465 1435; baseline 0.007 -25"><span class='ocrx_word' id='word_1_572' title='bbox 1875 1372 1966 1426; x_wconf 86' lang='lat' dir='ltr'><strong>ego</strong></span> <span class='ocrx_word' id='word_1_573' title='bbox 2005 1355 2071 1410; x_wconf 92' lang='lat' dir='ltr'><strong>do</strong></span> <span class='ocrx_word' id='word_1_574' title='bbox 2103 1356 2240 1411; x_wconf 84' lang='lat' dir='ltr'><strong>vobis</strong></span> <span class='ocrx_word' id='word_1_575' title='bbox 2285 1375 2304 1408; x_wconf 83' lang='lat' dir='ltr'><strong>s</strong></span> <span class='ocrx_word' id='word_1_576' title='bbox 2348 1355 2472 1426; x_wconf 86' lang='lat' dir='ltr'><strong>(Id.</strong></span> <span class='ocrx_word' id='word_1_577' title='bbox 2503 1371 2632 1424; x_wconf 80' lang='lat' dir='ltr'><strong>xlv,</strong></span> <span class='ocrx_word' id='word_1_578' title='bbox 2661 1357 2797 1429; x_wconf 78' lang='grc'><strong>27).</strong></span> <span class='ocrx_word' id='word_1_579' title='bbox 2832 1359 3025 1415; x_wconf 68' lang='lat' dir='ltr'><strong>chuli</strong></span> <span class='ocrx_word' id='word_1_580' title='bbox 3049 1363 3181 1417; x_wconf 87' lang='lat' dir='ltr'><strong>enim</strong></span> <span class='ocrx_word' id='word_1_581' title='bbox 3211 1381 3314 1435; x_wconf 78' lang='lat' dir='ltr'><strong>pax</strong></span> <span class='ocrx_word' id='word_1_582' title='bbox 3333 1366 3465 1422; x_wconf 83' lang='lat' dir='ltr'><strong>inter</strong></span> 
     </span>
    </p>
   </div>
   <div class='ocr_carea' id='block_1_73' title="bbox 1876 1447 3472 1526">
    <p class='ocr_par' dir='ltr' id='par_1_73' title="bbox 1876 1447 3472 1526">
     <span class='ocr_line' id='line_1_73' title="bbox 1876 1447 3472 1526; baseline 0.007 -26"><span class='ocrx_word' id='word_1_583' title='bbox 1876 1447 2073 1502; x_wconf 86' lang='lat' dir='ltr'><strong>animos</strong></span> <span class='ocrx_word' id='word_1_584' title='bbox 2098 1447 2322 1519; x_wconf 86' lang='lat' dir='ltr'><strong>gentium</strong></span> <span class='ocrx_word' id='word_1_585' title='bbox 2349 1447 2646 1503; x_wconf 84' lang='lat' dir='ltr'><strong>dissidentes</strong></span> <span class='ocrx_word' id='word_1_586' title='bbox 2670 1449 2826 1504; x_wconf 88' lang='lat' dir='ltr'><strong>armis</strong></span> <span class='ocrx_word' id='word_1_587' title='bbox 2855 1459 2902 1504; x_wconf 88' lang='lat' dir='ltr'><strong>et</strong></span> <span class='ocrx_word' id='word_1_588' title='bbox 2928 1451 3045 1505; x_wconf 81' lang='lat' dir='ltr'><strong>belli</strong></span> <span class='ocrx_word' id='word_1_589' title='bbox 3071 1453 3210 1508; x_wconf 69' lang='lat' dir='ltr'><strong>exitu</strong></span> <span class='ocrx_word' id='word_1_590' title='bbox 3252 1456 3472 1526; x_wconf 72' lang='lat' dir='ltr'><strong>fwdera-</strong></span> 
     </span>
    </p>
   </div>
   <div class='ocr_carea' id='block_1_74' title="bbox 1878 1537 3472 1616">
    <p class='ocr_par' dir='ltr' id='par_1_74' title="bbox 1878 1537 3472 1616">
     <span class='ocr_line' id='line_1_74' title="bbox 1878 1537 3472 1616; baseline 0.006 -23"><span class='ocrx_word' id='word_1_591' title='bbox 1878 1548 1996 1593; x_wconf 85' lang='lat' dir='ltr'><strong>tur:</strong></span> <span class='ocrx_word' id='word_1_592' title='bbox 2020 1537 2223 1593; x_wconf 88' lang='lat' dir='ltr'><strong>Domini</strong></span> <span class='ocrx_word' id='word_1_593' title='bbox 2261 1537 2450 1594; x_wconf 81' lang='lat' dir='ltr'><strong>Christi</strong></span> <span class='ocrx_word' id='word_1_594' title='bbox 2475 1555 2580 1610; x_wconf 77' lang='lat' dir='ltr'><strong>paa:</strong></span> <span class='ocrx_word' id='word_1_595' title='bbox 2603 1539 2796 1595; x_wconf 83' lang='lat' dir='ltr'><strong>salubri</strong></span> <span class='ocrx_word' id='word_1_596' title='bbox 2823 1541 3030 1597; x_wconf 87' lang='lat' dir='ltr'><strong>lenitate</strong></span> <span class='ocrx_word' id='word_1_597' title='bbox 3059 1546 3354 1616; x_wconf 87' lang='lat' dir='ltr'><strong>tranquilla,</strong></span> <span class='ocrx_word' id='word_1_598' title='bbox 3379 1565 3472 1604; x_wconf 84' lang='lat' dir='ltr'><strong>ua-</strong></span> 
     </span>
    </p>
   </div>
   <div class='ocr_carea' id='block_1_75' title="bbox 1878 1632 3474 1708">
    <p class='ocr_par' dir='ltr' id='par_1_75' title="bbox 1878 1632 3474 1708">
     <span class='ocr_line' id='line_1_75' title="bbox 1878 1632 3474 1708; baseline 0.007 -20"><span class='ocrx_word' id='word_1_599' title='bbox 1878 1635 2032 1688; x_wconf 84' lang='lat' dir='ltr'><strong>lentes</strong></span> <span class='ocrx_word' id='word_1_600' title='bbox 2058 1632 2268 1701; x_wconf 84' lang='lat' dir='ltr'><strong>invitat,</strong></span> <span class='ocrx_word' id='word_1_601' title='bbox 2297 1648 2400 1687; x_wconf 88' lang='lat' dir='ltr'><strong>non</strong></span> <span class='ocrx_word' id='word_1_602' title='bbox 2440 1633 2575 1704; x_wconf 84' lang='lat' dir='ltr'><strong>cogit</strong></span> <span class='ocrx_word' id='word_1_603' title='bbox 2613 1633 2814 1690; x_wconf 79' lang='lat' dir='ltr'><strong>invitos.</strong></span> <span class='ocrx_word' id='word_1_604' title='bbox 2863 1633 2946 1690; x_wconf 90' lang='lat' dir='ltr'><strong>Ad</strong></span> <span class='ocrx_word' id='word_1_605' title='bbox 2991 1633 3109 1691; x_wconf 83' lang='lat' dir='ltr'><strong>haec</strong></span> <span class='ocrx_word' id='word_1_606' title='bbox 3148 1639 3474 1708; x_wconf 87' lang='lat' dir='ltr'><strong>responsio:</strong></span> 
     </span>
    </p>
   </div>
   <div class='ocr_carea' id='block_1_76' title="bbox 1880 1725 3475 1799">
    <p class='ocr_par' dir='ltr' id='par_1_76' title="bbox 1880 1725 3475 1799">
     <span class='ocr_line' id='line_1_76' title="bbox 1880 1725 3475 1799; baseline 0.005 -17"><span class='ocrx_word' id='word_1_607' title='bbox 1880 1727 1988 1784; x_wconf 83' lang='lat' dir='ltr'><strong>Vos</strong></span> <span class='ocrx_word' id='word_1_608' title='bbox 2013 1726 2228 1799; x_wconf 88' lang='lat' dir='ltr'><strong>quidem</strong></span> <span class='ocrx_word' id='word_1_609' title='bbox 2256 1725 2549 1782; x_wconf 88' lang='lat' dir='ltr'><strong>belliferam</strong></span> <span class='ocrx_word' id='word_1_610' title='bbox 2590 1739 2776 1796; x_wconf 88' lang='lat' dir='ltr'><strong>pacem</strong></span> <span class='ocrx_word' id='word_1_611' title='bbox 2803 1733 2858 1782; x_wconf 91' lang='lat' dir='ltr'><strong>et</strong></span> <span class='ocrx_word' id='word_1_612' title='bbox 2895 1734 3171 1784; x_wconf 90' lang='lat' dir='ltr'><strong>cruentam</strong></span> <span class='ocrx_word' id='word_1_613' title='bbox 3211 1731 3475 1791; x_wconf 90' lang='lat' dir='ltr'><strong>unitatem</strong></span> 
     </span>
    </p>
   </div>
   <div class='ocr_carea' id='block_1_77' title="bbox 1880 1819 3475 1893">
    <p class='ocr_par' dir='ltr' id='par_1_77' title="bbox 1880 1819 3475 1893">
     <span class='ocr_line' id='line_1_77' title="bbox 1880 1819 3475 1893; baseline 0.003 -15"><span class='ocrx_word' id='word_1_614' title='bbox 1880 1823 2057 1879; x_wconf 87' lang='lat' dir='ltr'><strong>facere</strong></span> <span class='ocrx_word' id='word_1_615' title='bbox 2075 1820 2268 1893; x_wconf 91' lang='lat' dir='ltr'><strong>cupitis</strong></span> <span class='ocrx_word' id='word_1_616' title='bbox 2282 1862 2297 1888; x_wconf 94' lang='lat'><strong>,</strong></span> <span class='ocrx_word' id='word_1_617' title='bbox 2318 1829 2409 1876; x_wconf 88' lang='lat' dir='ltr'><strong>aut</strong></span> <span class='ocrx_word' id='word_1_618' title='bbox 2432 1819 2681 1876; x_wconf 87' lang='lat' dir='ltr'><strong>violentis</strong></span> <span class='ocrx_word' id='word_1_619' title='bbox 2699 1820 2961 1878; x_wconf 88' lang='lat' dir='ltr'><strong>mortibus</strong></span> <span class='ocrx_word' id='word_1_620' title='bbox 2990 1823 3187 1878; x_wconf 88' lang='lat' dir='ltr'><strong>nostris</strong></span> <span class='ocrx_word' id='word_1_621' title='bbox 3211 1865 3227 1890; x_wconf 92' lang='lat'><strong>,</strong></span> <span class='ocrx_word' id='word_1_622' title='bbox 3259 1834 3354 1881; x_wconf 91' lang='lat' dir='ltr'><strong>aut</strong></span> <span class='ocrx_word' id='word_1_623' title='bbox 3373 1841 3475 1884; x_wconf 92' lang='lat' dir='ltr'><strong>vo-</strong></span> 
     </span>
    </p>
   </div>
   <div class='ocr_carea' id='block_1_78' title="bbox 1881 1915 3470 1990">
    <p class='ocr_par' dir='ltr' id='par_1_78' title="bbox 1881 1915 3470 1990">
     <span class='ocr_line' id='line_1_78' title="bbox 1881 1915 3470 1990; baseline 0.001 -16"><span class='ocrx_word' id='word_1_624' title='bbox 1881 1917 2124 1974; x_wconf 88' lang='lat' dir='ltr'><strong>luntariis</strong></span> <span class='ocrx_word' id='word_1_625' title='bbox 2144 1915 2406 1973; x_wconf 88' lang='lat' dir='ltr'><strong>mortibus</strong></span> <span class='ocrx_word' id='word_1_626' title='bbox 2429 1915 2652 1982; x_wconf 89' lang='lat' dir='ltr'><strong>vestris;</strong></span> <span class='ocrx_word' id='word_1_627' title='bbox 2676 1929 2782 1971; x_wconf 89' lang='lat' dir='ltr'><strong>non</strong></span> <span class='ocrx_word' id='word_1_628' title='bbox 2807 1915 3133 1985; x_wconf 86' lang='lat' dir='ltr'><strong>imputautes</strong></span> <span class='ocrx_word' id='word_1_629' title='bbox 3153 1916 3307 1973; x_wconf 88' lang='lat' dir='ltr'><strong>vobis</strong></span> <span class='ocrx_word' id='word_1_630' title='bbox 3323 1920 3470 1990; x_wconf 87' lang='lat' dir='ltr'><strong>quod</strong></span> 
     </span>
    </p>
   </div>
   <div class='ocr_carea' id='block_1_79' title="bbox 1883 2006 3478 2077">
    <p class='ocr_par' dir='ltr' id='par_1_79' title="bbox 1883 2006 3478 2077">
     <span class='ocr_line' id='line_1_79' title="bbox 1883 2006 3478 2077; baseline 0.003 -14"><span class='ocrx_word' id='word_1_631' title='bbox 1883 2007 2052 2065; x_wconf 84' lang='lat' dir='ltr'><strong>facitis</strong></span> <span class='ocrx_word' id='word_1_632' title='bbox 2063 2007 2238 2077; x_wconf 87' lang='lat' dir='ltr'><strong>nobis,</strong></span> <span class='ocrx_word' id='word_1_633' title='bbox 2266 2015 2322 2064; x_wconf 90' lang='lat' dir='ltr'><strong>et</strong></span> <span class='ocrx_word' id='word_1_634' title='bbox 2334 2007 2656 2076; x_wconf 86' lang='lat' dir='ltr'><strong>imputantes</strong></span> <span class='ocrx_word' id='word_1_635' title='bbox 2671 2006 2977 2077; x_wconf 91' lang='lat' dir='ltr'><strong>nobisquod</strong></span> <span class='ocrx_word' id='word_1_636' title='bbox 2995 2007 3165 2063; x_wconf 87' lang='lat' dir='ltr'><strong>facitis</strong></span> <span class='ocrx_word' id='word_1_637' title='bbox 3175 2009 3346 2064; x_wconf 90' lang='lat' dir='ltr'><strong>vobis.</strong></span> <span class='ocrx_word' id='word_1_638' title='bbox 3364 2009 3478 2067; x_wconf 86' lang='lat' dir='ltr'><strong>Sed</strong></span> 
     </span>
    </p>
   </div>
   <div class='ocr_carea' id='block_1_80' title="bbox 1881 2090 3480 2166">
    <p class='ocr_par' dir='ltr' id='par_1_80' title="bbox 1881 2090 3480 2166">
     <span class='ocr_line' id='line_1_80' title="bbox 1881 2090 3480 2166; baseline 0.001 -16"><span class='ocrx_word' id='word_1_639' title='bbox 1881 2109 1980 2150; x_wconf 91' lang='lat' dir='ltr'><strong>nos</strong></span> <span class='ocrx_word' id='word_1_640' title='bbox 2003 2102 2058 2150; x_wconf 91' lang='lat' dir='ltr'><strong>et</strong></span> <span class='ocrx_word' id='word_1_641' title='bbox 2081 2092 2224 2164; x_wconf 90' lang='lat' dir='ltr'><strong>quod</strong></span> <span class='ocrx_word' id='word_1_642' title='bbox 2259 2092 2430 2147; x_wconf 89' lang='lat' dir='ltr'><strong>facitis</strong></span> <span class='ocrx_word' id='word_1_643' title='bbox 2455 2091 2611 2146; x_wconf 86' lang='lat' dir='ltr'><strong>nobis</strong></span> <span class='ocrx_word' id='word_1_644' title='bbox 2651 2090 2894 2161; x_wconf 90' lang='lat' dir='ltr'><strong>cogimur</strong></span> <span class='ocrx_word' id='word_1_645' title='bbox 2921 2093 3184 2150; x_wconf 89' lang='lat' dir='ltr'><strong>sustinere</strong></span> <span class='ocrx_word' id='word_1_646' title='bbox 3201 2135 3217 2161; x_wconf 89' lang='lat'><strong>,</strong></span> <span class='ocrx_word' id='word_1_647' title='bbox 3249 2102 3305 2150; x_wconf 90' lang='lat' dir='ltr'><strong>et</strong></span> <span class='ocrx_word' id='word_1_648' title='bbox 3331 2095 3480 2166; x_wconf 83' lang='lat' dir='ltr'><strong>quod</strong></span> 
     </span>
    </p>
   </div>
   <div class='ocr_carea' id='block_1_81' title="bbox 1882 2183 3478 2255">
    <p class='ocr_par' dir='ltr' id='par_1_81' title="bbox 1882 2183 3478 2255">
     <span class='ocr_line' id='line_1_81' title="bbox 1882 2183 3478 2255; baseline 0.003 -13"><span class='ocrx_word' id='word_1_649' title='bbox 1882 2187 2035 2244; x_wconf 89' lang='lat' dir='ltr'><strong>vobis</strong></span> <span class='ocrx_word' id='word_1_650' title='bbox 2057 2186 2226 2242; x_wconf 89' lang='lat' dir='ltr'><strong>facitis</strong></span> <span class='ocrx_word' id='word_1_651' title='bbox 2243 2228 2256 2252; x_wconf 92' lang='lat'><strong>,</strong></span> <span class='ocrx_word' id='word_1_652' title='bbox 2275 2185 2406 2240; x_wconf 89' lang='lat' dir='ltr'><strong>nihil</strong></span> <span class='ocrx_word' id='word_1_653' title='bbox 2423 2199 2705 2255; x_wconf 86' lang='lat' dir='ltr'><strong>possumus</strong></span> <span class='ocrx_word' id='word_1_654' title='bbox 2725 2199 2882 2255; x_wconf 89' lang='lat' dir='ltr'><strong>quam</strong></span> <span class='ocrx_word' id='word_1_655' title='bbox 2908 2183 3123 2251; x_wconf 90' lang='lat' dir='ltr'><strong>dolere;</strong></span> <span class='ocrx_word' id='word_1_656' title='bbox 3147 2185 3272 2242; x_wconf 91' lang='lat' dir='ltr'><strong>dum</strong></span> <span class='ocrx_word' id='word_1_657' title='bbox 3297 2196 3478 2247; x_wconf 85' lang='lat' dir='ltr'><strong>tamen</strong></span> 
     </span>
    </p>
   </div>
   <div class='ocr_carea' id='block_1_82' title="bbox 1885 2277 3479 2354">
    <p class='ocr_par' dir='ltr' id='par_1_82' title="bbox 1885 2277 3479 2354">
     <span class='ocr_line' id='line_1_82' title="bbox 1885 2277 3479 2354; baseline 0.001 -17"><span class='ocrx_word' id='word_1_658' title='bbox 1885 2283 1978 2337; x_wconf 84' lang='lat' dir='ltr'><strong>ﬁat</strong></span> <span class='ocrx_word' id='word_1_659' title='bbox 1991 2282 2158 2354; x_wconf 83' lang='lat' dir='ltr'><strong>pax&#39;et</strong></span> <span class='ocrx_word' id='word_1_660' title='bbox 2179 2278 2352 2334; x_wconf 89' lang='lat' dir='ltr'><strong>unitas</strong></span> <span class='ocrx_word' id='word_1_661' title='bbox 2363 2277 2559 2334; x_wconf 89' lang='lat' dir='ltr'><strong>Christi</strong></span> <span class='ocrx_word' id='word_1_662' title='bbox 2580 2285 2798 2349; x_wconf 89' lang='lat' dir='ltr'><strong>propter</strong></span> <span class='ocrx_word' id='word_1_663' title='bbox 2820 2279 3043 2334; x_wconf 90' lang='lat' dir='ltr'><strong>salutem</strong></span> <span class='ocrx_word' id='word_1_664' title='bbox 3065 2280 3351 2336; x_wconf 91' lang='lat' dir='ltr'><strong>multorum</strong></span> <span class='ocrx_word' id='word_1_665' title='bbox 3371 2281 3479 2338; x_wconf 65' lang='lat' dir='ltr'><strong>sica</strong></span> 
     </span>
    </p>
   </div>
   <div class='ocr_carea' id='block_1_83' title="bbox 1885 2370 3481 2443">
    <p class='ocr_par' dir='ltr' id='par_1_83' title="bbox 1885 2370 3481 2443">
     <span class='ocr_line' id='line_1_83' title="bbox 1885 2370 3481 2443; baseline 0.001 -14"><span class='ocrx_word' id='word_1_666' title='bbox 1885 2383 1944 2430; x_wconf 92' lang='lat' dir='ltr'><strong>ut</strong></span> <span class='ocrx_word' id='word_1_667' title='bbox 1969 2373 2030 2428; x_wconf 83' lang='lat' dir='ltr'><strong>fit</strong></span> <span class='ocrx_word' id='word_1_668' title='bbox 2081 2373 2137 2428; x_wconf 90' lang='lat' dir='ltr'><strong>in</strong></span> <span class='ocrx_word' id='word_1_669' title='bbox 2162 2370 2430 2443; x_wconf 90' lang='lat' dir='ltr'><strong>plurimis,</strong></span> <span class='ocrx_word' id='word_1_670' title='bbox 2461 2370 2669 2426; x_wconf 88' lang='lat' dir='ltr'><strong>etiamsi</strong></span> <span class='ocrx_word' id='word_1_671' title='bbox 2696 2380 2914 2440; x_wconf 89' lang='lat' dir='ltr'><strong>propter</strong></span> <span class='ocrx_word' id='word_1_672' title='bbox 2935 2371 3168 2427; x_wconf 87' lang='lat' dir='ltr'><strong>furorem</strong></span> <span class='ocrx_word' id='word_1_673' title='bbox 3185 2387 3481 2442; x_wconf 85' lang='lat' dir='ltr'><strong>paucorum</strong></span> 
     </span>
    </p>
   </div>
   <div class='ocr_carea' id='block_1_84' title="bbox 1886 2461 3483 2529">
    <p class='ocr_par' dir='ltr' id='par_1_84' title="bbox 1886 2461 3483 2529">
     <span class='ocr_line' id='line_1_84' title="bbox 1886 2461 3483 2529; baseline -0.001 -7"><span class='ocrx_word' id='word_1_674' title='bbox 1886 2479 1993 2522; x_wconf 93' lang='lat' dir='ltr'><strong>non</strong></span> <span class='ocrx_word' id='word_1_675' title='bbox 2036 2464 2094 2519; x_wconf 88' lang='lat' dir='ltr'><strong>ﬁt</strong></span> <span class='ocrx_word' id='word_1_676' title='bbox 2135 2464 2189 2519; x_wconf 89' lang='lat' dir='ltr'><strong>in</strong></span> <span class='ocrx_word' id='word_1_677' title='bbox 2219 2462 2488 2518; x_wconf 91' lang='lat' dir='ltr'><strong>omnibus.</strong></span> <span class='ocrx_word' id='word_1_678' title='bbox 2529 2461 2665 2518; x_wconf 88' lang='lat' dir='ltr'><strong>Nam</strong></span> <span class='ocrx_word' id='word_1_679' title='bbox 2709 2461 2757 2517; x_wconf 92' lang='lat' dir='ltr'><strong>si</strong></span> <span class='ocrx_word' id='word_1_680' title='bbox 2795 2478 2902 2517; x_wconf 90' lang='lat' dir='ltr'><strong>non</strong></span> <span class='ocrx_word' id='word_1_681' title='bbox 2949 2463 3164 2529; x_wconf 89' lang='lat' dir='ltr'><strong>invido,</strong></span> <span class='ocrx_word' id='word_1_682' title='bbox 3208 2463 3304 2519; x_wconf 90' lang='lat' dir='ltr'><strong>sed</strong></span> <span class='ocrx_word' id='word_1_683' title='bbox 3335 2465 3483 2527; x_wconf 75' lang='lat' dir='ltr'><strong>ﬁdeli</strong></span> 
     </span>
    </p>
   </div>
   <div class='ocr_carea' id='block_1_85' title="bbox 1887 2553 3482 2626">
    <p class='ocr_par' dir='ltr' id='par_1_85' title="bbox 1887 2553 3482 2626">
     <span class='ocr_line' id='line_1_85' title="bbox 1887 2553 3482 2626; baseline 0.001 -13"><span class='ocrx_word' id='word_1_684' title='bbox 1887 2557 2044 2613; x_wconf 90' lang='lat' dir='ltr'><strong>oculo</strong></span> <span class='ocrx_word' id='word_1_685' title='bbox 2071 2555 2278 2611; x_wconf 91' lang='lat' dir='ltr'><strong>velletis</strong></span> <span class='ocrx_word' id='word_1_686' title='bbox 2323 2554 2604 2611; x_wconf 89' lang='lat' dir='ltr'><strong>attendere</strong></span> <span class='ocrx_word' id='word_1_687' title='bbox 2629 2596 2644 2620; x_wconf 92' lang='lat'><strong>,</strong></span> <span class='ocrx_word' id='word_1_688' title='bbox 2675 2553 2931 2609; x_wconf 89' lang='lat' dir='ltr'><strong>videretis</strong></span> <span class='ocrx_word' id='word_1_689' title='bbox 2975 2570 3134 2625; x_wconf 88' lang='lat' dir='ltr'><strong>quam</strong></span> <span class='ocrx_word' id='word_1_690' title='bbox 3173 2570 3297 2611; x_wconf 90' lang='lat' dir='ltr'><strong>vera</strong></span> <span class='ocrx_word' id='word_1_691' title='bbox 3345 2571 3482 2626; x_wconf 86' lang='lat' dir='ltr'><strong>pace</strong></span> 
     </span>
    </p>
   </div>
   <div class='ocr_carea' id='block_1_86' title="bbox 1887 2645 3483 2720">
    <p class='ocr_par' dir='ltr' id='par_1_86' title="bbox 1887 2645 3483 2720">
     <span class='ocr_line' id='line_1_86' title="bbox 1887 2645 3483 2720; baseline 0.001 -15"><span class='ocrx_word' id='word_1_692' title='bbox 1887 2659 2047 2720; x_wconf 86' lang='lat' dir='ltr'><strong>atque</strong></span> <span class='ocrx_word' id='word_1_693' title='bbox 2071 2648 2273 2703; x_wconf 89' lang='lat' dir='ltr'><strong>unitate</strong></span> <span class='ocrx_word' id='word_1_694' title='bbox 2305 2646 2502 2704; x_wconf 91' lang='lat' dir='ltr'><strong>Christi</strong></span> <span class='ocrx_word' id='word_1_695' title='bbox 2528 2646 2834 2716; x_wconf 89' lang='lat' dir='ltr'><strong>gaudeant,</strong></span> <span class='ocrx_word' id='word_1_696' title='bbox 2865 2645 2956 2716; x_wconf 92' lang='lat' dir='ltr'><strong>qui</strong></span> <span class='ocrx_word' id='word_1_697' title='bbox 2975 2661 3043 2701; x_wconf 83' lang='lat' dir='ltr'><strong>ex</strong></span> <span class='ocrx_word' id='word_1_698' title='bbox 3070 2647 3222 2702; x_wconf 90' lang='lat' dir='ltr'><strong>vobis</strong></span> <span class='ocrx_word' id='word_1_699' title='bbox 3266 2647 3334 2704; x_wconf 88' lang='lat' dir='ltr'><strong>ad</strong></span> <span class='ocrx_word' id='word_1_700' title='bbox 3378 2663 3483 2707; x_wconf 85' lang='lat' dir='ltr'><strong>nos</strong></span> 
     </span>
    </p>
   </div>
   <div class='ocr_carea' id='block_1_87' title="bbox 1888 2738 3482 2809">
    <p class='ocr_par' dir='ltr' id='par_1_87' title="bbox 1888 2738 3482 2809">
     <span class='ocr_line' id='line_1_87' title="bbox 1888 2738 3482 2809; baseline 0 -11"><span class='ocrx_word' id='word_1_701' title='bbox 1888 2748 2186 2808; x_wconf 86' lang='lat' dir='ltr'><strong>venerunt,</strong></span> <span class='ocrx_word' id='word_1_702' title='bbox 2232 2747 2312 2795; x_wconf 87' lang='lat' dir='ltr'><strong>tot</strong></span> <span class='ocrx_word' id='word_1_703' title='bbox 2354 2746 2728 2809; x_wconf 87' lang='lat' dir='ltr'><strong>tantorumque</strong></span> <span class='ocrx_word' id='word_1_704' title='bbox 2770 2738 3084 2808; x_wconf 90' lang='lat' dir='ltr'><strong>p0pulorum</strong></span> <span class='ocrx_word' id='word_1_705' title='bbox 3131 2739 3372 2809; x_wconf 88' lang='lat' dir='ltr'><strong>agmina,</strong></span> <span class='ocrx_word' id='word_1_706' title='bbox 3424 2741 3482 2799; x_wconf 89' lang='lat' dir='ltr'><strong>in</strong></span> 
     </span>
    </p>
   </div>
   <div class='ocr_carea' id='block_1_88' title="bbox 1889 2831 3483 2908">
    <p class='ocr_par' dir='ltr' id='par_1_88' title="bbox 1889 2831 3483 2908">
     <span class='ocr_line' id='line_1_88' title="bbox 1889 2831 3483 2908; baseline 0 -17"><span class='ocrx_word' id='word_1_707' title='bbox 1889 2836 2082 2908; x_wconf 92' lang='lat' dir='ltr'><strong>quibus</strong></span> <span class='ocrx_word' id='word_1_708' title='bbox 2110 2833 2322 2891; x_wconf 87' lang='lat' dir='ltr'><strong>etiamsi</strong></span> <span class='ocrx_word' id='word_1_709' title='bbox 2347 2831 2520 2888; x_wconf 91' lang='lat' dir='ltr'><strong>adhuc</strong></span> <span class='ocrx_word' id='word_1_710' title='bbox 2541 2840 2664 2888; x_wconf 91' lang='lat' dir='ltr'><strong>sunt</strong></span> <span class='ocrx_word' id='word_1_711' title='bbox 2692 2832 2932 2887; x_wconf 93' lang='lat' dir='ltr'><strong>nonnulli</strong></span> <span class='ocrx_word' id='word_1_712' title='bbox 2958 2833 3070 2901; x_wconf 86' lang='lat' dir='ltr'><strong>ipsa</strong></span> <span class='ocrx_word' id='word_1_713' title='bbox 3112 2833 3348 2890; x_wconf 86' lang='lat' dir='ltr'><strong>novitate</strong></span> <span class='ocrx_word' id='word_1_714' title='bbox 3367 2841 3483 2891; x_wconf 87' lang='lat' dir='ltr'><strong>tur-</strong></span> 
     </span>
    </p>
   </div>
   <div class='ocr_carea' id='block_1_89' title="bbox 1887 2924 3482 2998">
    <p class='ocr_par' dir='ltr' id='par_1_89' title="bbox 1887 2924 3482 2998">
     <span class='ocr_line' id='line_1_89' title="bbox 1887 2924 3482 2998; baseline -0.001 -12"><span class='ocrx_word' id='word_1_715' title='bbox 1887 2928 1996 2986; x_wconf 89' lang='lat' dir='ltr'><strong>bati</strong></span> <span class='ocrx_word' id='word_1_716' title='bbox 2017 2969 2032 2995; x_wconf 91' lang='lat'><strong>,</strong></span> <span class='ocrx_word' id='word_1_717' title='bbox 2062 2937 2117 2984; x_wconf 90' lang='lat' dir='ltr'><strong>et</strong></span> <span class='ocrx_word' id='word_1_718' title='bbox 2144 2927 2246 2998; x_wconf 88' lang='lat' dir='ltr'><strong>ipsi</strong></span> <span class='ocrx_word' id='word_1_719' title='bbox 2276 2925 2526 2997; x_wconf 90' lang='lat' dir='ltr'><strong>paulatim</strong></span> <span class='ocrx_word' id='word_1_720' title='bbox 2557 2924 2626 2981; x_wconf 89' lang='lat' dir='ltr'><strong>ab</strong></span> <span class='ocrx_word' id='word_1_721' title='bbox 2652 2924 2753 2980; x_wconf 89' lang='lat' dir='ltr'><strong>hac</strong></span> <span class='ocrx_word' id='word_1_722' title='bbox 2775 2924 3083 2981; x_wconf 90' lang='lat' dir='ltr'><strong>inﬁrmitate</strong></span> <span class='ocrx_word' id='word_1_723' title='bbox 3110 2933 3382 2982; x_wconf 88' lang='lat' dir='ltr'><strong>sanantur.</strong></span> <span class='ocrx_word' id='word_1_724' title='bbox 3415 2928 3482 2989; x_wconf 83' lang='lat' dir='ltr'><strong>Et</strong></span> 
     </span>
    </p>
   </div>
   <div class='ocr_carea' id='block_1_90' title="bbox 1887 3018 3483 3091">
    <p class='ocr_par' dir='ltr' id='par_1_90' title="bbox 1887 3018 3483 3091">
     <span class='ocr_line' id='line_1_90' title="bbox 1887 3018 3483 3091; baseline 0.001 -16"><span class='ocrx_word' id='word_1_725' title='bbox 1887 3019 1934 3076; x_wconf 87' lang='lat' dir='ltr'><strong>si</strong></span> <span class='ocrx_word' id='word_1_726' title='bbox 1978 3018 2084 3074; x_wconf 89' lang='lat' dir='ltr'><strong>ﬁcti</strong></span> <span class='ocrx_word' id='word_1_727' title='bbox 2111 3018 2275 3089; x_wconf 91' lang='lat' dir='ltr'><strong>aliqui</strong></span> <span class='ocrx_word' id='word_1_728' title='bbox 2305 3025 2676 3088; x_wconf 88' lang='lat' dir='ltr'><strong>perseverant,</strong></span> <span class='ocrx_word' id='word_1_729' title='bbox 2709 3031 2819 3072; x_wconf 90' lang='lat' dir='ltr'><strong>non</strong></span> <span class='ocrx_word' id='word_1_730' title='bbox 2871 3018 3052 3087; x_wconf 92' lang='lat' dir='ltr'><strong>utique</strong></span> <span class='ocrx_word' id='word_1_731' title='bbox 3090 3027 3308 3089; x_wconf 87' lang='lat' dir='ltr'><strong>propter</strong></span> <span class='ocrx_word' id='word_1_732' title='bbox 3334 3020 3483 3091; x_wconf 80' lang='lat' dir='ltr'><strong>ipsos</strong></span> 
     </span>
    </p>
   </div>
   <div class='ocr_carea' id='block_1_91' title="bbox 1889 3109 3482 3185">
    <p class='ocr_par' dir='ltr' id='par_1_91' title="bbox 1889 3109 3482 3185">
     <span class='ocr_line' id='line_1_91' title="bbox 1889 3109 3482 3185; baseline -0.004 -18"><span class='ocrx_word' id='word_1_733' title='bbox 1889 3127 1999 3168; x_wconf 91' lang='lat' dir='ltr'><strong>non</strong></span> <span class='ocrx_word' id='word_1_734' title='bbox 2027 3111 2238 3167; x_wconf 87' lang='lat' dir='ltr'><strong>fuerant</strong></span> <span class='ocrx_word' id='word_1_735' title='bbox 2267 3109 2550 3180; x_wconf 89' lang='lat' dir='ltr'><strong>colligendi</strong></span> <span class='ocrx_word' id='word_1_736' title='bbox 2592 3124 2726 3180; x_wconf 88' lang='lat' dir='ltr'><strong>quos</strong></span> <span class='ocrx_word' id='word_1_737' title='bbox 2769 3109 3012 3165; x_wconf 87' lang='lat' dir='ltr'><strong>videmus</strong></span> <span class='ocrx_word' id='word_1_738' title='bbox 3038 3125 3257 3169; x_wconf 89' lang='lat' dir='ltr'><strong>veraces</strong></span> <span class='ocrx_word' id='word_1_739' title='bbox 3279 3155 3295 3180; x_wconf 91' lang='lat'><strong>,</strong></span> <span class='ocrx_word' id='word_1_740' title='bbox 3339 3128 3482 3185; x_wconf 86' lang='lat' dir='ltr'><strong>quo-</strong></span> 
     </span>
    </p>
   </div>
   <div class='ocr_carea' id='block_1_92' title="bbox 1888 3202 3482 3275">
    <p class='ocr_par' dir='ltr' id='par_1_92' title="bbox 1888 3202 3482 3275">
     <span class='ocr_line' id='line_1_92' title="bbox 1888 3202 3482 3275; baseline 0.001 -15"><span class='ocrx_word' id='word_1_741' title='bbox 1888 3219 2008 3261; x_wconf 85' lang='lat' dir='ltr'><strong>rum</strong></span> <span class='ocrx_word' id='word_1_742' title='bbox 2048 3203 2265 3275; x_wconf 89' lang='lat' dir='ltr'><strong>quidam</strong></span> <span class='ocrx_word' id='word_1_743' title='bbox 2294 3203 2346 3257; x_wconf 94' lang='lat' dir='ltr'><strong>in</strong></span> <span class='ocrx_word' id='word_1_744' title='bbox 2377 3202 2682 3274; x_wconf 91' lang='lat' dir='ltr'><strong>regionibus</strong></span> <span class='ocrx_word' id='word_1_745' title='bbox 2710 3203 2900 3257; x_wconf 88' lang='lat' dir='ltr'><strong>vestris</strong></span> <span class='ocrx_word' id='word_1_746' title='bbox 2918 3241 2934 3268; x_wconf 91' lang='lat'><strong>,</strong></span> <span class='ocrx_word' id='word_1_747' title='bbox 2963 3202 3122 3257; x_wconf 90' lang='lat' dir='ltr'><strong>etiam</strong></span> <span class='ocrx_word' id='word_1_748' title='bbox 3165 3204 3482 3274; x_wconf 83' lang='lat' dir='ltr'><strong>quibusdam</strong></span> 
     </span>
    </p>
   </div>
   <div class='ocr_carea' id='block_1_93' title="bbox 1890 3292 3484 3366">
    <p class='ocr_par' dir='ltr' id='par_1_93' title="bbox 1890 3292 3484 3366">
     <span class='ocr_line' id='line_1_93' title="bbox 1890 3292 3484 3366; baseline -0.001 -14"><span class='ocrx_word' id='word_1_749' title='bbox 1890 3296 2087 3352; x_wconf 85' lang='lat' dir='ltr'><strong>nostris</strong></span> <span class='ocrx_word' id='word_1_750' title='bbox 2111 3295 2343 3366; x_wconf 85' lang='lat' dir='ltr'><strong>majores</strong></span> <span class='ocrx_word' id='word_1_751' title='bbox 2367 3299 2760 3364; x_wconf 87' lang='lat' dir='ltr'><strong>apparuerunt,</strong></span> <span class='ocrx_word' id='word_1_752' title='bbox 2805 3292 3018 3364; x_wconf 89' lang='lat' dir='ltr'><strong>quando</strong></span> <span class='ocrx_word' id='word_1_753' title='bbox 3042 3293 3196 3350; x_wconf 89' lang='lat' dir='ltr'><strong>vobis</strong></span> <span class='ocrx_word' id='word_1_754' title='bbox 3234 3294 3323 3349; x_wconf 92' lang='lat' dir='ltr'><strong>illa</strong></span> <span class='ocrx_word' id='word_1_755' title='bbox 3355 3310 3484 3364; x_wconf 88' lang='lat' dir='ltr'><strong>per-</strong></span> 
     </span>
    </p>
   </div>
   <div class='ocr_carea' id='block_1_94' title="bbox 1890 3386 3479 3453">
    <p class='ocr_par' dir='ltr' id='par_1_94' title="bbox 1890 3386 3479 3453">
     <span class='ocr_line' id='line_1_94' title="bbox 1890 3386 3479 3453; baseline -0.001 -8"><span class='ocrx_word' id='word_1_756' title='bbox 1890 3389 2108 3446; x_wconf 87' lang='lat' dir='ltr'><strong>ditionis</strong></span> <span class='ocrx_word' id='word_1_757' title='bbox 2134 3389 2380 3445; x_wconf 89' lang='lat' dir='ltr'><strong>libertate</strong></span> <span class='ocrx_word' id='word_1_758' title='bbox 2401 3401 2656 3443; x_wconf 88' lang='lat' dir='ltr'><strong>concessa</strong></span> <span class='ocrx_word' id='word_1_759' title='bbox 2677 3426 2694 3453; x_wconf 91' lang='lat'><strong>,</strong></span> <span class='ocrx_word' id='word_1_760' title='bbox 2725 3386 2794 3441; x_wconf 93' lang='lat' dir='ltr'><strong>ad</strong></span> <span class='ocrx_word' id='word_1_761' title='bbox 2820 3401 2917 3442; x_wconf 92' lang='lat' dir='ltr'><strong>vos</strong></span> <span class='ocrx_word' id='word_1_762' title='bbox 2944 3386 3120 3443; x_wconf 90' lang='lat' dir='ltr'><strong>redire</strong></span> <span class='ocrx_word' id='word_1_763' title='bbox 3164 3387 3479 3445; x_wconf 89' lang='lat' dir='ltr'><strong>noluerunt.</strong></span> 
     </span>
    </p>
   </div>
   <div class='ocr_carea' id='block_1_95' title="bbox 1891 3477 3485 3551">
    <p class='ocr_par' dir='ltr' id='par_1_95' title="bbox 1891 3477 3485 3551">
     <span class='ocr_line' id='line_1_95' title="bbox 1891 3477 3485 3551; baseline 0.001 -12"><span class='ocrx_word' id='word_1_764' title='bbox 1891 3480 2228 3538; x_wconf 88' lang='lat' dir='ltr'><strong>Debebamus</strong></span> <span class='ocrx_word' id='word_1_765' title='bbox 2268 3495 2396 3551; x_wconf 89' lang='lat' dir='ltr'><strong>ergo</strong></span> <span class='ocrx_word' id='word_1_766' title='bbox 2446 3493 2516 3536; x_wconf 88' lang='lat' dir='ltr'><strong>ne</strong></span> <span class='ocrx_word' id='word_1_767' title='bbox 2557 3477 2904 3549; x_wconf 88' lang='lat' dir='ltr'><strong>perderemus</strong></span> <span class='ocrx_word' id='word_1_768' title='bbox 2932 3479 3092 3547; x_wconf 91' lang='lat' dir='ltr'><strong>istos,</strong></span> <span class='ocrx_word' id='word_1_769' title='bbox 3137 3480 3391 3551; x_wconf 86' lang='lat' dir='ltr'><strong>colligere</strong></span> <span class='ocrx_word' id='word_1_770' title='bbox 3427 3487 3485 3540; x_wconf 82' lang='lat' dir='ltr'><strong>et</strong></span> 
     </span>
    </p>
   </div>
   <div class='ocr_carea' id='block_1_96' title="bbox 1890 3571 3481 3644">
    <p class='ocr_par' dir='ltr' id='par_1_96' title="bbox 1890 3571 3481 3644">
     <span class='ocr_line' id='line_1_96' title="bbox 1890 3571 3481 3644; baseline -0.001 -14"><span class='ocrx_word' id='word_1_771' title='bbox 1890 3573 2042 3631; x_wconf 87' lang='lat' dir='ltr'><strong>ﬁctos</strong></span> <span class='ocrx_word' id='word_1_772' title='bbox 2063 3616 2077 3641; x_wconf 92' lang='lat'><strong>,</strong></span> <span class='ocrx_word' id='word_1_773' title='bbox 2107 3573 2231 3644; x_wconf 90' lang='lat' dir='ltr'><strong>quia</strong></span> <span class='ocrx_word' id='word_1_774' title='bbox 2270 3572 2323 3626; x_wconf 91' lang='lat' dir='ltr'><strong>in</strong></span> <span class='ocrx_word' id='word_1_775' title='bbox 2348 3571 2636 3642; x_wconf 88' lang='lat' dir='ltr'><strong>Evangelio</strong></span> <span class='ocrx_word' id='word_1_776' title='bbox 2664 3571 2890 3642; x_wconf 88' lang='lat' dir='ltr'><strong>legitur,</strong></span> <span class='ocrx_word' id='word_1_777' title='bbox 2923 3585 3108 3627; x_wconf 77' lang='lat' dir='ltr'><strong>servos</strong></span> <span class='ocrx_word' id='word_1_778' title='bbox 3151 3571 3219 3627; x_wconf 88' lang='lat' dir='ltr'><strong>ad</strong></span> <span class='ocrx_word' id='word_1_779' title='bbox 3265 3572 3481 3643; x_wconf 89' lang='lat' dir='ltr'><strong>nuptias</strong></span> 
     </span>
    </p>
   </div>
   <div class='ocr_carea' id='block_1_97' title="bbox 1893 3662 3478 3736">
    <p class='ocr_par' dir='ltr' id='par_1_97' title="bbox 1893 3662 3478 3736">
     <span class='ocr_line' id='line_1_97' title="bbox 1893 3662 3478 3736; baseline -0.003 -14"><span class='ocrx_word' id='word_1_780' title='bbox 1893 3666 2104 3722; x_wconf 91' lang='lat' dir='ltr'><strong>Domini</strong></span> <span class='ocrx_word' id='word_1_781' title='bbox 2144 3665 2226 3720; x_wconf 89' lang='lat' dir='ltr'><strong>sui</strong></span> <span class='ocrx_word' id='word_1_782' title='bbox 2254 3677 2608 3736; x_wconf 88' lang='lat' dir='ltr'><strong>congregasse</strong></span> <span class='ocrx_word' id='word_1_783' title='bbox 2651 3663 2901 3718; x_wconf 87' lang='lat' dir='ltr'><strong>convivas</strong></span> <span class='ocrx_word' id='word_1_784' title='bbox 2947 3662 3119 3718; x_wconf 91' lang='lat' dir='ltr'><strong>bonos</strong></span> <span class='ocrx_word' id='word_1_785' title='bbox 3161 3672 3218 3719; x_wconf 90' lang='lat' dir='ltr'><strong>et</strong></span> <span class='ocrx_word' id='word_1_786' title='bbox 3261 3665 3478 3720; x_wconf 88' lang='lat' dir='ltr'><strong>malos:</strong></span> 
     </span>
    </p>
   </div>
   <div class='ocr_carea' id='block_1_98' title="bbox 1891 3752 3486 3830">
    <p class='ocr_par' dir='ltr' id='par_1_98' title="bbox 1891 3752 3486 3830">
     <span class='ocr_line' id='line_1_98' title="bbox 1891 3752 3486 3830; baseline -0.003 -15"><span class='ocrx_word' id='word_1_787' title='bbox 1891 3759 2123 3815; x_wconf 86' lang='lat' dir='ltr'><strong>maxime</strong></span> <span class='ocrx_word' id='word_1_788' title='bbox 2148 3758 2269 3830; x_wconf 92' lang='lat' dir='ltr'><strong>quia</strong></span> <span class='ocrx_word' id='word_1_789' title='bbox 2297 3771 2394 3813; x_wconf 92' lang='lat' dir='ltr'><strong>vos</strong></span> <span class='ocrx_word' id='word_1_790' title='bbox 2419 3755 2487 3812; x_wconf 91' lang='lat' dir='ltr'><strong>de</strong></span> <span class='ocrx_word' id='word_1_791' title='bbox 2515 3769 2639 3811; x_wconf 86' lang='lat' dir='ltr'><strong>area</strong></span> <span class='ocrx_word' id='word_1_792' title='bbox 2669 3754 2936 3810; x_wconf 91' lang='lat' dir='ltr'><strong>dominica</strong></span> <span class='ocrx_word' id='word_1_793' title='bbox 2960 3752 3224 3824; x_wconf 83' lang='lat' dir='ltr'><strong>superbiae</strong></span> <span class='ocrx_word' id='word_1_794' title='bbox 3262 3754 3486 3825; x_wconf 85' lang='lat' dir='ltr'><strong>spiritus</strong></span> 
     </span>
    </p>
   </div>
   <div class='ocr_carea' id='block_1_99' title="bbox 1894 3847 3482 3923">
    <p class='ocr_par' dir='ltr' id='par_1_99' title="bbox 1894 3847 3482 3923">
     <span class='ocr_line' id='line_1_99' title="bbox 1894 3847 3482 3923; baseline -0.003 -16"><span class='ocrx_word' id='word_1_795' title='bbox 1894 3863 2144 3923; x_wconf 88' lang='lat' dir='ltr'><strong>tanquam</strong></span> <span class='ocrx_word' id='word_1_796' title='bbox 2175 3849 2453 3921; x_wconf 89' lang='lat' dir='ltr'><strong>improbus</strong></span> <span class='ocrx_word' id='word_1_797' title='bbox 2480 3856 2670 3906; x_wconf 89' lang='lat' dir='ltr'><strong>ventus</strong></span> <span class='ocrx_word' id='word_1_798' title='bbox 2689 3890 2704 3915; x_wconf 94' lang='lat'><strong>,</strong></span> <span class='ocrx_word' id='word_1_799' title='bbox 2729 3856 2855 3903; x_wconf 89' lang='lat' dir='ltr'><strong>ante</strong></span> <span class='ocrx_word' id='word_1_800' title='bbox 2883 3855 3094 3917; x_wconf 90' lang='lat' dir='ltr'><strong>tempus</strong></span> <span class='ocrx_word' id='word_1_801' title='bbox 3122 3847 3482 3903; x_wconf 82' lang='lat' dir='ltr'><strong>ventilationis</strong></span> 
     </span>
    </p>
   </div>
   <div class='ocr_carea' id='block_1_100' title="bbox 1893 3940 3481 4011">
    <p class='ocr_par' dir='ltr' id='par_1_100' title="bbox 1893 3940 3481 4011">
     <span class='ocr_line' id='line_1_100' title="bbox 1893 3940 3481 4011; baseline -0.003 -12"><span class='ocrx_word' id='word_1_802' title='bbox 1893 3943 2160 4010; x_wconf 91' lang='lat' dir='ltr'><strong>excussit,</strong></span> <span class='ocrx_word' id='word_1_803' title='bbox 2192 3942 2335 3998; x_wconf 89' lang='lat' dir='ltr'><strong>unde</strong></span> <span class='ocrx_word' id='word_1_804' title='bbox 2360 3955 2457 3998; x_wconf 90' lang='lat' dir='ltr'><strong>vos</strong></span> <span class='ocrx_word' id='word_1_805' title='bbox 2478 3941 2547 3997; x_wconf 89' lang='lat' dir='ltr'><strong>ad</strong></span> <span class='ocrx_word' id='word_1_806' title='bbox 2571 3941 2737 4007; x_wconf 90' lang='lat' dir='ltr'><strong>illam,</strong></span> <span class='ocrx_word' id='word_1_807' title='bbox 2768 3950 3026 4011; x_wconf 91' lang='lat' dir='ltr'><strong>quantum</strong></span> <span class='ocrx_word' id='word_1_808' title='bbox 3052 3940 3345 4010; x_wconf 90' lang='lat' dir='ltr'><strong>opitulante</strong></span> <span class='ocrx_word' id='word_1_809' title='bbox 3371 3940 3481 3996; x_wconf 88' lang='lat' dir='ltr'><strong>Deo</strong></span> 
     </span>
    </p>
   </div>
   <div class='ocr_carea' id='block_1_101' title="bbox 1893 4031 3484 4109">
    <p class='ocr_par' dir='ltr' id='par_1_101' title="bbox 1893 4031 3484 4109">
     <span class='ocr_line' id='line_1_101' title="bbox 1893 4031 3484 4109; baseline -0.006 -14"><span class='ocrx_word' id='word_1_810' title='bbox 1893 4051 2196 4109; x_wconf 86' lang='lat' dir='ltr'><strong>possumus,</strong></span> <span class='ocrx_word' id='word_1_811' title='bbox 2229 4049 2483 4092; x_wconf 87' lang='lat' dir='ltr'><strong>revocare</strong></span> <span class='ocrx_word' id='word_1_812' title='bbox 2501 4048 2778 4090; x_wconf 90' lang='lat' dir='ltr'><strong>conamur.</strong></span> <span class='ocrx_word' id='word_1_813' title='bbox 2808 4032 2878 4087; x_wconf 88' lang='lat' dir='ltr'><strong>Et</strong></span> <span class='ocrx_word' id='word_1_814' title='bbox 2903 4031 3084 4101; x_wconf 88' lang='lat' dir='ltr'><strong>utique</strong></span> <span class='ocrx_word' id='word_1_815' title='bbox 3103 4033 3272 4088; x_wconf 89' lang='lat' dir='ltr'><strong>nostis</strong></span> <span class='ocrx_word' id='word_1_816' title='bbox 3297 4047 3484 4101; x_wconf 90' lang='lat' dir='ltr'><strong>quem-</strong></span> 
     </span>
    </p>
   </div>
   <div class='ocr_carea' id='block_1_102' title="bbox 1893 4123 3482 4197">
    <p class='ocr_par' dir='ltr' id='par_1_102' title="bbox 1893 4123 3482 4197">
     <span class='ocr_line' id='line_1_102' title="bbox 1893 4123 3482 4197; baseline -0.004 -11"><span class='ocrx_word' id='word_1_817' title='bbox 1893 4129 2180 4186; x_wconf 91' lang='lat' dir='ltr'><strong>admodum</strong></span> <span class='ocrx_word' id='word_1_818' title='bbox 2223 4127 2400 4197; x_wconf 89' lang='lat' dir='ltr'><strong>scopis</strong></span> <span class='ocrx_word' id='word_1_819' title='bbox 2428 4125 2720 4196; x_wconf 84' lang='lat' dir='ltr'><strong>diligentiae</strong></span> <span class='ocrx_word' id='word_1_820' title='bbox 2759 4124 3087 4178; x_wconf 89' lang='lat' dir='ltr'><strong>frumentum</strong></span> <span class='ocrx_word' id='word_1_821' title='bbox 3131 4123 3290 4178; x_wconf 94' lang='lat' dir='ltr'><strong>simul</strong></span> <span class='ocrx_word' id='word_1_822' title='bbox 3319 4123 3482 4180; x_wconf 89' lang='lat' dir='ltr'><strong>etiam</strong></span> 
     </span>
    </p>
   </div>
   <div class='ocr_carea' id='block_1_103' title="bbox 1893 4215 3349 4288">
    <p class='ocr_par' dir='ltr' id='par_1_103' title="bbox 1893 4215 3349 4288">
     <span class='ocr_line' id='line_1_103' title="bbox 1893 4215 3349 4288; baseline -0.007 -10"><span class='ocrx_word' id='word_1_823' title='bbox 1893 4237 2016 4278; x_wconf 90' lang='lat' dir='ltr'><strong>cum</strong></span> <span class='ocrx_word' id='word_1_824' title='bbox 2056 4229 2198 4276; x_wconf 87' lang='lat' dir='ltr'><strong>terra</strong></span> <span class='ocrx_word' id='word_1_825' title='bbox 2228 4218 2454 4274; x_wconf 88' lang='lat' dir='ltr'><strong>trahitur</strong></span> <span class='ocrx_word' id='word_1_826' title='bbox 2472 4257 2488 4285; x_wconf 91' lang='lat'><strong>,</strong></span> <span class='ocrx_word' id='word_1_827' title='bbox 2518 4216 2731 4288; x_wconf 86' lang='lat' dir='ltr'><strong>quando</strong></span> <span class='ocrx_word' id='word_1_828' title='bbox 2752 4215 2806 4270; x_wconf 91' lang='lat' dir='ltr'><strong>in</strong></span> <span class='ocrx_word' id='word_1_829' title='bbox 2834 4230 3014 4270; x_wconf 86' lang='lat' dir='ltr'><strong>aream</strong></span> <span class='ocrx_word' id='word_1_830' title='bbox 3043 4223 3349 4271; x_wconf 86' lang='lat' dir='ltr'><strong>revocatur.</strong></span> 
     </span>
    </p>
   </div>
   <div class='ocr_carea' id='block_1_104' title="bbox 1965 4307 3480 4378">
    <p class='ocr_par' dir='ltr' id='par_1_104' title="bbox 1965 4307 3480 4378">
     <span class='ocr_line' id='line_1_104' title="bbox 1965 4307 3480 4378; baseline -0.004 -9"><span class='ocrx_word' id='word_1_831' title='bbox 1965 4311 2190 4369; x_wconf 87' lang='lat' dir='ltr'><strong>CAPUT</strong></span> <span class='ocrx_word' id='word_1_832' title='bbox 2228 4310 2398 4366; x_wconf 79' lang='lat' dir='ltr'><strong>XXV.</strong></span> <span class='ocrx_word' id='word_1_833' title='bbox 2425 4339 2499 4350; x_wconf 92' lang='lat'><strong><em>—</em></strong></span> <span class='ocrx_word' id='word_1_834' title='bbox 2522 4309 2612 4366; x_wconf 78' lang='grc'><strong>28.</strong></span> <span class='ocrx_word' id='word_1_835' title='bbox 2645 4309 2798 4378; x_wconf 83' lang='lat' dir='ltr'><strong>Quod</strong></span> <span class='ocrx_word' id='word_1_836' title='bbox 2825 4318 3005 4365; x_wconf 90' lang='lat' dir='ltr'><strong>autem</strong></span> <span class='ocrx_word' id='word_1_837' title='bbox 3033 4308 3186 4364; x_wconf 89' lang='lat' dir='ltr'><strong>vobis</strong></span> <span class='ocrx_word' id='word_1_838' title='bbox 3228 4307 3439 4365; x_wconf 87' lang='lat' dir='ltr'><strong>videtur</strong></span> <span class='ocrx_word' id='word_1_839' title='bbox 3461 4348 3480 4378; x_wconf 89' lang='lat'><strong>,</strong></span> 
     </span>
    </p>
   </div>
   <div class='ocr_carea' id='block_1_105' title="bbox 1897 4402 3486 4473">
    <p class='ocr_par' dir='ltr' id='par_1_105' title="bbox 1897 4402 3486 4473">
     <span class='ocr_line' id='line_1_105' title="bbox 1897 4402 3486 4473; baseline -0.003 -11"><span class='ocrx_word' id='word_1_840' title='bbox 1897 4407 2088 4462; x_wconf 90' lang='lat' dir='ltr'><strong>invitos</strong></span> <span class='ocrx_word' id='word_1_841' title='bbox 2125 4405 2192 4461; x_wconf 91' lang='lat' dir='ltr'><strong>ad</strong></span> <span class='ocrx_word' id='word_1_842' title='bbox 2233 4405 2510 4461; x_wconf 91' lang='lat' dir='ltr'><strong>veritatem</strong></span> <span class='ocrx_word' id='word_1_843' title='bbox 2555 4417 2662 4458; x_wconf 91' lang='lat' dir='ltr'><strong>non</strong></span> <span class='ocrx_word' id='word_1_844' title='bbox 2689 4417 2810 4459; x_wconf 87' lang='lat' dir='ltr'><strong>esse</strong></span> <span class='ocrx_word' id='word_1_845' title='bbox 2845 4403 3134 4473; x_wconf 88' lang='lat' dir='ltr'><strong>cogendos,</strong></span> <span class='ocrx_word' id='word_1_846' title='bbox 3163 4402 3356 4457; x_wconf 88' lang='lat' dir='ltr'><strong>erratis</strong></span> <span class='ocrx_word' id='word_1_847' title='bbox 3384 4418 3486 4458; x_wconf 88' lang='lat' dir='ltr'><strong>ne-</strong></span> 
     </span>
    </p>
   </div>
   <div class='ocr_carea' id='block_1_106' title="bbox 1897 4493 3486 4567">
    <p class='ocr_par' dir='ltr' id='par_1_106' title="bbox 1897 4493 3486 4567">
     <span class='ocr_line' id='line_1_106' title="bbox 1897 4493 3486 4567; baseline -0.004 -12"><span class='ocrx_word' id='word_1_848' title='bbox 1897 4500 2127 4556; x_wconf 88' lang='lat' dir='ltr'><strong>scientes</strong></span> <span class='ocrx_word' id='word_1_849' title='bbox 2178 4497 2499 4567; x_wconf 89' lang='lat' dir='ltr'><strong>Scripturas,</strong></span> <span class='ocrx_word' id='word_1_850' title='bbox 2552 4509 2726 4566; x_wconf 91' lang='lat' dir='ltr'><strong>neque</strong></span> <span class='ocrx_word' id='word_1_851' title='bbox 2779 4495 3029 4549; x_wconf 88' lang='lat' dir='ltr'><strong>virtutem</strong></span> <span class='ocrx_word' id='word_1_852' title='bbox 3081 4494 3194 4559; x_wconf 91' lang='lat' dir='ltr'><strong>Dei,</strong></span> <span class='ocrx_word' id='word_1_853' title='bbox 3250 4493 3340 4563; x_wconf 89' lang='lat' dir='ltr'><strong>qui</strong></span> <span class='ocrx_word' id='word_1_854' title='bbox 3386 4505 3486 4549; x_wconf 88' lang='lat' dir='ltr'><strong>eos</strong></span> 
     </span>
    </p>
   </div>
   <div class='ocr_carea' id='block_1_107' title="bbox 1897 4583 3487 4658">
    <p class='ocr_par' dir='ltr' id='par_1_107' title="bbox 1897 4583 3487 4658">
     <span class='ocr_line' id='line_1_107' title="bbox 1897 4583 3487 4658; baseline -0.006 -10"><span class='ocrx_word' id='word_1_855' title='bbox 1897 4593 2140 4648; x_wconf 87' lang='lat' dir='ltr'><strong>volentes</strong></span> <span class='ocrx_word' id='word_1_856' title='bbox 2189 4589 2312 4645; x_wconf 89' lang='lat' dir='ltr'><strong>facit</strong></span> <span class='ocrx_word' id='word_1_857' title='bbox 2349 4588 2476 4643; x_wconf 92' lang='lat' dir='ltr'><strong>dum</strong></span> <span class='ocrx_word' id='word_1_858' title='bbox 2522 4595 2782 4658; x_wconf 86' lang='lat' dir='ltr'><strong>coguntur</strong></span> <span class='ocrx_word' id='word_1_859' title='bbox 2822 4585 2993 4641; x_wconf 90' lang='lat' dir='ltr'><strong>inviti.</strong></span> <span class='ocrx_word' id='word_1_860' title='bbox 3037 4583 3302 4655; x_wconf 86' lang='lat' dir='ltr'><strong>Numquid</strong></span> <span class='ocrx_word' id='word_1_861' title='bbox 3339 4583 3487 4639; x_wconf 88' lang='lat' dir='ltr'><strong>enim</strong></span> 
     </span>
    </p>
   </div>
   <div class='ocr_carea' id='block_1_108' title="bbox 1899 4676 3486 4756">
    <p class='ocr_par' dir='ltr' id='par_1_108' title="bbox 1899 4676 3486 4756">
     <span class='ocr_line' id='line_1_108' title="bbox 1899 4676 3486 4756; baseline -0.004 -17"><span class='ocrx_word' id='word_1_862' title='bbox 1899 4684 2264 4756; x_wconf 83' lang='lat' dir='ltr'><strong>paenitentiam</strong></span> <span class='ocrx_word' id='word_1_863' title='bbox 2304 4681 2549 4738; x_wconf 74' lang='lat' dir='ltr'><strong>Ninivitae</strong></span> <span class='ocrx_word' id='word_1_864' title='bbox 2591 4679 2741 4735; x_wconf 90' lang='lat' dir='ltr'><strong>inviti</strong></span> <span class='ocrx_word' id='word_1_865' title='bbox 2785 4687 3026 4749; x_wconf 87' lang='lat' dir='ltr'><strong>egerunt,</strong></span> <span class='ocrx_word' id='word_1_866' title='bbox 3057 4676 3181 4747; x_wconf 89' lang='lat' dir='ltr'><strong>quia</strong></span> <span class='ocrx_word' id='word_1_867' title='bbox 3213 4676 3315 4731; x_wconf 91' lang='lat' dir='ltr'><strong>hoc</strong></span> <span class='ocrx_word' id='word_1_868' title='bbox 3357 4691 3486 4747; x_wconf 85' lang='lat' dir='ltr'><strong>rege</strong></span> 
     </span>
    </p>
   </div>
   <div class='ocr_carea' id='block_1_109' title="bbox 1899 4767 3488 4847">
    <p class='ocr_par' dir='ltr' id='par_1_109' title="bbox 1899 4767 3488 4847">
     <span class='ocr_line' id='line_1_109' title="bbox 1899 4767 3488 4847; baseline -0.006 -14"><span class='ocrx_word' id='word_1_869' title='bbox 1899 4792 1997 4832; x_wconf 91' lang='lat' dir='ltr'><strong>suo</strong></span> <span class='ocrx_word' id='word_1_870' title='bbox 2039 4774 2394 4847; x_wconf 89' lang='lat' dir='ltr'><strong>compellente</strong></span> <span class='ocrx_word' id='word_1_871' title='bbox 2419 4771 2700 4830; x_wconf 90' lang='lat' dir='ltr'><strong>fecerunt?</strong></span> <span class='ocrx_word' id='word_1_872' title='bbox 2740 4771 2858 4826; x_wconf 84' lang='lat' dir='ltr'><strong>Jam</strong></span> <span class='ocrx_word' id='word_1_873' title='bbox 2889 4769 3032 4825; x_wconf 89' lang='lat' dir='ltr'><strong>enim</strong></span> <span class='ocrx_word' id='word_1_874' title='bbox 3062 4767 3320 4838; x_wconf 89' lang='lat' dir='ltr'><strong>pr0pheta</strong></span> <span class='ocrx_word' id='word_1_875' title='bbox 3349 4767 3488 4824; x_wconf 90' lang='lat' dir='ltr'><strong>iram</strong></span> 
     </span>
    </p>
   </div>
   <div class='ocr_carea' id='block_1_110' title="bbox 1900 4861 3489 4934">
    <p class='ocr_par' dir='ltr' id='par_1_110' title="bbox 1900 4861 3489 4934">
     <span class='ocr_line' id='line_1_110' title="bbox 1900 4861 3489 4934; baseline -0.006 -8"><span class='ocrx_word' id='word_1_876' title='bbox 1900 4871 1994 4927; x_wconf 91' lang='lat' dir='ltr'><strong>Dei</strong></span> <span class='ocrx_word' id='word_1_877' title='bbox 2012 4870 2274 4926; x_wconf 84' lang='lat' dir='ltr'><strong>universae</strong></span> <span class='ocrx_word' id='word_1_878' title='bbox 2289 4867 2488 4925; x_wconf 88' lang='lat' dir='ltr'><strong>civitati</strong></span> <span class='ocrx_word' id='word_1_879' title='bbox 2509 4880 2628 4922; x_wconf 89' lang='lat' dir='ltr'><strong>eam</strong></span> <span class='ocrx_word' id='word_1_880' title='bbox 2651 4864 2826 4919; x_wconf 91' lang='lat' dir='ltr'><strong>triduo</strong></span> <span class='ocrx_word' id='word_1_881' title='bbox 2847 4861 3223 4934; x_wconf 89' lang='lat' dir='ltr'><strong>perambulans</strong></span> <span class='ocrx_word' id='word_1_882' title='bbox 3240 4875 3489 4930; x_wconf 70' lang='lat' dir='ltr'><strong>praenun-</strong></span> 
     </span>
    </p>
   </div>
   <div class='ocr_carea' id='block_1_111' title="bbox 1901 4952 3486 5036">
    <p class='ocr_par' dir='ltr' id='par_1_111' title="bbox 1901 4952 3486 5036">
     <span class='ocr_line' id='line_1_111' title="bbox 1901 4952 3486 5036; baseline -0.008 -16"><span class='ocrx_word' id='word_1_883' title='bbox 1901 4966 2124 5021; x_wconf 87' lang='lat' dir='ltr'><strong>tiaverat</strong></span> <span class='ocrx_word' id='word_1_884' title='bbox 2140 4963 2192 5036; x_wconf 77' lang='grc' dir='ltr'><strong>(Ι</strong></span> <span class='ocrx_word' id='word_1_885' title='bbox 2200 4977 2313 5018; x_wconf 73' lang='lat' dir='ltr'><strong>ante</strong></span> <span class='ocrx_word' id='word_1_886' title='bbox 2357 4960 2457 5033; x_wconf 87' lang='grc' dir='ltr'><strong>ιιι).</strong></span> <span class='ocrx_word' id='word_1_887' title='bbox 2476 4957 2614 5027; x_wconf 82' lang='lat' dir='ltr'><strong>Quid</strong></span> <span class='ocrx_word' id='word_1_888' title='bbox 2628 4957 2786 5029; x_wconf 88' lang='lat' dir='ltr'><strong>igitur</strong></span> <span class='ocrx_word' id='word_1_889' title='bbox 2801 4969 2934 5027; x_wconf 88' lang='lat' dir='ltr'><strong>opus</strong></span> <span class='ocrx_word' id='word_1_890' title='bbox 2950 4961 3066 5011; x_wconf 88' lang='lat' dir='ltr'><strong>erat</strong></span> <span class='ocrx_word' id='word_1_891' title='bbox 3081 4953 3223 5025; x_wconf 89' lang='lat' dir='ltr'><strong>regis</strong></span> <span class='ocrx_word' id='word_1_892' title='bbox 3236 4952 3486 5025; x_wconf 89' lang='lat' dir='ltr'><strong>imperio,</strong></span> 
     </span>
    </p>
   </div>
   <div class='ocr_carea' id='block_1_112' title="bbox 1902 5048 3490 5125">
    <p class='ocr_par' dir='ltr' id='par_1_112' title="bbox 1902 5048 3490 5125">
     <span class='ocr_line' id='line_1_112' title="bbox 1902 5048 3490 5125; baseline -0.008 -12"><span class='ocrx_word' id='word_1_893' title='bbox 1902 5065 1958 5113; x_wconf 92' lang='lat' dir='ltr'><strong>ut</strong></span> <span class='ocrx_word' id='word_1_894' title='bbox 1983 5057 2254 5112; x_wconf 89' lang='lat' dir='ltr'><strong>humiliter</strong></span> <span class='ocrx_word' id='word_1_895' title='bbox 2281 5053 2667 5125; x_wconf 89' lang='lat' dir='ltr'><strong>supplicaretur</strong></span> <span class='ocrx_word' id='word_1_896' title='bbox 2695 5051 2825 5119; x_wconf 91' lang='lat' dir='ltr'><strong>Deo,</strong></span> <span class='ocrx_word' id='word_1_897' title='bbox 2849 5048 2940 5121; x_wconf 93' lang='lat' dir='ltr'><strong>qui</strong></span> <span class='ocrx_word' id='word_1_898' title='bbox 2963 5063 3071 5104; x_wconf 90' lang='lat' dir='ltr'><strong>non</strong></span> <span class='ocrx_word' id='word_1_899' title='bbox 3101 5048 3338 5103; x_wconf 88' lang='lat' dir='ltr'><strong>intuetur</strong></span> <span class='ocrx_word' id='word_1_900' title='bbox 3372 5061 3490 5113; x_wconf 90' lang='lat' dir='ltr'><strong>ora,</strong></span> 
     </span>
    </p>
   </div>
   <div class='ocr_carea' id='block_1_113' title="bbox 1900 5141 3529 5220">
    <p class='ocr_par' dir='ltr' id='par_1_113' title="bbox 1900 5141 3529 5220">
     <span class='ocr_line' id='line_1_113' title="bbox 1900 5141 3529 5220; baseline -0.008 -11"><span class='ocrx_word' id='word_1_901' title='bbox 1900 5151 1998 5210; x_wconf 90' lang='lat' dir='ltr'><strong>sed</strong></span> <span class='ocrx_word' id='word_1_902' title='bbox 2026 5151 2225 5217; x_wconf 88' lang='lat' dir='ltr'><strong>corda;</strong></span> <span class='ocrx_word' id='word_1_903' title='bbox 2271 5150 2372 5204; x_wconf 92' lang='lat' dir='ltr'><strong>nisi</strong></span> <span class='ocrx_word' id='word_1_904' title='bbox 2412 5148 2535 5220; x_wconf 88' lang='lat' dir='ltr'><strong>quia</strong></span> <span class='ocrx_word' id='word_1_905' title='bbox 2579 5154 2731 5202; x_wconf 88' lang='lat' dir='ltr'><strong>erant</strong></span> <span class='ocrx_word' id='word_1_906' title='bbox 2777 5147 2830 5200; x_wconf 93' lang='lat' dir='ltr'><strong>in</strong></span> <span class='ocrx_word' id='word_1_907' title='bbox 2869 5146 2948 5201; x_wconf 87' lang='lat' dir='ltr'><strong>eis</strong></span> <span class='ocrx_word' id='word_1_908' title='bbox 2996 5141 3210 5214; x_wconf 89' lang='lat' dir='ltr'><strong>quidam</strong></span> <span class='ocrx_word' id='word_1_909' title='bbox 3253 5141 3343 5212; x_wconf 88' lang='lat' dir='ltr'><strong>qui</strong></span> <span class='ocrx_word' id='word_1_910' title='bbox 3391 5155 3529 5220; x_wconf 43' lang='lat' dir='ltr'><strong>nec?</strong></span> 
     </span>
    </p>
   </div>
   <div class='ocr_carea' id='block_1_114' title="bbox 1901 5216 3528 5313">
    <p class='ocr_par' dir='ltr' id='par_1_114' title="bbox 1901 5216 3528 5313">
     <span class='ocr_line' id='line_1_114' title="bbox 1901 5216 3528 5313; baseline -0.009 -10"><span class='ocrx_word' id='word_1_911' title='bbox 1901 5254 2168 5313; x_wconf 91' lang='lat' dir='ltr'><strong>curarent,</strong></span> <span class='ocrx_word' id='word_1_912' title='bbox 2200 5258 2300 5301; x_wconf 91' lang='lat' dir='ltr'><strong>nec</strong></span> <span class='ocrx_word' id='word_1_913' title='bbox 2326 5243 2607 5301; x_wconf 88' lang='lat' dir='ltr'><strong>crederent</strong></span> <span class='ocrx_word' id='word_1_914' title='bbox 2646 5240 2902 5311; x_wconf 66' lang='lat' dir='ltr'><strong>praedicta</strong></span> <span class='ocrx_word' id='word_1_915' title='bbox 2941 5240 3138 5306; x_wconf 86' lang='lat' dir='ltr'><strong>divina,</strong></span> <span class='ocrx_word' id='word_1_916' title='bbox 3188 5237 3289 5292; x_wconf 91' lang='lat' dir='ltr'><strong>nisi</strong></span> <span class='ocrx_word' id='word_1_917' title='bbox 3321 5235 3492 5290; x_wconf 86' lang='lat' dir='ltr'><strong>territi</strong></span> <span class='ocrx_word' id='word_1_918' title='bbox 3520 5216 3528 5227; x_wconf 77' lang='grc'><em>’</em></span> 
     </span>
    </p>
   </div>
   <div class='ocr_carea' id='block_1_115' title="bbox 1901 5332 3494 5412">
    <p class='ocr_par' dir='ltr' id='par_1_115' title="bbox 1901 5332 3494 5412">
     <span class='ocr_line' id='line_1_115' title="bbox 1901 5332 3494 5412; baseline -0.009 -16"><span class='ocrx_word' id='word_1_919' title='bbox 1901 5347 2164 5412; x_wconf 89' lang='lat' dir='ltr'><strong>potestate</strong></span> <span class='ocrx_word' id='word_1_920' title='bbox 2189 5337 2439 5394; x_wconf 88' lang='lat' dir='ltr'><strong>terrena?</strong></span> <span class='ocrx_word' id='word_1_921' title='bbox 2468 5336 2571 5392; x_wconf 86' lang='lat' dir='ltr'><strong>Ista</strong></span> <span class='ocrx_word' id='word_1_922' title='bbox 2601 5334 2759 5406; x_wconf 88' lang='lat' dir='ltr'><strong>igitur</strong></span> <span class='ocrx_word' id='word_1_923' title='bbox 2784 5334 3024 5406; x_wconf 89' lang='lat' dir='ltr'><strong>jussione</strong></span> <span class='ocrx_word' id='word_1_924' title='bbox 3055 5332 3214 5402; x_wconf 71' lang='lat' dir='ltr'><strong>regia:</strong></span> <span class='ocrx_word' id='word_1_925' title='bbox 3257 5337 3494 5400; x_wconf 89' lang='lat' dir='ltr'><strong>potesta-</strong></span> 
     </span>
    </p>
   </div>
   <div class='ocr_carea' id='block_1_116' title="bbox 1904 5419 3489 5501">
    <p class='ocr_par' dir='ltr' id='par_1_116' title="bbox 1904 5419 3489 5501">
     <span class='ocr_line' id='line_1_116' title="bbox 1904 5419 3489 5501; baseline -0.009 -13"><span class='ocrx_word' id='word_1_926' title='bbox 1904 5433 1988 5499; x_wconf 91' lang='lat' dir='ltr'><strong>tis,</strong></span> <span class='ocrx_word' id='word_1_927' title='bbox 2017 5439 2205 5487; x_wconf 90' lang='lat' dir='ltr'><strong>contra</strong></span> <span class='ocrx_word' id='word_1_928' title='bbox 2231 5445 2390 5501; x_wconf 91' lang='lat' dir='ltr'><strong>quam</strong></span> <span class='ocrx_word' id='word_1_929' title='bbox 2420 5427 2750 5484; x_wconf 90' lang='lat' dir='ltr'><strong>voluntarius</strong></span> <span class='ocrx_word' id='word_1_930' title='bbox 2781 5427 2839 5482; x_wconf 92' lang='lat' dir='ltr'><strong>ﬁt</strong></span> <span class='ocrx_word' id='word_1_931' title='bbox 2863 5435 3043 5483; x_wconf 90' lang='lat' dir='ltr'><strong>vester</strong></span> <span class='ocrx_word' id='word_1_932' title='bbox 3071 5437 3312 5486; x_wconf 90' lang='lat' dir='ltr'><strong>occasus,</strong></span> <span class='ocrx_word' id='word_1_933' title='bbox 3342 5419 3489 5475; x_wconf 90' lang='lat' dir='ltr'><strong>mul-</strong></span> 
     </span>
    </p>
   </div>
   <div class='ocr_carea' id='block_1_117' title="bbox 1968 5620 3492 5700">
    <p class='ocr_par' dir='ltr' id='par_1_117' title="bbox 1968 5620 3492 5700">
     <span class='ocr_line' id='line_1_117' title="bbox 1968 5620 3492 5700; baseline -0.01 -14"><span class='ocrx_word' id='word_1_934' title='bbox 1968 5639 1985 5668; x_wconf 75' lang='grc' dir='ltr'>ί</span> <span class='ocrx_word' id='word_1_935' title='bbox 2019 5640 2169 5686; x_wconf 89' lang='lat' dir='ltr'><strong>Deest</strong></span> <span class='ocrx_word' id='word_1_936' title='bbox 2228 5634 2306 5684; x_wconf 91' lang='lat' dir='ltr'><strong>hic</strong></span> <span class='ocrx_word' id='word_1_937' title='bbox 2368 5633 2579 5700; x_wconf 80' lang='lat' dir='ltr'><strong>alterum</strong></span> <span class='ocrx_word' id='word_1_938' title='bbox 2638 5633 2927 5684; x_wconf 85' lang='lat' dir='ltr'><strong>membrum.</strong></span> <span class='ocrx_word' id='word_1_939' title='bbox 2992 5624 3304 5700; x_wconf 47' lang='lat' dir='ltr'><strong>tegendum”</strong></span> <span class='ocrx_word' id='word_1_940' title='bbox 3327 5620 3492 5700; x_wconf 73' lang='lat' dir='ltr'><strong>forte,</strong></span> 
     </span>
    </p>
   </div>
   <div class='ocr_carea' id='block_1_118' title="bbox 1905 5685 3494 5761">
    <p class='ocr_par' dir='ltr' id='par_1_118' title="bbox 1905 5685 3494 5761">
     <span class='ocr_line' id='line_1_118' title="bbox 1905 5685 3494 5761; baseline -0.008 -12"><span class='ocrx_word' id='word_1_941' title='bbox 1905 5707 1997 5750; x_wconf 86' lang='lat' dir='ltr'><strong>Nec</strong></span> <span class='ocrx_word' id='word_1_942' title='bbox 2024 5685 2230 5761; x_wconf 22' lang='lat' dir='ltr'><strong>iPatrem</strong></span> <span class='ocrx_word' id='word_1_943' title='bbox 2268 5695 2565 5761; x_wconf 76' lang='lat' dir='ltr'><strong>cognovistis,</strong></span> <span class='ocrx_word' id='word_1_944' title='bbox 2607 5709 2749 5759; x_wconf 85' lang='lat' dir='ltr'><strong>quem</strong></span> <span class='ocrx_word' id='word_1_945' title='bbox 2781 5707 2896 5761; x_wconf 56' lang='lat' dir='ltr'><strong>non</strong></span> <span class='ocrx_word' id='word_1_946' title='bbox 2909 5685 3111 5742; x_wconf 72' lang='lat' dir='ltr'><strong>audistis</strong></span> <span class='ocrx_word' id='word_1_947' title='bbox 3146 5685 3494 5761; x_wconf 52' lang='lat' dir='ltr'><strong>pro/tiliam,</strong></span> 
     </span>
    </p>
   </div>
   <div class='ocr_carea' id='block_1_119' title="bbox 1907 5748 3489 5822">
    <p class='ocr_par' dir='ltr' id='par_1_119' title="bbox 1907 5748 3489 5822">
     <span class='ocr_line' id='line_1_119' title="bbox 1907 5748 3489 5822; baseline -0.006 -10"><span class='ocrx_word' id='word_1_948' title='bbox 1907 5748 2005 5812; x_wconf 56' lang='lat' dir='ltr'><strong>Non</strong></span> <span class='ocrx_word' id='word_1_949' title='bbox 2029 5760 2252 5821; x_wconf 84' lang='lat' dir='ltr'><strong>occides;</strong></span> <span class='ocrx_word' id='word_1_950' title='bbox 2293 5748 2379 5822; x_wconf 66' lang='lat' dir='ltr'><strong>n&#39;éc</strong></span> <span class='ocrx_word' id='word_1_951' title='bbox 2428 5748 2938 5822; x_wconf 62' lang='lat' dir='ltr'><strong>I‘ilitnn&#39;cognm&#39;istis,</strong></span> <span class='ocrx_word' id='word_1_952' title='bbox 2975 5765 3118 5816; x_wconf 82' lang='lat' dir='ltr'><strong>quem</strong></span> <span class='ocrx_word' id='word_1_953' title='bbox 3147 5748 3245 5802; x_wconf 78' lang='lat' dir='ltr'><strong>non</strong></span> <span class='ocrx_word' id='word_1_954' title='bbox 3284 5748 3489 5822; x_wconf 69' lang='lat' dir='ltr'><strong>audistis</strong></span> 
     </span>
    </p>
   </div>
   <div class='ocr_carea' id='block_1_120' title="bbox 1911 5815 3342 5894">
    <p class='ocr_par' dir='ltr' id='par_1_120' title="bbox 1911 5815 3342 5894">
     <span class='ocr_line' id='line_1_120' title="bbox 1911 5815 3342 5894; baseline -0.007 -14"><span class='ocrx_word' id='word_1_955' title='bbox 1911 5824 2164 5889; x_wconf 80' lang='lat' dir='ltr'><strong>dicentem,</strong></span> <span class='ocrx_word' id='word_1_956' title='bbox 2188 5815 2367 5894; x_wconf 72' lang='lat' dir='ltr'><strong>Fugite.</strong></span> <span class='ocrx_word' id='word_1_957' title='bbox 2697 5815 2716 5822; x_wconf 68' lang='grc'>⁷</span> <span class='ocrx_word' id='word_1_958' title='bbox 2927 5815 2932 5816; x_wconf 43' lang='grc'><strong>“</strong></span> <span class='ocrx_word' id='word_1_959' title='bbox 3329 5815 3342 5826; x_wconf 82' lang='grc'><em>’</em></span> 
     </span>
    </p>
   </div>
   <div class='ocr_carea' id='block_1_121' title="bbox 3325 5935 3362 5948">
    <p class='ocr_par' dir='ltr' id='par_1_121' title="bbox 3325 5935 3362 5948">
     <span class='ocr_line' id='line_1_121' title="bbox 3325 5935 3362 5948; baseline 0 0"><span class='ocrx_word' id='word_1_960' title='bbox 3325 5935 3362 5948; x_wconf 65' lang='grc' dir='ltr'><strong>..ι</strong></span> 
     </span>
    </p>
   </div>
  </div>
