3804 6202
371 333 462 389 ,νη
1350 308 1617 367 comm
1660 303 2128 373 GAUDENTIUM,
2169 305 2226 363 s.
2267 303 2636 365 AUGUSTINI

366 446 600 500 tissimus
620 438 914 512 Cyprianus
936 429 1068 500 (Lib.
1088 427 1151 479 de
1176 422 1352 476 Laude
1372 420 1629 512 biartyrii,
1644 421 1712 472 ad
1734 418 1947 489 Moysen

365 546 414 589 et
443 511 770 588 Maximum),
801 519 894 576 sed
922 527 1099 572 tamen
1125 513 1356 569 flammis
1381 511 1658 581 objiciunt,
1685 525 1822 580 quos
1848 523 1944 564 ne-

366 641 455 681 mo
483 616 748 680 damnavit
777 631 789 668 :
823 626 927 667 non
948 619 1030 665 est
1057 609 1160 663 hoc
1188 605 1490 671 consilium,
1509 604 1605 660 sed
1634 605 1781 659 furor
1799 647 1813 670 ,
1841 618 1949 660 non

361 727 442 772 est
470 708 746 772 sapientia,
773 703 864 760 sed
895 701 1147 757 amentia.
1179 698 1421 753 Habeant
1449 698 1534 753 isti
1563 695 1807 752 incendia
1831 711 1947 765 sua,

359 805 448 876 qui
479 775 584 857 non
611 800 794 854 dicunt
815 796 881 851 de
907 791 1172 864 adjutorio
1202 790 1435 858 Domini,
1472 788 1728 854 Quoniam
1752 789 1814 843 ab
1839 789 1950 860 ipso

358 896 599 967 patientia
624 907 735 945 mea
761 887 932 960 (Psal.
957 901 1064 954 Lxl,
1089 883 1166 955 6).

429 989 519 1045 55.
548 985 706 1041 Certe
755 990 970 1038 sanctus
1019 978 1119 1035 Job
1164 976 1377 1050 quando
1405 991 1435 1032 a
1463 977 1634 1048 capite
1677 989 1844 1046 usque
1883 973 1951 1030 ad

254 1129 265 1150 τ
357 1081 521 1152 pedes
573 1075 891 1133 intolerabili
937 1059 1161 1130 vulnere
1211 1070 1586 1142 putrescebat,
1641 1075 1695 1123 et
1749 1067 1950 1122 dolori-

358 1173 455 1228 bus
509 1169 917 1226 excruciabatur
968 1163 1324 1230 immanibus,
1372 1163 1474 1218 hoc
1523 1169 1758 1218 vestrum
1802 1175 1952 1215 com-
1999 1201 2010 1214 ,

356 1263 609 1336 pendium
646 1259 879 1316 habebat
910 1258 966 1313 in
1000 1259 1284 1327 promptu;
1318 1269 1430 1326 quo
1465 1268 1524 1310 se
1550 1253 1618 1308 ab
1649 1249 1952 1324 hujusmodi

351 1359 457 1413 vita
526 1353 812 1412 horrendis
860 1350 1254 1408 calamitatibus
1311 1349 1502 1419 plena,
1558 1348 1613 1402 in
1658 1361 1761 1418 qua
1821 1360 1952 1417 pro-

356 1451 441 1505 cul
498 1447 664 1504 dubio
709 1444 992 1508 manebat,
1031 1441 1247 1498 nolebat
1281 1443 1511 1512 eripere.
1557 1441 1802 1495 Potestas
1849 1438 1952 1494 uti-

357 1554 459 1610 que
497 1537 704 1604 aderat,
733 1535 828 1593 sed
855 1533 1059 1605 iustitia
1096 1547 1202 1588 non
1228 1532 1488 1588 sinebat‘.
1521 1530 1826 1586 Secundum
1849 1528 1952 1585 hoc

358 1633 501 1687 enim
527 1631 691 1696 dicit,
723 1629 886 1699 Atque
909 1627 1105 1680 utinam
1132 1641 1330 1696 possem
1359 1639 1440 1678 me
1463 1621 1719 1688 occidere,
1747 1631 1835 1675 aut
1863 1637 1952 1675 ro-

359 1741 482 1796 gare
509 1723 666 1777 alium
692 1731 748 1774 ut
773 1721 961 1791 faceret
995 1718 1121 1773 mihi
1153 1718 1246 1772 hoc
1275 1714 1412 1787 (Job
1443 1731 1572 1782 xxx,
1604 1731 1704 1769 sec.
1732 1712 1948 1784 LXX)!

361 1815 584 1886 Negavit
604 1829 662 1870 se
687 1827 846 1884 posse
869 1813 1043 1881 justus
1063 1852 1077 1877 ,
1108 1808 1250 1880 quod
1282 1823 1376 1880 per
1398 1806 1659 1877 justitiam
1699 1805 1813 1860 fieri
1847 1819 1953 1859 non

359 1917 586 1981 poterat.
620 1907 700 1962 Eo
735 1903 987 1976 loquendi
1028 1901 1190 1958 modo
1225 1910 1280 1957 et
1318 1900 1607 1971 Apostolus
1635 1899 1702 1954 ad
1740 1898 1954 1955 Galatas

359 2002 508 2068 dicit,
543 1998 910 2056 Testimonium
931 1996 1070 2052 vobis
1097 1995 1353 2066 perhibeo,
1385 1994 1524 2064 quia,
1555 1993 1599 2046 si
1625 1993 1738 2062 ﬁeri
1766 1999 1951 2063 posset,

355 2097 530 2150 oculos
559 2093 814 2149 eruissetis
840 2100 888 2146 et
917 2089 1179 2145 dedissetis
1213 2088 1338 2142 mihi
1373 2086 1571 2158 (Galat.
1600 2103 1671 2152 IV,
1703 2087 1816 2158 15).
1848 2086 1954 2142 Cur

355 2191 498 2244 enim
529 2196 583 2243 et
604 2188 706 2243 hoc
723 2185 840 2241 lieri
867 2199 974 2239 non
1001 2190 1205 2254 posset,
1228 2181 1329 2236 nisi
1355 2181 1478 2251 quia
1503 2180 1646 2251 juste
1669 2179 1783 2234 ﬁeri
1807 2179 1953 2235 nullo

358 2281 518 2336 modo
540 2280 755 2350 posset?
784 2278 873 2334 Sic
901 2285 957 2332 et
991 2276 1248 2330 Dominus
1277 2288 1399 2329 cum
1429 2288 1524 2343 per
1559 2272 1794 2342 Angelos
1827 2285 1953 2326 suos

355 2374 556 2444 justum
581 2372 679 2425 Lot
704 2370 772 2426 de
791 2368 1039 2424 Sodomis
1065 2375 1351 2422 exeuntem
1378 2371 1593 2434 urgeret
1619 2372 1675 2417 ut
1701 2377 1955 2433 propera-

355 2476 438 2522 ret
465 2467 519 2519 in
547 2465 715 2533 Segor
747 2479 761 2516 :
794 2460 917 2514 Non
944 2461 1096 2525 enim,
1116 2457 1307 2527 inquit,
1330 2466 1500 2527 potero
1529 2458 1694 2525 facere
1715 2471 1841 2520 rem,
1864 2454 1955 2508 do-

356 2574 447 2612 nec
473 2567 526 2609 tu
554 2556 642 2609 illo
672 2541 894 2607 introeas
918 2549 1070 2624 (Gen.
1103 2565 1214 2615 xix,
1243 2547 1357 2618 22).
1384 2547 1501 2602 Non
1532 2560 1690 2616 posse
1718 2560 1776 2600 se
1797 2544 1950 2610 dixit,

355 2648 499 2721 quod
527 2648 644 2702 sine
664 2645 826 2702 dubio
853 2651 1062 2716 poterat
1082 2657 1176 2712 per
1202 2635 1516 2712 potentiain,
1546 2637 1641 2694 sed
1670 2653 1775 2693 non
1804 2645 1955 2708 pote-

356 2754 443 2797 rat
465 2758 564 2814 per
583 2739 862 2812 justitiam.
893 2739 1082 2794 Posset
1111 2737 1254 2792 enim
1294 2732 1716 2805 patientissimus
1743 2730 1865 2798 Job,
1896 2739 1954 2785 ut

357 2835 490 2889 nihil
521 2833 662 2888 aliud
684 2875 697 2898 ,
733 2832 815 2887 vel
857 2831 1032 2886 cibum
1061 2833 1142 2884 vel
1173 2837 1356 2897 potum
1383 2841 1491 2881 non
1531 2839 1768 2891 sumere,
1793 2832 1952 2894 atque

356 2928 432 2982 ita
459 2927 605 2982 illam
635 2924 800 2979 vitam
823 2935 1180 2978 aerumnosam
1205 2917 1635 2987 horrendamque
1664 2930 1954 2970 consume-

357 3035 456 3074 re:
497 3018 589 3072 scd
619 3017 720 3070 hoc
757 3015 899 3084 jnste
935 3013 1110 3066 facere
1141 3026 1249 3064 non
1279 3018 1491 3078 posset,
1539 3009 1789 3078 quoniam
1820 3007 1952 3062 nulli

355 3113 439 3166 fas
468 3120 552 3164 est
574 3124 631 3163 sc
653 3108 828 3178 ipsum
854 3104 1099 3159 occidere
1123 3119 1137 3166 ;
1172 3102 1404 3155 maxime
1428 3115 1571 3165 cum,
1604 3107 1663 3153 ut
1686 3099 1856 3168 possit
1875 3099 1958 3153 vi-

357 3217 507 3268 vere,
537 3199 704 3270 possit
730 3198 930 3267 fugere.
967 3195 1047 3249 An
1081 3195 1184 3248 hoc
1209 3193 1400 3264 aliquis
1434 3192 1775 3259 dubitaverit,
1809 3191 1953 3262 quod

357 3295 450 3351 ille
487 3293 569 3347 vir
595 3299 811 3345 sanctus
831 3329 845 3355 ,
877 3288 967 3358 qui
1010 3296 1118 3340 tam
1150 3286 1314 3340 multa
1340 3285 1392 3338 in
1423 3284 1534 3340 suis
1562 3283 1837 3339 doloribus
1866 3284 1953 3339 lo-

359 3383 652 3455 quebatur,
692 3393 882 3448 rogare
911 3386 968 3432 ut
997 3377 1098 3432 hoc
1126 3377 1224 3431 sibi
1255 3375 1428 3442 ﬁeret,
1457 3375 1688 3446 aliquem
1727 3375 1951 3446 posset?

359 3475 543 3546 Neque
563 3472 706 3527 enim
735 3485 861 3534 non,
895 3468 1092 3523 dolenti
1123 3478 1175 3523 et
1207 3468 1535 3539 putrescenti
1562 3483 1753 3523 manus
1783 3467 1952 3523 defuit

359 3567 429 3623 ad
459 3561 850 3636 perimendum,
880 3568 934 3615 et
962 3560 1137 3630 lingua
1164 3559 1330 3614 defuit
1353 3559 1422 3615 ad
1452 3559 1770 3630 rogandum.
1793 3558 1950 3614 Certe

359 3661 442 3716 vel
469 3660 640 3728 ipsam
681 3654 960 3725 conjugem
1005 3668 1152 3707 suam
1190 3660 1396 3722 poterat
1437 3651 1539 3706 hoc
1576 3667 1804 3723 rogare:
1835 3667 1953 3720 qua:

358 3762 537 3807 tamen
565 3756 624 3801 ut
652 3746 753 3800 hoc
779 3745 930 3800 fieret
964 3758 1063 3798 nec
1102 3744 1213 3812 ipsa
1241 3743 1590 3813 suggessisset
1611 3783 1624 3807 ,
1653 3758 1772 3812 quae
1802 3742 1950 3796 illum

361 3842 499 3900 mori
525 3856 620 3910 per
645 3838 762 3907 ejus
800 3836 1184 3905 blasphemiam
1229 3837 1341 3891 Deo
1381 3837 1644 3890 irascente
1669 3836 1948 3906 cupiebat;

361 3934 591 4003 ideoque
616 3929 816 3999 aliquid
842 3930 895 3983 in
917 3929 1085 3982 Deum
1114 3927 1337 3981 consilio
1365 3927 1592 3982 nefando
1619 3927 1740 3998 (Job
1787 3943 1845 3994 ιι,
1869 3927 1949 3998 9),

361 4038 542 4083 tamen
581 4031 640 4076 ut
665 4023 778 4092 ipse
821 4036 879 4076 se
917 4018 1217 4086 occideret,
1264 4019 1313 4073 ei
1343 4017 1524 4073 dicere
1566 4033 1673 4072 non
1703 4018 1950 4073 audebat.

268 4165 278 4173 .
361 4114 640 4185 Plusjuris
668 4113 718 4166 in
740 4127 835 4167 vos
861 4111 1104 4168 diabolus
1143 4109 1322 4177 habet,
1358 4109 1448 4180 qui
1471 4109 1622 4165 vobis
1650 4118 1757 4164 tam
1799 4109 1952 4166 facile

364 4208 674 4284 persuadet,
723 4207 861 4277 quod
911 4205 1179 4275 insipienti
1227 4204 1443 4259 mulieri
1491 4203 1818 4274 persuadere
1844 4219 1952 4260 non

363 4308 633 4376 potuerat,
661 4315 818 4370 quam
837 4299 937 4354 sibi
961 4298 1258 4353 ministram
1276 4297 1341 4351 ad
1360 4296 1734 4366 decipiendum
1754 4296 1946 4363 virum,

363 4396 478 4452 suis
505 4393 580 4447 illi
609 4391 798 4446 ablatis
835 4391 1083 4446 omnibus
1107 4430 1122 4454 ,
1155 4389 1469 4444 reservavit.
1511 4389 1652 4444 Dixit
1691 4389 1869 4459 itaque
1893 4403 1953 4445 se

362 4489 536 4560 justus
565 4484 654 4541 ille
683 4500 788 4539 non
829 4498 986 4553 posse
1024 4483 1257 4553 aliquem
1285 4496 1477 4553 rogare
1502 4491 1560 4537 ut
1585 4497 1706 4537 eum
1746 4481 1952 4537 interfi-

362 4587 543 4645 ceret,
574 4577 733 4632 etiam
779 4574 831 4630 id
873 4574 1162 4631 ostendens
1187 4574 1371 4644 utique
1417 4588 1525 4628 non
1569 4573 1753 4630 licere.
1798 4573 1951 4641 Quod

361 4672 503 4727 enim
535 4684 640 4725 non
671 4675 847 4739 potest
885 4667 1058 4737 juste,
1103 4681 1211 4721 non
1241 4673 1415 4735 potest
1449 4665 1623 4735 justus
1653 4683 1666 4718 :
1700 4666 1949 4736 quoniam

366 4765 468 4818 hoc
497 4759 836 4818 decernendo
877 4759 1024 4829 prius
1052 4757 1246 4813 amittit
1268 4757 1549 4828 justitiam,
1589 4765 1650 4812 ut
1673 4757 1814 4828 quod
1843 4773 1950 4813 non

367 4862 543 4928 potest
565 4854 759 4926 justus,
793 4853 961 4924 possit
996 4850 1243 4921 injustus.
1291 4850 1381 4906 Sic
1416 4865 1544 4922 ergo
1583 4849 1738 4917 dixit,
1787 4849 1952 4922 Atque

365 4952 560 5007 utinam
586 4963 782 5019 possem
807 4963 884 5001 me
907 4947 1075 5018 ipsum
1099 4945 1415 5015 interﬁcere!
1436 4952 1686 5016 tanquam
1707 4943 1909 5000 diceret
1932 4987 1948 5014 ,

367 5047 540 5113 Atque
571 5041 772 5095 utinam
799 5039 1000 5109 justum
1037 5046 1212 5105 esset;
1257 5047 1382 5094 tunc
1409 5037 1550 5094 enim
1579 5053 1609 5092 a
1646 5037 1795 5108 justo
1836 5038 1952 5093 fieri

368 5142 568 5208 posset.
597 5131 779 5201 Neque
807 5131 950 5186 enim
990 5138 1050 5185 ut
1087 5129 1189 5184 hoc
1219 5137 1400 5200 posset
1438 5128 1582 5200 quod
1622 5143 1730 5184 non
1776 5137 1955 5200 potest

371 5227 468 5284 nisi
499 5225 744 5293 injustus,
774 5221 1082 5292 injustitiam
1109 5219 1210 5275 sibi
1237 5228 1465 5290 Optaret.
1489 5218 1594 5276 Sed
1617 5220 1661 5276 si
1685 5220 1797 5276 fieri
1828 5235 1954 5292 pos-

370 5331 471 5386 set,
506 5317 644 5374 hanc
683 5316 845 5371 vellet
884 5330 1001 5371 esse
1026 5314 1285 5386 justitiam
1320 5331 1332 5367 :
1362 5312 1505 5385 quod
1533 5313 1650 5369 fieri
1677 5315 1799 5385 quia
1844 5329 1953 5370 non

372 5413 562 5492 potuit,
593 5417 650 5464 ut
677 5408 791 5464 haec
816 5417 961 5464 esset
979 5408 1182 5480 justitia
1207 5448 1222 5475 ,
1266 5421 1371 5462 non
1415 5407 1585 5476 potuit
1608 5406 1785 5478 justus
1811 5405 1956 5478 quod

373 5509 484 5568 sola
527 5503 726 5560 faceret
755 5501 1028 5573 injustitia.
1059 5500 1136 5557 Ac
1173 5514 1268 5570 per
1303 5499 1406 5555 hoc
1435 5514 1541 5555 non
1579 5507 1661 5556 est
1699 5499 1955 5570 injustam

376 5596 576 5662 homini
620 5596 756 5648 iusto
787 5602 972 5665 optare
1001 5603 1245 5658 mortem,
1281 5591 1494 5662 quando
1514 5593 1848 5648 amarissima
1874 5600 1957 5649 est

920 5791 1006 5840 ‘rzt.
1052 5795 1147 5852 Er,
1188 5801 1279 5838 non
1305 5788 1564 5842 deserebat.

2056 420 2163 474 vita
2194 437 2205 475 :
2239 421 2335 476 sed
2372 421 2418 478 si
2460 421 2606 478 Deus
2629 428 2864 493 optatam
2889 435 2997 479 non
3025 410 3254 495 dederit,
3289 439 3401 483 non
3428 427 3542 483 erit
3573 428 3684 500 iu-
3770 405 3771 474 ἦ

2055 523 2195 568 stmn
2233 514 2335 569 nisi
2373 513 2601 571 tolerare
2643 529 2762 570 eam
2791 516 3180 573 amarissimam
3209 517 3395 574 vitam.
3430 519 3611 577 Sient
3642 537 3681 579 a

2051 605 2195 677 justo
2223 621 2323 663 nec
2349 606 2478 663 illud
2517 607 2752 663 alienum
2777 617 2889 675 est,
2920 617 2978 664 ut
3001 619 3153 680 optet
3179 611 3345 667 vitam
3367 653 3384 679 ,
3433 613 3688 684 quande

2055 713 2236 754 amara
2264 714 2410 755 mors
2436 699 2678 755 imminet
2706 717 2720 754 :
2755 699 2851 756 sed
2878 715 3001 756 cum
3034 715 3095 758 se
3133 701 3280 760 videt
3315 719 3441 761 eam
3484 705 3688 776 impe-

2055 799 2200 847 trare
2230 807 2335 846 non
2370 806 2561 863 posse,
2599 791 2728 849 dicit
2764 793 2906 864 quod
2944 809 3044 850 nos
3073 796 3127 852 in
3157 810 3217 852 se
3262 798 3685 870 transﬁguraas

2057 883 2313 939 Dominus
2333 885 2426 952 ait,
2463 883 2651 939 Verum
2669 901 2771 940 non
2794 887 2929 957 quod
2953 904 3041 958 ego
3061 889 3194 956 voto,
3220 890 3310 946 sed
3323 893 3467 962 quod
3488 903 3550 947 tu
3574 895 3686 961 eis,

2057 974 2214 1030 Pater
2231 975 2445 1048 (Matth.
2469 993 2619 1044 xxvr,
2649 976 2763 1049 '59).
2783 977 2908 1034 Haec
2926 988 3102 1036 autem
3125 980 3232 1038 illis
3247 982 3480 1039 dicenda
3510 995 3681 1054 sunt,

2057 1082 2191 1138 quos
2219 1067 2285 1124 ad
2306 1068 2442 1123 mala
2464 1070 2695 1141 gerenda
2722 1081 2968 1141 quaerunt
2985 1074 3076 1144 qui
3100 1088 3528 1148 persequuntur,
3555 1095 3683 1136 non

2056 1175 2190 1231 quos
2210 1159 2277 1215 ad
2306 1161 2448 1218 bona
2477 1163 2842 1234 participanda
2866 1166 2956 1236 qui
2981 1165 3246 1238 diligunt:
3274 1169 3372 1237 eis,
3402 1171 3680 1243 inqua,
3718 1157 3736 1190 ε

2058 1253 2284 1310 dicenda
2311 1263 2434 1310 sunt
2460 1255 2592 1324 ista,
2635 1257 2727 1328 qui
2756 1261 3184 1329 persecutionem
3212 1265 3497 1334 patiuntur
3533 1282 3683 1338 pro-

2056 1356 2178 1416 pter
2203 1346 2481 1417 justitiam,
2516 1363 2622 1404 non
2641 1351 2731 1421 qui
2758 1365 2877 1407 eam
2912 1352 3014 1408 sibi
3040 1352 3238 1412 faciunt
3257 1366 3490 1428 propter
3523 1359 3686 1431 inju-

2057 1438 2277 1493 sittiam.

2128 1528 2358 1588 CAPUT
2395 1530 2590 1590 XXXI.
2628 1565 2701 1575 —
2739 1535 2830 1592 36.
2871 1537 3103 1596 Proinde
3142 1541 3302 1598 etiam
3346 1545 3547 1602 senior
3581 1545 3684 1604 ille

2059 1621 2249 1678 Razias
2267 1664 2282 1691 ,
2318 1638 2477 1694 quem
2503 1625 2603 1682 sibi
2629 1626 2717 1682 isti
2742 1630 3002 1699 exemplis
3029 1631 3111 1687 sui
3138 1633 3358 1691 sceleris
3383 1635 3682 1710 destituti,

2058 1714 2125 1770 de
2145 1715 2566 1774 Machabaeorum
2588 1719 2738 1776 libris
2760 1720 2827 1792 (ll
2854 1722 3092 1779 Machab.
3124 1741 3242 1795 xix,
3269 1729 3362 1801 41)
3389 1740 3680 1803 tanquam

2060 1806 2373 1863 imitandum
2397 1824 2455 1866 se
2476 1809 2746 1868 invenisse
2769 1814 3086 1885 gloriantur,
3109 1817 3213 1874 hoc
3235 1818 3412 1878 facere
3437 1823 3677 1894 debuit,

2058 1897 2200 1969 quod
2229 1898 2282 1953 in
2313 1899 2515 1956 eisdem
2544 1901 2761 1958 Litteris
2807 1904 3060 1976 leguntur
3097 1918 3300 1979 septem
3346 1911 3421 1968 illi
3451 1912 3682 1973 fratres

2057 1992 2218 2047 etiam
2249 1991 2566 2050 exhortante
2607 2003 2777 2052 matre
2804 1995 2998 2054 fecisse
3026 1997 3137 2072 (Id.
3163 2000 3280 2075 vn),
3311 2012 3369 2060 ut
3392 2019 3675 2078 compre-

2059 2084 2276 2151 hensus,
2302 2097 2356 2142 et
2385 2102 2416 2141 a
2441 2087 2560 2159 lege
2584 2088 2794 2145 Domini
2815 2092 2897 2146 sui
2925 2108 3033 2148 non
3057 2108 3296 2163 aversus,
3318 2113 3486 2156 omne
3509 2103 3677 2173 quod

2058 2177 2106 2231 ei
2136 2177 2442 2248 applicitum
2473 2189 2615 2236 esset
2641 2183 2926 2252 acciperet,
2955 2194 3009 2241 et
3039 2185 3092 2242 in
3122 2187 3305 2246 dolore
3331 2193 3673 2263 sustineret,

2059 2277 2113 2323 et
2139 2269 2192 2322 in
2219 2268 2518 2327 humilitate
2543 2287 2638 2328 sua
2667 2274 2979 2344 patientiam
3005 2277 3246 2336 haberet.
3268 2282 3542 2351 Quocirca
3565 2285 3680 2344 hu«

2058 2360 2340 2416 militatem
2370 2362 2510 2419 inter
2540 2379 2730 2421 manus
2760 2365 3100 2425 inimicorum
3132 2387 3240 2429 non
3269 2376 3450 2432 valens
3486 2377 3673 2448 ferre,

2059 2465 2164 2506 non
2191 2451 2349 2522 plane
2374 2454 2670 2524 sapientiai,
2698 2457 2793 2513 sed
2813 2459 3131 2530 insipientia:
3151 2463 3298 2520 dedit
3317 2471 3669 2541 exemplum,

2059 2558 2164 2597 non
2191 2544 2389 2600 Christi
2411 2549 2756 2621 martyribus,
2786 2551 2881 2608 sed
2903 2553 3093 2611 Donati
3113 2557 3672 2624 Circumcellionibus

2059 2635 2372 2691 imitandum
2400 2637 2497 2710 (a).
2527 2639 2910 2699 Verumtamen
2939 2646 2984 2700 si
3009 2645 3313 2720 diligentius
3337 2655 3671 2715 considere-

2058 2741 2197 2792 mus,
2228 2736 2284 2782 et
2310 2727 2378 2782 ab
2406 2729 2508 2784 isto
2535 2734 2805 2802 apparetis
2829 2736 3008 2792 alieni.
3039 2737 3144 2795 Iste
3165 2742 3361 2813 quippe
3386 2760 3516 2801 cum
3545 2749 3669 2819 jam

2057 2819 2602 2888 comprehenderetur
2635 2824 2703 2879 ab
2739 2825 2982 2885 hostibus
3006 2871 3020 2897 ,
3061 2847 3166 2888 non
3195 2833 3379 2892 habuit
3420 2838 3670 2898 liberam

2055 2908 2262 2980 fugam;
2291 2910 2412 2966 ideo
2438 2927 2497 2967 se
2516 2914 2692 2984 gladio
2719 2921 3003 2989 percussit,
3033 2932 3225 2979 etcum
3248 2929 3521 2997 perimere
3547 2948 3668 2992 non

2058 3000 2335 3069 potuisset,
2368 3001 2437 3058 de
2464 3019 2618 3060 muro
2643 3021 2701 3061 se
2731 3009 3098 3080 praecipitavit.
3123 3015 3323 3073 Deinde
3358 3020 3665 3094 abruptam

2057 3098 2283 3158 petram,
2313 3107 2435 3147 cum
2476 3094 2590 3164 jam
2628 3097 2809 3154 vivere
2854 3115 2960 3156 non
3006 3115 3222 3174 posset,
3250 3108 3424 3166 adhuc
3463 3122 3664 3173 tamen

2056 3183 2302 3253 spirans,
2335 3192 2389 3239 et
2430 3200 2626 3256 corpus
2655 3188 2858 3260 impetu
2900 3209 3155 3260 movens,
3199 3201 3492 3271 currendo,
3530 3205 3665 3264 licet

2056 3275 2359 3345 exsanguis,
2380 3275 2606 3333 obtinuit
2641 3299 2657 3336 :
2686 3281 2772 3337 ubi
2810 3290 3034 3356 utraque
3059 3303 3222 3345 manu
3262 3293 3527 3362 producta
3559 3312 3661 3355 sua

2057 3364 2306 3422 intestina
2331 3367 2638 3440 discerpsit,
2657 3373 2928 3444 dispersit,
2953 3381 3206 3437 occubuit
3231 3400 3244 3436 ε
3273 3384 3424 3441 turba
3451 3389 3528 3444 ita
3547 3390 3660 3447 cir-

2057 3463 2336 3518 cumdatus
2360 3471 2418 3518 ut
2444 3465 2674 3522 evadere
2704 3482 2809 3522 non
2840 3479 3040 3540 posset,
3072 3481 3128 3528 et
3154 3474 3200 3530 si
3230 3476 3408 3534 vivere
3431 3493 3649 3550 posset.

2059 3556 2164 3611 Vos
2185 3557 2345 3628 igitur
2369 3557 2458 3628 qui
2479 3574 2577 3614 nec
2603 3560 2885 3618 Dominum
2902 3565 3095 3623 auditis
3119 3567 3404 3640 dicentem,
3434 3573 3652 3648 Fugite,

2057 3664 2156 3704 nec
2182 3651 2462 3705 imitamini
2493 3651 2732 3722 Raziam,
2765 3657 2857 3726 qui
2881 3658 3069 3727 voluit,
3093 3676 3192 3718 nec
3215 3665 3384 3733 potuit
3411 3665 3612 3740 fugere
3634 3689 3653 3727 :

2057 3742 2295 3811 profecto
2316 3743 2438 3812 quia
2474 3759 2581 3800 non
2611 3745 2818 3802 habetis
2848 3748 2997 3806 illum
3037 3752 3090 3806 in
3117 3767 3406 3826 praecepto,
3426 3775 3532 3816 nec
3555 3762 3656 3819 ha-

2056 3837 2194 3892 betis
2215 3836 2373 3891 istum
2396 3837 2448 3892 in
2471 3841 2738 3910 exemplo.
2763 3841 2923 3911 Quid,
2949 3846 3091 3915 quod
3118 3847 3218 3905 iste
3240 3849 3430 3908 Razias
3451 3868 3655 3914 secun-

2057 3929 2180 3984 dum
2231 3939 2461 3986 vestram
2512 3933 2771 3988 rationem
2815 3935 2934 3992 sine
2977 3937 3308 3998 dubitatione
3349 3945 3652 4016 culpandus

2057 4023 2178 4077 est?
2223 4022 2407 4078 Dixisti
2455 4024 2599 4079 enim
2641 4034 2859 4096 propter
2898 4031 3260 4100 evangelicam
3286 4038 3649 4108 sententiam,

2057 4113 2145 4168 ubi
2181 4114 2436 4170 Dominus
2467 4115 2573 4182 ait,
2609 4115 2835 4187 Spiritus
2866 4119 3069 4188 quidem
3105 4135 3368 4195 promptus
3401 4137 3494 4194 est,
3524 4147 3651 4186 caro

2056 4218 2222 4260 autem
2250 4207 2488 4276 inﬁma;
2531 4222 2626 4263 vos
2667 4209 2734 4264 ad
2776 4211 3106 4269 caminorum
3152 4214 3350 4288 fugisse
3387 4234 3653 4292 compen-

2056 4296 2221 4363 dium,
2245 4299 2367 4368 quia
2394 4298 2641 4356 videlicet
2667 4300 2862 4356 infirmi
2886 4304 3016 4359 estis
3041 4305 3283 4376 perferre
3319 4325 3508 4366 manus
3537 4313 3647 4371 ini-

2056 4389 2338 4455 micorum,
2370 4390 2415 4445 si
2441 4391 2508 4447 ah
2537 4391 2616 4447 eis
2655 4393 3028 4462 comprehensi
3060 4396 3288 4453 fueritis.
3330 4400 3472 4472 Ergo
3502 4403 3650 4461 illius

2056 4481 2147 4551 qui
2176 4497 2233 4537 se
2256 4481 2433 4553 gladio
2456 4485 2692 4554 graviter
2718 4486 3037 4553 vulneravit,
3068 4489 3158 4558 qui
3185 4491 3497 4551 vulneratus
3520 4512 3646 4553 mu-

2055 4590 2172 4629 rum
2200 4576 2369 4645 petiit,
2398 4577 2488 4646 qui
2508 4591 2567 4632 se
2589 4577 2714 4634 inde
2739 4579 2794 4633 in
2821 4581 3083 4635 cervicem
3109 4584 3438 4654 praecipitem
3469 4587 3643 4657 dedit,

2055 4667 2144 4738 qui
2164 4676 2218 4722 et
2238 4675 2419 4737 postea
2448 4669 2617 4739 potuit
2641 4669 2708 4724 ad
2732 4678 2941 4741 petram
2962 4687 3200 4742 currere,
3224 4675 3276 4730 in
3299 4685 3450 4746 petra
3475 4689 3642 4746 stare,

2055 4759 2306 4814 intestina
2349 4759 2597 4828 educere,
2629 4777 2870 4833 carpere,
2917 4779 3190 4836 spargere,
3231 4771 3489 4840 numquid
3533 4773 3643 4830 dici

2056 4859 2232 4920 potest
2260 4851 2478 4920 spiritus
2517 4862 2814 4925 promptus,
2841 4869 2970 4912 caro
2994 4864 3172 4913 autem
3217 4859 3463 4929 inﬁrma;
3493 4866 3644 4936 cujus

2055 4955 2161 4995 non
2190 4940 2361 4996 solum
2387 4941 2602 5012 spiritus
2628 4952 2737 4998 tam
2766 4954 3046 5016 promptus
3069 4951 3335 5020 apparuit,
3363 4952 3458 5008 sed
3481 4956 3643 5011 etiam

2057 5047 2184 5088 caro
2211 5043 2315 5088 tam
2338 5033 2510 5102 ﬁrma,
2539 5044 2598 5091 ut
2616 5036 2703 5090 vix
2728 5036 2988 5093 credibile
3009 5039 3079 5094 sit
3098 5055 3221 5096 eum
3242 5041 3422 5100 facere
3446 5046 3642 5103 voluis-

2057 5139 2117 5181 se
2143 5141 2208 5182 ac
2242 5125 2472 5182 valuisse
2512 5142 2632 5198 quae
2672 5127 2838 5184 fecit?
2879 5127 3060 5201 Itaque
3102 5131 3254 5188 vobis
3285 5144 3500 5204 oportet
3543 5139 3644 5194 iste

2059 5216 2361 5288 diSpliceat,
2398 5218 2490 5289 qui
2516 5218 2780 5274 rationem
2811 5228 3003 5276 vestrae
3038 5221 3362 5280 inﬁrmitatis
3407 5240 3506 5282 sua
3555 5227 3646 5285 fir-

2060 5309 2246 5364 mitate
2265 5310 2556 5380 perturbat.
2590 5311 2758 5367 Porro
2786 5312 2831 5368 si
2858 5311 3044 5384 fugere
3066 5313 3282 5384 valens,
3311 5332 3412 5375 nec
3435 5317 3639 5386 volens,

2061 5402 2114 5457 in
2142 5402 2359 5458 domum
2389 5417 2540 5457 suam
2566 5403 2708 5475 ligna
2731 5405 3110 5476 congessisset,
3139 5415 3301 5480 atque
3324 5408 3642 5468 irruentibus

2062 5494 2292 5550 inimicis
2319 5503 2377 5550 ut
2402 5509 2522 5551 eum
2543 5496 3090 5567 comprehenderent,
3127 5499 3309 5572 ignem
3330 5502 3641 5573 supposuis-

2063 5595 2164 5656 set,
2192 5600 2358 5656 seque
2387 5601 2507 5641 cum
2535 5587 2648 5642 suis
2676 5587 2878 5645 aedibus
2906 5603 3326 5663 concremasset,
3356 5595 3506 5653 vobis
3529 5595 3642 5665 qui-

2131 5789 2203 5856 (a)
2235 5789 2402 5842 Confer
2427 5794 2675 5859 Augustini
2703 5792 2951 5858 epistolam
2969 5795 3076 5858 204,
3103 5809 3184 5845 nn.
3210 5795 3261 5860 6,
3283 5797 3314 5850 7

3559 314 3692 374 π,
3770 315 3771 334 γ
