3816 6150
91 338 242 400 7Ξ9

97 455 259 512 dem
287 444 609 522 prtebnisset
627 443 954 516 exemplum,
983 439 1079 498 sed
1101 437 1206 496 sibi
1233 433 1549 510 acquisisset
1568 449 1728 506 gran-

95 546 194 603 de
240 549 593 600 tormentum.
632 537 786 594 Nune
821 535 965 592 enim
993 532 1248 606 quoniam
1285 529 1470 602 fugere
1499 543 1607 586 non
1633 543 1730 585 va-

97 639 253 705 luit,
279 635 556 706 aliquanto
577 630 757 686 minus
786 637 871 685 est
899 627 1126 683 fortasse
1151 623 1235 681 sui
1264 621 1539 694 sanguinis
1567 633 1692 676 reus
1711 660 1727 686 ,

95 730 278 804 quod
303 728 412 787 sibi
444 724 624 782 intulit
657 730 908 788 mortem,
938 733 1099 791 quam
1125 714 1517 787 comprehenso
1555 711 1733 768 inimi-

98 839 227 881 cus
245 824 363 893 jam
389 819 564 874 fuerat
583 815 853 872 illaturus.

197 918 298 975 '57.
342 916 414 970 At
457 910 600 968 enim
645 916 948 965 sanctarum
977 904 1374 976 Scripturarum
1415 898 1732 955 auctoritate

131 1011 388 1068 audatus
436 1017 521 1065 est
559 1007 772 1063 Razias.
812 1001 1092 1072 Quomodo
1131 997 1417 1054 laudatus?
1453 994 1588 1062 Quia
1636 991 1734 1048 fuit

103 1113 351 1160 amator
375 1099 626 1158 civitatis.
653 1098 765 1153 Hoc
788 1096 959 1168 potuit
983 1102 1038 1150 et
1065 1091 1371 1156 carnaliter,
1394 1086 1621 1144 civitatis
1647 1084 1732 1139 vi-

104 1197 336 1253 delicet
384 1194 528 1250 illius
576 1201 806 1248 terrenae
850 1185 1169 1252 Jerusalem,
1222 1197 1342 1254 quae
1394 1178 1559 1236 servit
1609 1192 1732 1232 cum

106 1289 262 1344 ﬁliis
292 1287 442 1352 suis;
475 1299 582 1340 non
612 1289 791 1338 autem
824 1279 967 1336 illius
991 1291 1111 1349 quae
1140 1288 1376 1340 sursum,
1403 1271 1585 1327 libera:
1613 1282 1733 1323 ma-

110 1381 231 1436 tris
255 1386 480 1435 nostrae.
510 1374 781 1432 Laudatus
809 1380 910 1440 est,
940 1369 1064 1442 quia
1093 1363 1477 1423 continentiam
1505 1359 1736 1418 servavit

108 1471 174 1527 in
221 1469 506 1526 Judaismo
533 1483 549 1521 :
577 1474 633 1521 et
673 1464 789 1522 haec
829 1461 932 1519 sibi
974 1461 1028 1515 in
1075 1455 1474 1529 comparatione
1511 1451 1735 1524 iustitia:

108 1559 455 1618 Christianae
483 1557 677 1614 damna
718 1565 772 1610 et
809 1563 1048 1609 stercora
1087 1549 1253 1605 fuisse
1279 1547 1409 1603 dicit
1441 1545 1735 1616 Apostolus

111 1653 134 1721 (
165 1650 424 1720 Philipp.
446 1664 526 1718 ιιι,
548 1647 583 1705 8
606 1647 646 1718 ).
669 1643 940 1702 Laudatus
970 1649 1072 1707 εει,
1102 1640 1225 1712 quia
1254 1645 1405 1709 pater
1429 1635 1734 1692 Judreorum

112 1741 508 1815 appellabatur
539 1756 553 1794 :
581 1739 685 1795 hoc
725 1736 894 1810 magis
934 1745 1037 1803 cst,
1079 1731 1221 1789 unde
1263 1739 1318 1787 et
1363 1729 1438 1785 illi
1485 1736 1735 1798 tanquam

114 1833 346 1892 homini
395 1832 664 1903 subrepsit
708 1825 1030 1885 humilitatis
1077 1822 1428 1896 impatientia,
1479 1828 1538 1876 ut
1586 1819 1736 1890 prius

113 1926 270 1985 mori
301 1926 468 1982 vellet
507 1937 668 1995 quam
709 1919 953 1977 hostibus
994 1915 1204 1988 subjici.
1252 1914 1458 1968 Dictum
1485 1919 1568 1967 est
1593 1909 1736 1981 quod

116 2018 367 2092 elegerit
403 2014 655 2073 nobiliter
695 2011 835 2068 mori
863 2029 877 2066 :
905 2009 1101 2065 melius
1143 2005 1302 2062 vellet
1338 2002 1629 2069 humiliter,
1657 1999 1737 2055 sic

113 2091 278 2169 enim
309 2109 533 2166 utiliter.
562 2106 674 2162 lllis
702 2113 883 2160 autem
909 2099 1090 2157 verbis
1111 2096 1331 2153 historia
1358 2093 1597 2166 gentium
1619 2091 1735 2147 lau-

116 2205 264 2262 dare
311 2201 618 2268 consuevit,
658 2197 754 2254 sed
795 2196 940 2252 viros
986 2192 1152 2248 fortes
1195 2189 1352 2260 hujus
1393 2186 1594 2252 saeculi,
1626 2200 1736 2241 non

118 2304 406 2367 martyres
421 2290 641 2347 Christi.
664 2288 870 2343 Dictum
894 2292 977 2340 est
1002 2281 1144 2354 quod
1171 2296 1230 2337 se
1250 2278 1474 2334 viriliter
1493 2277 1561 2333 de
1580 2291 1736 2332 muro

120 2384 495 2460 prtecipitavit
540 2383 595 2438 in
641 2381 823 2436 turbas
853 2397 866 2433 :
895 2392 996 2433 nec
1044 2389 1143 2430 nos
1193 2372 1420 2429 dicimus
1463 2387 1586 2427 eum
1634 2370 1737 2425 hoc

117 2480 336 2538 fecisse
359 2474 714 2532 muliebriter.
737 2471 1054 2540 Quanquam
1079 2482 1174 2522 vos
1193 2465 1285 2536 qui
1310 2464 1535 2519 multum
1556 2476 1736 2517 exem-

125 2573 221 2644 plo
247 2573 358 2629 isto
383 2565 711 2642 profecistis,
739 2563 902 2619 etiam
942 2559 1170 2617 feminas
1199 2565 1405 2613 vestras
1434 2554 1535 2610 hoc
1561 2553 1737 2608 facere

122 2663 434 2722 docuistis:
462 2659 557 2716 sed
602 2657 830 2713 fatemur
864 2653 969 2710 hoc
1017 2651 1178 2708 etiam
1222 2651 1366 2720 ipsas
1404 2663 1510 2702 non
1560 2645 1737 2701 facere

124 2753 491 2818 muliebriter,
517 2748 612 2805 sed
638 2746 901 2811 viriliter;
932 2757 1042 2800 non
1072 2751 1252 2797 tamen
1281 2737 1585 2803 salubriter,
1612 2736 1735 2808 quia

125 2864 242 2906 non
275 2845 531 2902 ﬁdeliter.
557 2840 639 2897 Ad
668 2846 968 2896 extremum
992 2833 1134 2906 quod
1156 2834 1435 2888 invocasse
1458 2829 1631 2885 dictus
1655 2834 1737 2883 est

125 2938 528 2996 dominatorem
550 2931 675 2988 vitae
698 2945 763 2986 ac
789 2928 1028 2999 spiritus,
1055 2932 1114 2980 ut
1141 2923 1258 2979 haec
1281 2921 1358 2977 illi
1391 2921 1582 2976 iterum
1614 2917 1737 2974 red-

126 3033 314 3101 deret,
338 3029 392 3086 id
423 3036 525 3097 εει,
547 3026 712 3082 vitam
736 3030 794 3079 et
817 3021 1102 3093 spiritum;
1127 3033 1227 3074 nec
1255 3025 1382 3072 tunc
1410 3014 1608 3086 aliquid
1634 3029 1736 3086 po-

127 3125 336 3198 poscit,
375 3135 484 3193 quo
521 3118 649 3175 boni
692 3115 1072 3173 discernuntur
1097 3125 1128 3166 a
1157 3109 1330 3166 malis.
1355 3107 1567 3163 Reddet
1593 3107 1735 3162 enim

127 3216 252 3272 haec
291 3214 440 3270 Deus
482 3218 536 3266 et
579 3207 662 3264 his
698 3207 790 3279 qui
827 3205 970 3262 male
1007 3210 1252 3276 egerunt,
1281 3215 1388 3256 non
1414 3200 1469 3254 in
1497 3213 1738 3254 resurre-

127 3306 319 3362 ctione
338 3303 463 3358 vitte
493 3308 729 3365 aeternae,
756 3296 852 3352 sed
880 3295 935 3351 in
964 3290 1360 3350 resurrectione
1378 3289 1563 3361 judicii
1583 3298 1738 3345 aeter-

130 3397 210 3452 ni.
239 3393 520 3451 Laudatus
548 3397 634 3446 est
661 3391 842 3459 itaque
878 3387 980 3441 iste
1014 3384 1205 3440 Razias
1241 3390 1447 3436 amator
1484 3379 1735 3448 civitatis,

130 3496 192 3544 ut
219 3485 383 3542 valde
407 3484 548 3540 bene
577 3479 821 3547 audiens,
851 3477 904 3534 id
928 3483 1030 3543 est,
1057 3475 1213 3531 bonae
1244 3474 1416 3540 famae,
1439 3472 1559 3542 quia
1588 3477 1739 3542 pater

131 3579 448 3636 Judzeorum
477 3572 774 3645 appellatus
804 3577 907 3638 εει,
947 3576 1003 3624 ει
1037 3565 1180 3638 quod
1225 3563 1604 3621 continentiam
1653 3570 1734 3616 te-

136 3670 326 3728 nuerit
354 3670 409 3724 in
431 3665 730 3722 Judaismo.
757 3663 918 3718 Istam
945 3673 1073 3715 vero
1108 3658 1224 3729 ejus
1259 3664 1486 3711 mortem
1520 3652 1740 3708 mirabi-

135 3763 335 3820 liorem
382 3773 544 3831 quam
583 3755 987 3829 prudentiorem
1029 3750 1266 3806 narravit
1293 3743 1740 3818 quemadmodum

135 3854 277 3911 facta
295 3860 463 3918 esset,
482 3865 590 3906 non
610 3857 859 3918 tanquam
884 3841 1125 3899 facienda
1154 3847 1298 3896 esset
1323 3837 1598 3907 Scriptura
1626 3835 1743 3890 lau-

134 3945 306 4002 davit.
336 3943 591 4000 Nostrum
632 3946 717 3995 est
758 3945 959 4004 autem,
987 3934 1130 3990 sicut
1153 3930 1442 4002 Apostolus
1466 3927 1739 3994 admonet,

136 4035 327 4093 omnia
349 4032 602 4105 probare,
624 4045 744 4101 quae
771 4029 910 4084 bona
930 4033 1056 4082 sunt
1078 4031 1281 4088 tenere,
1305 4021 1373 4076 ab
1397 4019 1546 4076 omni
1563 4016 1744 4090 specie

137 4130 286 4187 mala
314 4142 419 4184 nos
446 4125 719 4182 abstinere
745 4119 790 4194 (Ι
807 4119 988 4174 Thess.
1015 4133 1069 4183 v,
1091 4116 1185 4182 21,
1210 4114 1328 4185 9.2).

207 4221 305 4279 38.
349 4218 422 4274 Et
461 4216 605 4272 hanc
652 4211 869 4286 quidem
913 4211 1243 4280 Scripturam
1284 4218 1406 4276 qua:
1450 4201 1744 4272 appellatur

138 4311 599 4376 Macbabzeorum,
639 4321 748 4362 non
797 4303 999 4359 habent
1039 4299 1211 4356 Judaei
1260 4297 1397 4353 sicut
1435 4294 1653 4365 Legem,
1689 4301 1747 4350 et

138 4404 466 4479 Prophetas,
495 4409 552 4458 et
575 4399 838 4463 Psalmos,
877 4393 1069 4467 quibus
1094 4390 1354 4446 Dominus
1381 4385 1745 4443 testimonium

141 4478 396 4569 perhibet
417 4504 670 4565 tanquam
700 4490 926 4548 testibus
954 4486 1083 4552 suis,
1111 4483 1320 4552 dicens,
1347 4478 1621 4552 Oportebat
1649 4478 1746 4533 im-

142 4593 276 4661 pleri
306 4589 481 4644 omnia
507 4600 622 4655 qua
660 4583 848 4654 scripta
877 4588 994 4636 sunt
1034 4579 1089 4633 in
1118 4575 1272 4648 Lege,
1304 4583 1350 4630 et
1379 4571 1672 4642 Prophetis,
1700 4580 1748 4626 et

140 4683 194 4739 in
219 4680 455 4738 Psalmis
482 4677 547 4733 de
570 4693 649 4732 me
677 4673 828 4748 (Luc.
857 4687 1011 4737 xxrv,
1033 4669 1126 4738 44)
1149 4687 1165 4724 ε
1189 4667 1284 4724 sed
1309 4673 1524 4736 recepta
1558 4671 1642 4719 est
1677 4661 1746 4718 ab

144 4775 393 4834 Ecclesia
418 4787 527 4829 non
554 4768 832 4847 inutiliter,
853 4764 900 4820 si
927 4762 1106 4819 sobrie
1131 4761 1337 4832 legatur
1361 4758 1447 4814 vel
1478 4755 1741 4822 audiatur,

143 4869 383 4926 maxime
421 4872 643 4937 propter
689 4861 810 4916 illos
851 4855 1186 4913 Machabteos
1229 4854 1323 4925 qui
1365 4867 1464 4924 pro
1499 4851 1592 4906 Dei
1629 4851 1749 4921 lege

144 4960 287 5018 sicut
310 4957 428 5015 veri
458 4963 725 5026 martyres
757 4966 788 5006 a
819 4945 1252 5022 persecutoribus
1287 4954 1395 4999 tam
1422 4942 1639 5014 indigna
1665 4949 1748 4996 at-

145 5070 251 5126 que
275 5049 549 5110 horrenda
577 5044 818 5120 perpessi
860 5051 985 5098 sunt
1008 5041 1116 5110 (a);
1153 5037 1395 5093 utetiam
1424 5035 1548 5090 hinc
1575 5048 1746 5105 popu-

147 5124 229 5202 lus
259 5141 592 5202 christianus
628 5136 952 5200 adverteret,
980 5129 1228 5202 quoniam
1266 5143 1374 5182 non
1404 5135 1528 5181 sunt
1563 5124 1748 5180 condi-

147 5252 266 5308 gnae
309 5234 592 5308 passiones
634 5229 796 5300 hujus
839 5223 1096 5296 temporis
1141 5221 1208 5276 ad
1255 5219 1486 5274 futuram
1523 5216 1747 5288 gloriam

149 5306 269 5400 qua
295 5306 629 5384 revelabitur
655 5323 710 5377 in
736 5318 915 5386 nobis,
937 5330 1036 5388 pro
1065 5313 1255 5383 quibus
1276 5325 1464 5381 passus
1494 5318 1576 5363 est
1594 5306 1749 5363 Chri-

149 5433 298 5489 stus;
323 5421 371 5477 si
393 5425 540 5476 tanta
562 5410 952 5488 patientissime
970 5406 1304 5478 pertulerunt
1329 5417 1422 5472 pro
1452 5402 1569 5471 lege
1589 5413 1746 5468 quam

153 5514 300 5574 dedit
324 5515 471 5570 Deus
506 5495 605 5582 per
649 5505 907 5563 famulum
945 5499 1250 5557 hominibus
1278 5496 1404 5563 illis,
1433 5507 1530 5564 pro
1555 5491 1748 5562 quibus

154 5609 390 5666 nondum
431 5601 726 5662 tradiderat
759 5597 976 5653 Filium.
1006 5593 1316 5661 Quanquam
1346 5595 1400 5642 et
1438 5586 1538 5642 iste
1560 5583 1748 5638 Razias

211 5765 286 5828 (α)
323 5762 442 5828 vide
474 5758 649 5828 lib-'48
683 5743 1535 5828 (ιθ,ρίνξιειεεΒεῑνξεειὲέηιίιὶλίέ
1554 5742 1630 5828 ,αθ
1655 5749 1747 5792 0°-

158 5805 302 5882 ω)ῖῖιὲ
319 5805 610 5885 Christiana,—
626 5805 739 5886 cap.
761 5818 822 5879 ὃς
847 5813 911 5866 de
933 5819 1052 5862 Cura
1075 5805 1162 5874 pro
1184 5805 1394 5868 Mortuis,
1419 5819 1521 5873 cap.
1554 5805 1596 5853 l.

1522 319 1726 378 LIBER
1762 320 2038 378 PRIMUS.

3321 335 3431 398 730

1843 435 2034 491 habeat
2076 435 2218 508 quod
2265 437 2564 510 legentibus
2603 442 2793 512 prosit,
2833 458 2942 499 non
2979 447 3154 504 solum
3189 456 3248 505 ut
3275 463 3432 509 mens

1840 537 2157 583 exerceatur
2189 540 2337 586 reete
2375 531 2664 600 iudicando
2689 534 2829 604 quod
2863 535 3010 606 legit,
3049 553 3232 604 verum
3268 541 3434 600 etiam

1841 629 1899 676 ut
1924 623 2137 678 animus
2163 623 2446 691 humanus,
2472 625 2581 680 imo
2610 627 2819 682 animus
2844 626 3167 684 Christianus
3192 630 3436 691 adverte-

1841 723 1944 782 ret,
1974 724 2172 788 quanta
2201 716 2421 772 ferenda
2447 718 2554 773 sint
2577 718 2645 774 ab
2672 719 2902 775 inimicis
2936 721 3130 777 ardore
3159 721 3437 782 charitatis

1841 821 1962 863 cum
1987 821 2018 862 a
2043 822 2102 862 se
2133 807 2248 877 ipso
2275 808 2375 864 iste
2399 809 2588 866 timore
2617 809 2933 868 humilitatis
2963 820 3106 867 tanta
3132 815 3434 884 pertulerit.

1841 899 1948 957 Sed
1976 900 2137 956 ardor
2162 901 2436 957 charitatis
2471 903 2538 957 de
2576 903 2900 960 sublimitate
2939 902 3214 960 descendit
3252 909 3439 977 gratia:

1841 993 2058 1059 divinae,
2085 995 2244 1051 timor
2271 1005 2451 1049 autem
2482 994 2795 1051 humilitatis
2819 1011 2883 1050 ex
2909 1011 3090 1052 amore
3111 997 3303 1054 accidit
3324 998 3438 1054 lau-

1841 1084 1924 1140 dis
1949 1085 2196 1142 humanae
2222 1104 2234 1141 :
2258 1095 2312 1141 et
2355 1085 2476 1142 ideo
2515 1087 2606 1142 ille
2642 1096 2811 1142 certat
2844 1103 2941 1158 per
2977 1087 3314 1157 patientiam,
3345 1089 3434 1147 hic

1840 1186 2017 1232 autem
2043 1186 2226 1247 peccat
2254 1193 2348 1247 per
2376 1178 2782 1248 impatientiam.
2807 1178 2924 1233 Non
2964 1181 3142 1250 itaque
3175 1180 3436 1238 debemus

1843 1269 2099 1340 quidquid
2135 1271 2188 1324 in
2215 1269 2506 1341 Scripturis
2533 1271 2695 1326 etiam
2724 1272 2817 1326 Dei
2862 1273 3165 1329 testimonio
3194 1274 3437 1332 laudatos

1842 1360 2088 1417 homines
2122 1361 2318 1418 fecisse
2359 1362 2669 1433 legerimus,
2701 1363 3088 1420 consentiendo
3116 1367 3434 1436 approbare,

1841 1451 1936 1508 sed
1959 1452 2348 1508 considerando
2369 1452 2700 1520 discernere,
2718 1453 3034 1510 adhibentes
3054 1455 3311 1526 judicium
3328 1472 3437 1515 non

1842 1559 1971 1600 sane
1997 1553 2196 1600 nostrae
2225 1546 2574 1612 auctoritatis,
2599 1546 2697 1602 sed
2720 1546 3113 1617 Scripturarum
3139 1547 3436 1606 divinarum

1843 1646 2001 1707 atque
2031 1645 2333 1693 sanctarum
2358 1654 2372 1689 :
2395 1653 2515 1707 quae
2537 1652 2636 1693 nos
2662 1653 2763 1694 nec
2789 1638 3004 1694 illorum
3031 1638 3306 1696 hominum
3327 1642 3437 1712 qui-

1843 1726 1942 1783 bus
1967 1728 2075 1784 illic
2095 1729 2294 1784 bonum
2323 1737 2480 1800 atque
2512 1731 2828 1800 prazelarum
2865 1731 3225 1786 testimonium
3255 1732 3437 1802 perhi-

1842 1818 2017 1887 betur,
2049 1822 2226 1877 omnia
2251 1821 2336 1877 vel
2375 1821 2570 1876 imitari
2605 1822 2690 1878 vel
2732 1822 2950 1878 laudare
2988 1822 3124 1878 facta
3151 1824 3431 1894 permittit,

1843 1914 1886 1968 si
1917 1928 2037 1984 qua:
2066 1928 2168 1968 non
2201 1922 2344 1969 recte
2371 1913 2437 1968 ab
2463 1914 2543 1969 eis
2569 1913 2706 1969 facta
2735 1922 2878 1980 sunt,
2909 1915 2992 1970 vel
3018 1914 3140 1970 huic
3161 1915 3272 1985 jam
3298 1923 3433 1972 tem-

1843 2007 1959 2075 pori
1985 2022 2090 2062 non
2117 2007 2464 2063 conveniunt.
2491 2007 2597 2063 Sed
2623 2008 2688 2063 de
2720 2008 2784 2062 iis
2809 2023 2928 2078 quas
2965 2018 3090 2064 tunc
3115 2008 3326 2065 fuerant
3348 2026 3435 2067 re-

1842 2110 1948 2167 eta,
1972 2116 2114 2156 nunc
2138 2117 2246 2156 non
2274 2111 2418 2168 sunt,
2441 2101 2568 2172 quid
2593 2115 2725 2173 opus
2745 2109 2826 2156 est
2853 2101 3050 2172 aliquid
3079 2102 3133 2156 in
3166 2104 3264 2158 hac
3287 2119 3435 2174 qua:-

1843 2195 2016 2250 stione
2054 2194 2357 2260 discutere;
2390 2209 2510 2249 cum
2555 2192 2657 2249 hoc
2694 2193 2835 2250 unde
2873 2195 3066 2265 agitur,
3096 2204 3153 2250 ut
3180 2196 3283 2252 sibi
3313 2197 3435 2267 quis

1843 2285 2037 2340 inferat
2074 2295 2301 2341 mortem
2325 2327 2340 2352 ,
2382 2285 2613 2340 maxime
2655 2285 2740 2340 cui
2785 2285 3115 2354 conceditur,
3143 2288 3228 2343 vel
3257 2289 3435 2359 potius

1842 2379 1930 2451 qui
1961 2378 2300 2450 compellitur
2321 2378 2523 2442 vivere,
2548 2376 2603 2431 in
2633 2376 2713 2432 eis
2737 2377 2807 2432 sit
2833 2376 3006 2444 iactis,
3028 2393 3149 2448 quae
3171 2394 3270 2435 nec
3294 2389 3436 2450 pote-

1842 2478 1964 2525 rant
1988 2472 2002 2502 ¹
2026 2486 2263 2541 unquam
2291 2478 2437 2526 recta
2476 2485 2616 2537 esse,
2654 2483 2754 2526 nec
2790 2478 3098 2540 potuerunt,
3131 2472 3269 2529 sicut
3304 2473 3436 2532 satis

1837 2562 1947 2633 jam
1976 2563 2501 2619 demonstravimus?

1914 2655 2002 2710 59.
2027 2654 2280 2719 Proinde,
2307 2653 2710 2725 quomodolibet
2739 2654 3031 2725 accipiatur
3050 2669 3079 2708 a
3106 2656 3257 2712 vobis
3276 2656 3436 2728 hujus

1843 2745 2020 2801 Raziae
2046 2746 2153 2801 vita
2183 2746 2393 2802 laudata
2412 2788 2427 2812 ,
2456 2762 2562 2802 non
2593 2746 2752 2803 habet
2777 2762 2924 2802 mors
2950 2747 3067 2817 ejus
3088 2748 3435 2807 laudatriccm

1843 2838 2182 2910 sapientiam,
2212 2838 2336 2910 quia
2377 2855 2484 2894 non
2513 2839 2674 2895 habet
2701 2839 2913 2910 dignam
2950 2840 3045 2896 Dei
3089 2841 3301 2898 famulis
3341 2859 3436 2912 pa-

1845 2932 2082 2988 tientiam
2112 2950 2125 2987 :
2151 2931 2435 3002 potiusque
2464 2932 2590 2986 huic
2616 2945 2720 2987 vox
2745 2931 2832 2986 illa
2853 2931 3159 3000 Sapientiae,
3182 2948 3303 3003 quae
3327 2949 3437 2991 non

1844 3022 2036 3091 laudis,
2064 3022 2158 3078 sed
2180 3022 2551 3078 detestationis
2580 3031 2682 3091 est,
2707 3022 2982 3092 competit,
3014 3022 3104 3077 Va:
3129 3023 3191 3078 iis
3218 3027 3302 3096 qui
3323 3043 3438 3096 per-

1844 3115 2083 3170 diderunt
2113 3115 2458 3170 sustinentiam
2494 3114 2681 3183 (Eccli.
2715 3131 2772 3182 ll,
2804 3113 2925 3185 16)!
2953 3113 3088 3170 Nam
3117 3116 3436 3178 sillaudato-

1845 3221 1963 3261 rum
2007 3205 2142 3260 facta
2177 3206 2353 3258 omnia
2390 3204 2608 3259 creditis
2652 3204 2927 3269 imitanda,
2966 3205 3222 3275 numquid
3248 3208 3440 3265 melior

1844 3307 1928 3352 est
1957 3297 2057 3351 iste
2083 3295 2274 3351 Razias
2301 3310 2455 3365 quam
2489 3294 2690 3350 David?
2709 3293 2819 3350 Cur
2843 3310 2971 3366 ergo
3000 3295 3117 3366 ejus
3143 3297 3342 3352 factum
3369 3298 3438 3355 de

1843 3392 2016 3448 aliena
2073 3408 2239 3448 uxore
2291 3392 2585 3462 appetenda
2609 3433 2625 3460 ,
2658 3392 2879 3463 ejusque
2918 3391 3213 3448 occidendo
3241 3394 3439 3450 marito

1846 3485 1866 3555 (
1893 3483 1936 3538 ll
1962 3483 2091 3556 Reg.
2117 3501 2168 3538 χι
2198 3482 2241 3556 ),
2275 3485 2451 3539 nullus
2490 3485 2665 3539 bonus
2708 3484 2810 3540 sibi
2839 3485 3107 3555 proponit,
3140 3485 3232 3541 sed
3263 3487 3440 3556 potius

1846 3577 2144 3632 cavendum
2170 3585 2329 3646 atque
2359 3575 2669 3631 vitandum?
2696 3575 2962 3646 Numquid
2992 3576 3181 3631 melior
3209 3588 3293 3632 est
3328 3576 3437 3631 Ra-

1847 3666 1956 3720 zias
1981 3681 2141 3737 quam
2165 3665 2452 3722 Salomon?
2475 3665 2725 3721 Placetne
2749 3681 2877 3737 ergo
2903 3665 3072 3733 vobis,
3099 3675 3154 3721 ut
3181 3666 3293 3736 ejus
3314 3682 3440 3738 erga

1848 3760 2103 3814 mulieres
2150 3759 2402 3823 lasciviae,
2445 3773 2670 3828 quarum
2717 3756 3116 3813 seductionibus
3165 3772 3330 3828 usque
3373 3758 3442 3814 ad

1848 3854 2045 3924 templa
2076 3853 2231 3908 idolis
2259 3851 2563 3908 fabricanda
2591 3850 2884 3922 perductus
2904 3858 2988 3907 est
3016 3851 3034 3922 (
3058 3849 3126 3906 lll
3156 3851 3284 3922 Reg.
3316 3867 3372 3905 xi
3393 3850 3440 3923 ),

1850 3945 2164 4001 imitandum
2196 3960 2560 4016 praponamus
2591 3943 3220 4016 exemplum?Numquid
3252 3945 3444 4001 melior

1850 4038 2042 4094 Razias
2081 4054 2237 4110 quam
2279 4037 2470 4093 Petrus
2508 4037 2814 4107 apostolus,
2845 4037 2932 4107 qui
2972 4036 3061 4091 ubi
3101 4036 3253 4100 dixit,
3286 4036 3363 4090 Tu
3390 4051 3444 4091 es

1852 4129 2081 4183 Christus
2102 4129 2268 4183 Filius
2291 4127 2387 4182 Dei
2415 4129 2532 4194 vivi,
2560 4137 2670 4181 tam
2699 4128 2885 4182 beatus
2910 4142 2940 4180 a
2965 4126 3191 4182 Domino
3218 4127 3446 4196 appella-

1853 4232 1937 4278 tus
1961 4233 2064 4290 est,
2087 4230 2145 4276 ut
2169 4221 2349 4276 claves
2375 4220 2522 4290 regni
2553 4219 2809 4275 caelorum
2840 4217 3082 4287 accipere
3109 4226 3442 4276 mereretur:

1852 4330 1953 4371 nec
1983 4324 2158 4368 tamen
2190 4312 2308 4367 ideo
2331 4314 2350 4343 ²
2380 4310 2614 4366 creditur
2641 4310 2951 4376 imitandus,
2981 4308 3070 4364 ubi
3100 4324 3226 4364 mox
3253 4308 3444 4366 eodem

1853 4415 2124 4464 momento
2147 4405 2528 4476 reprehensus,
2551 4403 2777 4470 audivit,
2806 4402 2942 4457 Vade
2958 4410 3067 4473 post
3089 4419 3183 4468 me,
3202 4411 3444 4470 satanas;

1854 4518 1956 4556 non
1972 4499 2102 4554 enim
2121 4497 2261 4567 sapis
2285 4511 2397 4568 qua:
2416 4495 2513 4551 Dei
2538 4503 2674 4562 sunt,
2697 4495 2785 4549 sed
2811 4510 2923 4564 qua:
2948 4493 3206 4548 hominum
3231 4491 3442 4565 (Matth.

1853 4608 1964 4659 xvr,
1997 4589 2220 4659 17-23)?
2247 4589 2419 4658 Atque
2448 4595 2508 4642 ut
2538 4587 2654 4641 haec
2682 4595 2888 4641 taceam
2917 4600 3036 4655 quae
3059 4598 3192 4640 voce
3220 4584 3447 4654 apertis-

1853 4686 1987 4741 sima
2025 4690 2208 4739 sancta
2234 4680 2490 4738 Ecclesire
2516 4679 2788 4750 Scriptura
2817 4677 3070 4748 culpavit,
3097 4686 3150 4732 et
3175 4692 3236 4732 ea
3268 4676 3446 4733 dicam

1852 4794 1972 4851 quae
2013 4773 2382 4832 tantummodo
2424 4773 2496 4827 ibi
2539 4779 2749 4826 narrata
2782 4779 2942 4840 atque
2967 4769 3270 4839 conscripta
3297 4777 3444 4836 sunt,

1852 4886 1953 4928 nec
1979 4870 2047 4927 de
2075 4869 2158 4924 his
2181 4875 2263 4923 est
2289 4866 2340 4921 in
2368 4865 2589 4920 alteram
2620 4872 2824 4934 partem
2855 4861 3028 4917 laudis
3053 4870 3146 4916 aut
3164 4859 3448 4932 reprehen-

1854 4962 2020 5019 sionis
2064 4961 2166 5016 lata
2211 4955 2496 5022 sententia,
2537 4953 2628 5009 sed
2669 4969 2788 5024 quae
2820 4953 2975 5007 nobis
3013 4951 3295 5022 judicanda
3323 4966 3446 5022 per-

1854 5055 2016 5110 missa
2043 5060 2201 5117 sunt;
2232 5046 2488 5119 numquid
2517 5042 2708 5100 melior
2736 5044 2927 5098 Razias
2953 5059 3110 5113 quam
3141 5042 3289 5099 Noe?
3316 5043 3447 5110 Quis

1854 5154 2031 5202 autem
2065 5145 2213 5199 illum
2246 5144 2438 5206 virum,
2469 5137 2610 5209 quod
2636 5136 2804 5207 jacuit
2829 5135 3010 5190 ebrius
3038 5133 3189 5206 (Gen.
3212 5151 3293 5198 ix,
3323 5134 3442 5206 21),

1855 5238 2148 5294 laudaverit
2178 5233 2422 5292 sobrius?
2442 5229 2706 5300 Numquid
2738 5228 2927 5283 melior
2952 5236 3034 5282 est
3059 5228 3253 5283 Razias
3282 5241 3443 5297 quam

1854 5329 2019 5386 Judas
2045 5325 2388 5398 patriarcha?
2409 5323 2540 5392 Quis
2569 5331 2743 5376 tamen
2773 5334 2895 5375 eum
2921 5318 3202 5390 approbet,
3225 5319 3308 5372 cui
3331 5318 3445 5387 pla-

1855 5429 1993 5484 ceat,
2021 5434 2177 5489 quem
2201 5434 2304 5473 non
2321 5414 2619 5472 rectissime
2636 5410 2872 5467 olfendat
2886 5410 2938 5462 in
2957 5407 3440 5478 illalfornicatione,

1853 5511 2280 5582 quandoquidem
2315 5523 2421 5564 non
2443 5507 2510 5562 ad
2534 5520 2682 5560 suam
2712 5515 2925 5565 nurum,
2952 5499 3074 5569 quia
3103 5497 3206 5553 hoc
3233 5497 3446 5568 ignora-

1855 5605 1949 5671 vit,
1988 5613 2355 5658 verumtamen
2399 5601 2462 5658 ad
2501 5614 2620 5657 eam
2655 5612 2813 5670 quam
2847 5591 3182 5652 meretricem
3214 5585 3440 5669 putavit,

1919 5738 1932 5804 ξ
1972 5741 2126 5794 Forte,
2156 5739 2389 5804 poterunt.
3403 5754 3442 5792 ,ς

1917 5801 1938 5832 ³
1971 5803 2125 5858 Forte,
2150 5793 2199 5846 in
2220 5809 2290 5847 eo.
3431 5793 3458 5826 ἰ
