3816 6154
103 307 243 364 753

101 418 362 496 potestis
378 460 396 487 ,
425 417 566 490 quod
596 417 654 481 in
677 414 975 478 Collatinus
1000 419 1184 478 nostra
1207 412 1428 469 minime
1455 413 1726 484 potuistis.

101 499 190 572 Si
217 524 399 584 autem
429 511 676 579 homines
695 509 796 570 iata
820 509 1088 580 dixerunt,
1106 507 1174 564 do
1193 508 1386 579 quibus
1405 508 1604 564 dictum
1627 517 1731 577 est,

104 608 500 674 Finnauerttnt
523 607 618 670 sibi
639 620 922 681 sermonm
943 602 1222 675 malignum
1249 600 1420 672 (Paul.
1451 617 1599 668 thtt,
1633 600 1688 673 6)
1716 619 1729 655 :

103 717 266 760 ecce
293 701 586 772 humanum
626 697 938 770 figmentum
959 737 978 764 ,
1007 709 1138 756 ecce
1172 693 1317 765 quod
1351 693 1526 749 colitis
1548 735 1564 761 ,
1609 707 1736 750 ecce

107 795 228 854 cui
258 793 472 852 servitis
491 833 507 860 ,
538 805 667 855 ecce
695 797 912 862 [imples
938 785 1083 860 quod
1111 785 1418 854 rebellatio,
1451 785 1694 842 insanitis
1716 826 1732 853 ,

109 886 362 943 ardetis.
1445 917 1453 926 ι

205 981 302 1038 45.
338 977 575 1040 Gabinus
597 989 726 1040 vero
743 982 800 1034 et
816 973 1020 1046 czeteri,
1042 971 1134 1044 qui
1159 971 1299 1028 hanc
1325 972 1618 1030 Ecclesiam
1640 985 1736 1030 eo-

113 1078 477 1147 gnoverunt,
509 1069 816 1140 elegerunt,
849 1073 1168 1136 tenuerunt,
1199 1079 1307 1121 non
1328 1064 1616 1126 humanum
1635 1061 1738 1136 ﬁg-

114 1173 421 1230 mentum,
448 1159 542 1230 sed
586 1159 825 1229 divinum
861 1157 1186 1229 Promissum
1223 1154 1534 1226 praedictum
1560 1164 1615 1210 et
1634 1153 1739 1210 im-

117 1258 350 1330 pletutu
388 1269 510 1314 cum
536 1251 780 1318 ﬁdelibus
817 1250 1018 1312 habere
1055 1249 1366 1318 cupientes,
1393 1246 1614 1302 ulterius
1644 1260 1740 1316 pro

117 1349 381 1417 humano
403 1346 653 1418 ﬁgmento
675 1344 819 1414 ipsas
842 1341 1101 1406 humanas
1123 1338 1396 1398 molestias
1420 1338 1624 1410 perpeti
1646 1351 1742 1393 no-

119 1442 380 1499 luerunt.
409 1438 510 1516 Qui
541 1437 684 1506 enim
710 1449 808 1507 pro
830 1434 1057 1498 veritate
1080 1441 1136 1498 et
1162 1431 1365 1500 unitate
1391 1429 1612 1502 Christi,
1632 1442 1741 1485 non

121 1534 265 1592 dico
287 1548 378 1593 res
397 1545 522 1600 suas
540 1572 556 1600 ,
583 1528 678 1590 sed
699 1527 855 1598 istam
882 1526 1044 1590 etiam
1066 1525 1230 1586 vitam
1253 1537 1403 1582 suam
1424 1565 1440 1589 ,
1467 1523 1590 1586 aliis
1608 1522 1744 1578 dun-

121 1635 291 1684 taxat
310 1622 678 1696 auferentibus
703 1630 862 1692 atque
887 1616 1348 1688 interﬁcientibus,
1377 1615 1632 1682 amiserit,
1651 1628 1744 1670 ve-

121 1735 198 1776 re
227 1718 392 1774 ﬁdem
421 1716 602 1781 habet.
629 1729 757 1769 vere
777 1726 926 1782 spem
950 1710 1130 1777 habet,
1162 1723 1288 1766 vero
1308 1707 1625 1778 charitatem
1649 1706 1745 1762 ha-

119 1813 235 1870 bet
252 1853 269 1880 ,
298 1824 430 1880 vere
453 1808 623 1877 Deum
646 1805 827 1875 habet.
850 1802 1102 1873 Quisquis
1127 1809 1305 1878 autem
1330 1814 1430 1870 pro
1457 1806 1613 1872 parte
1639 1797 1744 1853 Do-

123 1905 254 1968 nati
270 1902 362 1962 vel
383 1900 648 1970 ﬁmbriam
664 1896 967 1966 uestimenti
988 1893 1303 1966 perdiderit,
1319 1907 1414 1950 cur
1428 1905 1538 1948 non
1557 1891 1740 1948 habet.

125 1997 283 2068 Quid
304 2010 436 2071 ergo
461 1993 678 2060 mirum,
696 1991 742 2060 si
761 1989 1009 2058 homines
1034 1987 1324 2058 sapientes,
1343 2001 1468 2042 eum
1496 1983 1746 2042 viderunt

127 2098 333 2152 contra
380 2085 657 2153 obdurala:
683 2081 1086 2156 ςοῃευβιιιιιῑηῑε
1129 2079 1614 2152 pertinacissimum
1642 2093 1741 2134 ve-

130 2189 403 2250 tuentem
430 2176 702 2250 promite
727 2175 828 2243 sibi
857 2187 979 2238 esse
1001 2172 1195 2232 damna
1234 2179 1290 2228 et
1314 2170 1500 2228 exsilia
1519 2212 1536 2238 ,
1562 2171 1743 2226 consi-

128 2274 473 2341 deraverunt
497 2280 675 2341 utrum
701 2283 802 2341 pro
831 2279 984 2340 parte
1010 2266 1201 2325 Donati
1229 2274 1416 2322 contra
1444 2265 1744 2328 Ecclesium

129 2365 488 2435 catholicam,
509 2365 612 2434 huc
630 2372 734 2432 est,
753 2378 853 2434 pro
874 2363 1127 2433 ﬁgmento
1147 2361 1382 2418 humano
1402 2365 1586 2415 contra
1609 2374 1745 2431 opus

128 2459 385 2516 divinum
405 2458 612 2530 perpeti
632 2457 732 2521 ista
752 2454 1042 2516 deberent:
1062 2463 1114 2510 et
1134 2468 1194 2510 se
1216 2453 1399 2524 utique
1416 2467 1523 2510 non
1543 2451 1745 2508 debere

128 2552 428 2619 viderunt;
469 2558 633 2624 atque
668 2550 824 2612 istam
848 2561 1008 2618 quam
1040 2545 1245 2605 vocatis
1271 2544 1698 2615 persecutionem
1720 2582 1738 2612 ,

129 2651 514 2717 cognoverunt
531 2641 632 2704 sibi
655 2655 776 2698 esse
793 2638 1146 2702 correctionis
1175 2637 1511 2700 occasionem
1531 2677 1546 2703 ,
1578 2643 1635 2691 et
1663 2635 1742 2691 te-

132 2747 334 2807 ceruni
356 2735 502 2810 quod
530 2735 788 2804 scriptum
820 2741 935 2800 eat,
965 2729 1049 2792 Da
1080 2730 1297 2801 sapienti
1322 2728 1634 2784 occasionem
1653 2768 1667 2791 ,
1699 2734 1747 2783 ct

132 2832 425 2908 sapientior
457 2830 550 2896 erit
580 2827 761 2901 (Prata.
792 2841 843 2888 rx
863 2868 878 2893 ,
909 2822 1007 2898 ων
1034 2823 1197 2886 Vides
1235 2823 1415 2893 itaque
1439 2835 1600 2892 quam
1630 2819 1745 2874 ina-

134 2928 286 2986 niter
311 2923 513 2993 dixeris
541 2920 780 2988 homini,
807 2920 899 2990 qui
925 2933 992 2979 ex
1026 2924 1295 2988 praecepto
1321 2914 1550 2986 piissimi
1577 2915 1745 2984 impe-

135 3018 344 3076 ratoris
369 3015 455 3082 sui
479 3024 712 3081 vestram
749 3011 1140 3078 correctionem
1168 3009 1428 3081 requirit,
1469 3006 1612 3079 quod
1640 3005 1744 3062 hu-

134 3112 228 3184 ius
276 3107 619 3182 prudentiam
669 3103 1007 3166 exsecutoris
1053 3101 1289 3158 ofﬁcium
1341 3115 1448 3156 non
1495 3097 1742 3155 decebat.

136 3200 282 3274 Quid
318 3200 465 3264 enim
486 3198 658 3271 magis
681 3196 991 3269 religiosum
1027 3193 1344 3250 militantem
1366 3191 1556 3258 decet,
1581 3205 1746 3262 quam

136 3302 202 3360 ut
225 3294 281 3350 in
323 3306 386 3348 ea
427 3305 587 3348 causa
618 3290 672 3352 iu
697 3303 803 3360 qua
831 3285 1116 3357 perpendit
1152 3285 1470 3355 quibusnam
1497 3296 1595 3337 vos
1623 3280 1744 3336 vul-

138 3385 215 3453 tis
257 3397 384 3441 esse
413 3382 655 3452 deceptis
686 3381 702 3424 l
729 3421 746 3448 ,
777 3378 960 3440 multis
988 3379 1103 3448 ipse
1140 3376 1233 3432 ﬁat
1261 3373 1590 3447 corrigendis
1634 3372 1745 3428 sal-

140 3475 293 3536 vatio
311 3475 338 3530 ?

215 3565 447 3635 CAPUT
474 3562 719 3628 XXXlV.
749 3591 821 3620 -._-
846 3560 937 3622 ﬂ.
970 3559 1146 3621 Verba
1189 3559 1445 3631 Epistolas
1476 3574 1491 3612 :
1527 3558 1607 3612 Ad
1649 3559 1745 3613 da-

139 3661 383 3729 ccndunt,
416 3658 606 3729 inquit,
639 3655 888 3726 populum
910 3651 1080 3724 lgraal
1103 3652 1422 3722 onmipatens
1447 3649 1588 3706 Deus
1611 3649 1747 3705 Pro-

144 3753 317 3824 pnetis
339 3749 645 3822 praemium
671 3746 830 3813 dedit,
851 3762 954 3807 non
977 3745 1176 3816 regibus
1195 3743 1481 3813 imperauit.
1509 3741 1749 3798 Salvator

143 3845 440 3912 animarum
470 3840 720 3910 Dominus
747 3837 978 3904 Christus
998 3837 1067 3895 ad
1091 3835 1448 3900 iasinuqndam
1476 3835 1648 3906 ﬁdem,
1672 3835 1750 3905 pi-

143 3944 402 4000 scatores,
433 3949 537 3997 non
563 3931 745 3994 milites
954 3927 1037 3987 Ad
1060 3927 1176 3985 haec
1193 3927 1475 3998 responsio
1507 3945 1522 3983 :
1553 3926 1749 3984 Audite

144 4043 281 4104 ergo
303 4025 601 4097 Prophetas
618 4031 854 4089 sanctos,
874 4029 929 4086 et
957 4029 1170 4082 sanctos
1189 4020 1494 4076 Piscatores
1515 4037 1530 4073 :
1553 4029 1608 4074 et
1633 4034 1748 4075 mo-

146 4119 318 4178 lectos
344 4133 452 4184 non
481 4116 752 4188 patiemini
791 4112 1224 4185 religiosissimos
1245 4126 1422 4182 reges.
1447 4110 1566 4166 lam
1604 4111 1748 4166 enim

146 4221 203 4281 et
224 4210 476 4283 superius
496 4206 728 4278 ostendi,
753 4205 822 4273 ad
847 4219 1031 4268 curam
1055 4203 1375 4275 pertinuisse
1401 4201 1564 4272 regis,
1583 4209 1642 4258 ut
1658 4200 1750 4256 Ni-

147 4303 337 4360 nivitae
363 4301 530 4356 Deum
558 4298 863 4369 placarent,
892 4295 1042 4367 cujus
1068 4293 1202 4349 iram
1228 4292 1494 4365 Propheta
1539 4306 1750 4348 annon.-

148 4397 401 4468 tiaverat-
447 4390 712 4462 Quamdiu
738 4405 869 4461 ergo
905 4403 1003 4454 vos
1041 4401 1152 4452 non
1180 4386 1375 4457 tenetis
1412 4383 1705 4452 Ecclesium
1730 4425 1746 4452 ,

146 4504 316 4560 quam
345 4483 840 4560 przenuntiavﬁl‘llnt
858 4484 879 4528 ν
900 4523 916 4554 ,_
947 4481 1240 4552 piscatores
1271 4476 1514 4549 Apostoli
1538 4477 1747 4547 planta-

149 4586 348 4640 verunt
380 4593 394 4630 :
429 4574 634 4642 tamdiu
658 4587 814 4645 reges
835 4571 926 4643 qui
951 4585 1068 4634 eam
1097 4577 1284 4633 tenent
1302 4610 1316 4635 ,
1345 4568 1646 4640 rectissime
1681 4567 1750 4624 ad

149 4685 308 4730 suam
333 4683 519 4736 curam
542 4667 784 4740 iudicant
811 4664 1112 4742 pertinere,
1140 4678 1210 4728 tte
1239 4677 1334 4726 vos
1354 4662 1610 4729 adversus
1630 4677 1749 4718 eam

151 4761 431 4822 rebellem
453 4760 692 4831 impune-
709 4757 844 4827 Nam
861 4757 1000 4822 Deus
1013 4763 1068 4822 et
1088 4770 1246 4826 reuss
1265 4755 1450 4822 habuit
1466 4755 1604 4811 inter
1619 4753 1750 4810 Bro-

152 4854 381 4936 phetas:
401 4850 568 4919 David
588 4851 787 4924 quippe
809 4859 1046 4917 saueius.
1068 4847 1210 4918 quod
1233 4861 1338 4906 non
1360 4845 1586 4918 potestis
1602 4846 1752 4918 igno-

151 4959 300 5012 me.
329 4958 424 5002 rex
452 4942 573 5012 fuit,
603 4940 798 5012 Audite
823 4940 1004 5011 itaque
1033 4938 1442 5009 proclinatum
1470 4953 1674 5010 resera.
1698 4947 1754 4998 et

154 5037 362 5100 ηυηιιιη
383 5035 692 5110 mlitiosam
715 5047 896 5106 Iesum
915 5029 1270 5100 formidabilis
1287 5030 1604 5096 irascentem
1623 5048 1636 5085 :
1658 5047 1752 5092 sua

153 5133 302 5202 dite,
335 5132 589 5206 inultam,
621 5127 943 5207 Prophetatn
983 5139 1164 5197 regem
1190 5123 1456 5192 dicentem
1497 5125 1566 5182 de
1590 5125 1750 5183 Chrie

155 5233 239 5280 sto
256 5265 274 5290 .
310 5219 667 5289 Dominabitur
695 5235 729 5274 a
754 5217 886 5288 mari
913 5233 1073 5290 usque
1108 5215 1177 5288 ad
1204 5231 1345 5286 mare
1362 5257 1378 5283 .
1408 5225 1457 5278 et
1483 5233 1516 5276 α
1543 5216 1754 5286 ﬂumina

156 5333 318 5392 usque
343 5314 414 5374 ad
443 5313 682 5384 terminos
706 5310 841 5380 orbis
865 5320 1013 5380 terra;
1037 5309 1209 5380 (Pint.
1242 5323 1367 5372 tm
1385 5349 1400 5375 ,
1429 5308 1522 5375 8);
1565 5317 1751 5368 etnon

157 5410 420 5476 timebitis
442 5407 795 5478 christianum
815 5418 999 5477 regem
1018 5409 1426 5474 succenseam
1447 5399 1598 5465 vobis
1615 5399 1753 5457 hanc

159 5503 457 5560 Ecclesium
489 5497 1004 5572 blasphemantibus,
1021 5510 1140 5567 qua:
1164 5496 1304 5556 sicut
1321 5509 1352 5552 a
1372 5508 1498 5564 rege
1520 5491 1754 5563 prophe-

159 5602 266 5650 tata
283 5603 388 5660 est,
409 5592 690 5650 exhibetur
710 5605 880 5663 usque
896 5589 963 5644 ad
986 5589 1242 5645 terminos
1263 5587 1408 5644 orbis
1424 5595 1600 5643 terrae.
1617 5584 1750 5658 Quia

219 5757 238 5821 ἢ
274 5761 437 5815 Forte,
463 5752 749 5821 quibusdam
764 5763 844 5821 uos
865 5746 1022 5802 stultis
1043 5759 1144 5821 esse
1165 5745 1327 5800 cantio.

225 5820 248 5878 l
281 5808 444 5894 forte}
637 5813 885 5887 Prophetas
908 5808 1357 5886 prmmtiaverunt.

1491 296 1694 356 LIBER
1733 295 2008 356 PRIMUS.

3327 301 3437 361 τδι

1848 419 1905 470 et
1929 427 2025 492 rex
2048 410 2571 481 Nabuchodonosor,
2602 416 2844 486 quamvis
2885 417 3146 492 propheta
3182 432 3289 475 non
3313 417 3436 477 fue-

1845 505 1949 573 rit,
1980 520 2075 562 eos
2096 514 2272 562 tamen
2294 505 2384 577 qui
2405 503 2840 582 blasphemarent
2863 501 3032 564 Deum
3053 511 3275 580 Sidrach
3296 555 3312 580 ,
3340 511 3440 568 Mi-

1846 597 1974 656 sach
2001 606 2057 654 et
2078 598 2390 680 Abdenago,
2412 600 2657 676 religioso
2685 601 2977 672 severitate
3004 605 3243 660 coercuit
3273 605 3436 678 (Dan.

1846 705 1940 757 ιιι,
1972 690 2089 762 se).

1916 781 2147 840 CAPUT
2187 781 2406 839 XXXV.
2437 812 2506 826 ——
2535 783 2626 841 45.
2660 784 2836 842 Verba
2880 785 3134 858 Epistolas
3168 805 3182 843 :
3218 787 3442 855 Munda-

1845 893 1945 946 ηαξ,
1969 877 2158 948 inquit,
2177 876 2372 950 militia;
2396 893 2652 950 nunquam
2672 875 2814 933 Deus
2839 868 3138 949 exspectavit
3165 881 3439 949 auxiliarii,

1845 971 1932 1044 qui
1953 971 2094 1026 solus
2122 978 2283 1042 potest
2301 969 2364 1024 de
2387 968 2510 1024 vivis
2533 977 2580 1024 et
2604 969 2816 1025 mortuis
2833 970 3088 1043 judicare.
3117 969 3200 1025 Ad
3222 971 3337 1038 haec
3359 989 3443 1028 re-

1847 1063 2066 1135 sponsio
2097 1079 2112 1117 :
2144 1062 2261 1120 Non
2287 1061 2573 1118 mundanae
2600 1062 2804 1118 militia:
2830 1063 2973 1134 Deus
2993 1073 3269 1138 exspectat
3293 1065 3444 1120 auxi-

1847 1157 1977 1212 lium
1997 1197 2012 1222 ,
2041 1153 2255 1233 quando
2280 1153 2499 1230 regibus
2521 1153 2744 1228 largitur
2769 1154 2946 1225 potius
2972 1153 3289 1226 beneficium
3312 1197 3325 1224 ,
3351 1155 3443 1227 qui

1848 1248 1927 1305 eis
1947 1247 2171 1318 inspirat
2185 1253 2246 1302 ut
2261 1246 2316 1301 in
2333 1259 2500 1326 regno
2522 1259 2620 1301 suo
2636 1253 2826 1302 curent
2841 1244 2953 1300 ﬁeri
2977 1244 3187 1301 Domini
3208 1245 3288 1302 sui
3303 1233 3443 1318 pric-

1847 1347 2084 1410 eeptum.
2107 1337 2312 1426 Quibus
2332 1325 2476 1412 enim
2500 1337 2700 1394 dictum
2723 1345 2842 1420 est,
2876 1335 2946 1391 Et
2971 1353 3105 1392 nunc
3123 1378 3139 1406 ,
3167 1325 3342 1417 reges,
3366 1340 3444 1392 in-

1849 1431 2095 1504 telligite;
2128 1419 2397 1486 crudimini
2414 1470 2428 1499 ,
2456 1429 2543 1502 qui
2571 1429 2822 1502 judicatis
2863 1437 3051 1484 terram
3079 1445 3097 1485 :
3128 1419 3305 1484 servile
3334 1429 3444 1497 Da-

1849 1526 1986 1580 mino
2014 1525 2068 1580 in
2099 1525 2278 1580 timore
2304 1522 2478 1596 (Psal.
2510 1539 2584 1590 ιι,
2615 1523 2686 1580 10
2705 1565 2721 1593 ,
2750 1524 2878 1593 il);
2910 1525 3148 1580 sentiunt
3177 1539 3327 1595 suam
3353 1540 3446 1595 po-

1850 1625 2098 1674 testatem
2126 1617 2196 1672 ita
2235 1615 2463 1672 Domino
2500 1615 2706 1690 servire
2731 1614 2966 1683 debere,
3009 1624 3154 1688 utea
3182 1625 3448 1689 potestate

1850 1710 2172 1782 plectantur,
2192 1709 2283 1781 qui
2303 1709 2495 1765 nolunt
2515 1707 2631 1796 eius
2646 1707 2906 1780 voluntati
2932 1709 3155 1765 servire.
3175 1709 3327 1794 quod
3351 1724 3447 1778 au-

1849 1809 1957 1858 tem
1986 1801 2054 1858 de
2078 1800 2334 1857 militibus
2364 1800 2496 1874 facis
2520 1799 2774 1856 invidiam
2793 1843 2808 1866 ,
2851 1800 2898 1857 si
2924 1801 3108 1872 utique
3139 1802 3240 1872 ista
3275 1817 3401 1858 cura
3425 1845 3442 1872 ,

1849 1893 1987 1951 sicut
2029 1893 2141 1964 jam
2193 1891 2473 1948 docuimus
2504 1933 2521 1960 ,
2574 1891 2630 1946 in
2681 1889 2974 1974 Scripturis
3025 1891 3222 1948 sanctis
3275 1895 3443 1964 perti-

1850 2000 1979 2042 nere
2009 1985 2410 2042 demonstratur
2434 1983 2502 2040 ad
2527 1997 2681 2056 reges
2701 2025 2716 2051 ,
2752 1997 2851 2055 per
2877 1997 3012 2056 quos
3041 1982 3095 2039 id
3124 1985 3296 2041 acturi
3321 1995 3447 2056 sunt

1849 2077 2112 2134 adversus
2162 2077 2396 2156 rebelles
2445 2063 2916 2150 Circumcelliones
2966 2085 3022 2133 et
3072 2078 3292 2152 insanos
3347 2094 3444 2136 eo-

1848 2183 1968 2224 rum
1994 2170 2113 2226 sive
2140 2167 2430 2241 participes
2463 2168 2582 2225 sive
2606 2168 2875 2240 principes
2899 2210 2914 2236 ,
2951 2167 3052 2226 nisi
3081 2183 3178 2240 per
3203 2170 3444 2244 subditos

1850 2261 2048 2318 milites
2065 2263 2091 2316 ’l
2612 2256 2622 2261 ’

1920 2371 2149 2432 CAPUT
2177 2371 2420 2437 XXXVI.
2451 2405 2521 2415 —
2549 2373 2641 2448 ἦε.
2669 2372 2846 2448 Verba
2871 2374 3127 2465 Epistoite
3159 2392 3172 2429 :
3207 2375 3313 2448 Seu
3353 2378 3447 2448 hoc

1851 2485 1953 2534 non
1980 2468 2178 2536 sciunt,
2221 2467 2428 2548 inquit,
2459 2467 2741 2538 alienarum
2768 2459 2940 2540 rerum
2969 2466 3318 2540 incubatqrcs,
3360 2468 3448 2541 qui
3561 2459 3568 2466 ’

1850 2575 1942 2614 nec
1954 2558 2118 2614 Deum
2138 2559 2350 2622 audiunt
2372 2559 2635 2638 dicentem,
2651 2578 2671 2612 α
2697 2557 2820 2630 Non
2849 2559 3177 2634 concupiscas
3201 2577 3304 2632 rent
3329 2577 3448 2642 pro-

1849 2653 1974 2708 ximi
2001 2654 2074 2720 tui
2102 2673 2120 2706 ι
2143 2652 2334 2724 (Εποάο
2355 2668 2447 2728 ξιξ
2467 2653 2556 2732 1⁷)
2580 2669 2594 2705 ε
2616 2668 2705 2724 nec
2721 2669 2810 2724 per
2837 2652 3164 2724 Salomone":
3192 2652 3448 2726 Spiritum

1849 2753 2079 2801 sanctum
2105 2746 2371 2814 dicentem,
2386 2763 2406 2798 t
2419 2743 2562 2799 Tunc
2581 2745 2784 2799 stabunt
2787 2748 2922 2817 justi
2937 2745 2990 2800 in
3011 2761 3196 2816 magna
3211 2755 3448 2816 constan-

1851 2837 1922 2890 tia
1946 2836 2188 2904 adversus
2207 2853 2290 2897 eos
2316 2837 2404 2908 qui
2431 2853 2484 2908 se
2503 2837 2936 2909 angustiaverunt,
2959 2847 3006 2908 ei
3025 2838 3111 2926 qui
3131 2837 3447 2910 abstulerunt

1851 2928 2046 2983 labores
2066 2944 2258 2992 eorum.
2293 2926 2530 2982 Videntes
2559 2927 2892 3000 turbabuntur
2916 2928 3095 3000 timore
3123 2928 3372 3002 horribili,
3397 2937 3447 3004 et

1851 3021 2169 3088 mirabuntur
2194 3021 2248 3076 in
2277 3021 2577 3092 subitationc
2597 3020 2868 3098 insperata;
2886 3021 3096 3094 salutis;
3119 3022 3339 3094 dicentes
3364 3006 3448 3096 in-

1851 3122 1924 3168 ter
1949 3129 2002 3168 se
2020 3155 2036 3185 ,
2067 3113 2409 3184 paznitcnliant
2437 3099 2708 3194 habentes,
2740 3121 2787 3167 et
2813 3129 2902 3194 per
2929 3113 3216 3186 angustiam
3239 3114 3447 3186 spiritus

1849 3216 2135 3284 gementes:
2156 3206 2228 3278 Hi
2256 3215 2373 3262 sunt
2397 3222 2522 3279 quos
2541 3189 2819 3286 aliquando
2838 3197 3104 3275 habuimus
3128 3207 3179 3261 in
3201 3206 3444 3278 derisum,

1851 3293 1897 3358 et
1924 3302 1978 3362 in
2003 3300 2381 3370 similitudinem
2409 3299 2723 3380 ivnpmperii.
2761 3295 2871 3356 Nos
2901 3298 3141 3372 insensati
3178 3299 3331 3368 pilam
3374 3297 3445 3368 ii-

1851 3395 2018 3462 lorum
2058 3392 2464 3462 existimabamur
2492 3390 2778 3464 insaniam,
2822 3397 2870 3460 et
2909 3389 3064 3460 ﬁnem
3102 3389 3309 3461 illorum
3338 3389 3446 3460 sine

1852 3487 2042 3548 honore
2070 3501 2087 3540 :
2119 3483 2369 3558 quomodo
2398 3481 2673 3558 compututi
2697 3467 2813 3553 sunt
2842 3481 2973 3554 inger
2999 3479 3133 3549 ﬁlios
3161 3477 3274 3545 Dei,
3301 3488 3346 3534 ct
3367 3479 3447 3550 in-

1853 3589 1927 3635 ter
1951 3586 2153 3650 sanctos
2178 3593 2288 3653 sors
2313 3575 2523 3644 illorum
2557 3573 2674 3630 est?
2705 3571 2844 3646 Ergo
2871 3571 3149 3640 erravimus
3179 3588 3211 3636 a
3237 3571 3320 3625 via
3360 3587 3447 3626 ve-

1850 3671 2055 3739 ritatis;
2085 3678 2132 3738 ei
2153 3667 2369 3742 justitiat
2400 3666 2571 3738 (unum
2594 3681 2697 3733 non
2722 3663 2894 3719 illuxit
2935 3663 3078 3718 nobis
3112 3678 3130 3716 :
3159 3662 3334 3720 lassati
3362 3679 3448 3736 su-

1852 3781 1964 3819 mus
1986 3764 2043 3818 in
2069 3761 2352 3848 iniquitatis
2378 3767 2424 3830 ct
2453 3757 2750 3836 perditionis
2775 3757 2877 3841 via,
2906 3764 2952 3832 et
2975 3755 3340 3830 ambulavimus
3360 3771 3446 3824 sp.-

1855 3858 2089 3931 litudines
2104 3847 2359 3942 difﬁciles,-
2377 3853 2511 3918 viam
2525 3861 2691 3922 autem
2707 3850 2915 3925 Domini
2930 3850 3286 3924 ignoravimus.
3313 3847 3448 3932 Quid

1853 3953 1996 4008 nobis
2018 3929 2209 4024 profuit
2224 3929 2494 4024 superbia?
2509 3956 2595 4006 aut
2610 3945 2733 4016 quid
2753 3943 3043 4006 divitiarum
3055 3943 3307 4018 jactantia
3328 3929 3449 4002 con-

1856 4042 1968 4098 tulit
1984 4023 2125 4112 nobis
2139 4041 2163 4096 ?
2179 4039 2511 4100 Transierunt
2527 4038 2697 4093 omnia
2712 4045 2952 4110 tanquam
2971 4023 3147 4105 umbra
3160 4054 3178 4088 ι
3212 4034 3366 4105 (sap.
3387 4049 3442 4104 γ,

1856 4135 2003 4206 1-9).
2033 4133 2159 4187 Haec
2183 4133 2338 4203 igitur
2367 4131 2494 4202 ﬁdes
2519 4146 2612 4200 nos
2633 4130 2888 4202 hortatur,
2915 4137 2970 4180 ut
2995 4127 3203 4193 libenter
3224 4143 3316 4200 pro
3338 4126 3448 4198 Deo

1854 4226 1906 4280 in
1923 4226 2018 4286 ista
2033 4224 2378 4300 persecutione
2393 4224 2690 4278 moriamur.
2709 4218 2792 4276 Ad
2809 4219 2924 4293 huic
2939 4219 3216 4304 responsio
3236 4237 3249 4273 :
3270 4220 3448 4294 Agno-

1855 4315 1988 4372 scitc
2016 4314 2191 4369 scelus
2211 4323 2445 4370 vestrum
2465 4355 2478 4378 ,
2514 4320 2570 4384 et
2590 4311 2756 4383 nolite
2784 4310 2936 4384 vobis
2965 4324 3222 4382 usurpure
3252 4303 3448 4366 nomen

1855 4409 2107 4473 alienum.
2138 4407 2409 4494 Scriptura
2435 4405 2602 4490 dixit,
2629 4403 2774 4478 Tunc
2811 4403 3012 4476 stabunt
3028 4403 3157 4482 justi
3181 4403 3232 4474 in
3263 4418 3448 4477 magna

1856 4501 2139 4569 constantia
2159 4493 2399 4556 adversus
2424 4515 2507 4566 eos
2528 4497 2613 4567 qui
2638 4513 2692 4552 se
2710 4496 3140 4570 angustiaoeruni,
3161 4503 3206 4548 et
3228 4494 3313 4572 qui
3334 4493 3448 4566 abs-

1859 4593 2081 4664 tulerunt
2129 4590 2325 4645 labores
2355 4605 2548 4643 eorum.
2581 4587 2694 4658 Non
2721 4586 2875 4662 dixit,
2898 4586 3124 4660 Stabunt
3151 4599 3338 4640 omnes
3357 4579 3447 4660 qui

1857 4681 1994 4756 inuia
2021 4679 2162 4768 passi
2189 4689 2314 4746 sunt
2346 4697 2358 4732 :
2392 4679 2485 4750 sed
2505 4722 2520 4748 ,
2548 4679 2746 4756 stabunt
2768 4679 2920 4760 justi.
2943 4677 3090 4748 Sicut
3112 4685 3166 4732 et
3193 4677 3447 4752 Dominus

1857 4789 1980 4832 cum
2017 4767 2272 4846 dixisset,
2301 4771 2444 4826 Beati
2483 4771 2570 4856 qui
2605 4771 2996 4856 persecutionem
3023 4769 3318 4848 patiuntur,
3348 4767 3447 4822 nisi

1858 4868 2182 4942 addidisset,
2215 4874 2416 4938 propter
2432 4847 2688 4944 justitiam
2718 4863 2933 4936 (Matth.
2963 4847 3030 4931 v,
3061 4861 3188 4942 l0),
3217 4851 3322 4930 non
3355 4875 3447 4936 so-

1859 4939 1941 5017 los
1966 4959 2288 5034 significaret
2313 4957 2400 5030 qui
2423 4939 2521 5029 pro
2550 4971 2642 5033 sua
2675 4956 2731 5011 in
2763 4955 2984 5028 Domino
3011 4939 3262 5029 patientia
3289 4969 3448 5012 coro-

1860 5041 2090 5122 nantur,
2120 5049 2214 5122 sed
2252 5051 2412 5120 etiam
2440 5049 2560 5122 illos
2587 5049 2677 5121 qui
2705 5047 2858 5120 iustis
2887 5046 3094 5126 legibus
3136 5047 3446 5126 puniuntur.

1859 5147 2194 5219 Quapropter
2214 5143 2259 5218 si
2285 5143 2351 5198 ad
2379 5157 2469 5198 vos
2496 5141 2693 5216 putatis
2723 5141 2839 5212 haec
2855 5141 3120 5220 iustorum
3144 5139 3306 5196 verba
3332 5153 3449 5214 qure

1860 5227 2057 5310 seripta
2088 5245 2211 5293 sunt
2238 5223 2538 5322 pertinere,
2569 5234 2715 5312 prius
2749 5249 2816 5288 an
2851 5231 2981 5312 justi
3007 5233 3123 5287 sitis
3163 5229 3448 5287 ostendite.

1861 5330 2076 5387 Habetis
2097 5317 2250 5385 enim,
2272 5342 2360 5384 res
2391 5317 2608 5410 magnas
2630 5368 2644 5392 ,
2674 5337 2804 5398 quas
2830 5323 2971 5378 inter
2989 5331 3195 5380 vestras
3214 5319 3452 5408 justitias

1861 5422 2162 5489 ventiletis;
2203 5419 2519 5480 divisionem
2561 5418 2792 5490 Christi,
2837 5415 3216 5472 rescissionem
3256 5412 3448 5467 Sacra-

1860 5495 2160 5574 mentorutn
2190 5514 2407 5580 Christi,
2439 5513 2796 5580 desertionem
2826 5511 2969 5586 pacis
3000 5508 3222 5578 Christi,
3251 5505 3450 5561 bellum

1860 5618 2045 5667 contra
2095 5607 2336 5662 membra
2364 5606 2594 5673 Christi,
2626 5604 3024 5676 criminationes
3073 5601 3125 5672 in
3168 5598 3450 5671 conjugcm

1860 5701 2078 5766 Christi,
2101 5701 2438 5770 negationem
2462 5700 2848 5770 promissorum
2879 5695 3095 5753 Christi.
3116 5693 3208 5752 lite
3232 5701 3355 5750 sunt
3368 5691 3449 5762 ju«

1865 5794 2020 5868 mitias
2043 5801 2250 5860 vestrae,
2279 5802 2494 5878 propter
2523 5809 2654 5884 quas
2675 5792 2922 5860 videlicet
2949 5793 3156 5870 stabitis
3177 5793 3231 5852 in
3261 5801 3450 5877 magna
