3816 6196
369 329 476 388 735
1352 304 1626 366 comma
1663 299 2136 368 GAUDENTlUM,
2177 299 2236 358 s.
2280 297 2652 360 annosum
2973 255 2981 298 ⁷
3158 308 3166 319 ι
3617 315 3715 374 πε
3771 211 3778 388 1

369 437 666 502 constantia
688 433 1046 493 adversuseos
1060 425 1149 501 qui
1167 435 1265 482 vos
1287 422 1743 496 angustiaverunt,
1765 427 1820 477 et
1838 418 1962 477 abs-
2071 416 2233 474 tionis
2282 417 2425 476 illius
2472 421 2732 492 temporis
2780 420 3148 484 describentes
3166 466 3183 495 ,
3230 439 3331 487 nec
3389 428 3717 492 duodecim

373 535 608 593 tulerunt
644 528 852 586 labores
883 531 1114 580 vestros.
1133 519 1252 577 Jam
1267 530 1396 576 vero
1419 530 1543 572 cum
1568 514 1711 571 inter
1729 511 1964 584 justitias
2071 510 2352 582 episcOpos
2379 511 2449 567 ad
2477 511 2836 571 ordinandum
2857 516 3168 589 episcopum
3191 521 3454 590 potuisse
3488 524 3558 580 in
3585 541 3717 583 con-

372 636 576 686 vestras
599 622 804 693 jactare
818 615 1112 689 cmperitis,
1132 611 1274 685 quod
1287 625 1383 668 vos
1408 611 1556 682 ipsos
1585 607 1822 673 necatis;
1845 605 1966 679 quis
2074 602 2258 659 cilium
2286 605 2620 676 congregari,
2647 607 2740 678 qui
2764 615 2915 680 gesta
2941 608 3033 667 illa
3063 611 3431 684 conﬁcerent,
3470 617 3582 674 ubi
3612 624 3716 678 ai-
3749 645 3770 690 ι

372 717 524 775 vobis
543 714 720 787 justus
745 707 1082 781 aequabitur?
1109 705 1260 762 'l‘unc
1300 703 1444 761 enim
1482 700 1715 758 maxime
1739 713 1966 771 appare-
2075 702 2570 762 mina’traditionis
2616 705 2845 765 invicem
2889 709 3246 783 donaverunt,
3293 730 3540 789 proque
3589 733 3718 789 pace
3755 695 3777 748 ’Ῐ

371 808 499 867 bitis
520 801 841 862 vindicandi.
873 799 982 857 Sed
1000 798 1176 855 videte
1211 796 1281 853 de
1299 795 1493 868 quibus
1525 809 1539 848 :
1573 793 1642 850 de
1677 791 1764 848 his
1781 791 1969 862 utique
2075 794 2634 868 Ecclesitejudicanda
2657 799 2885 858 Domino
2909 803 3245 876 reliquerunt
3271 825 3284 862 :
3311 823 3456 865 cum
3485 824 3602 865 vos
3622 810 3718 868 hoc
3749 837 3777 876 ,ι

371 900 464 972 qui
490 911 588 955 vos
614 894 947 953 occiderunt.
975 892 1118 963 Ergo
1142 896 1203 945 ut
1219 885 1599 954 vindicemini,
1631 881 1926 956 puniemini
1950 922 1966 949 ,
2078 895 2322 961 tempore
2359 889 2518 947 talem
2565 895 2993 963 persecutionem
3023 913 3119 954 vos
3166 901 3376 972 perpeti
3439 900 3718 970 dixistis,
3746 887 3777 972 ἒξ

373 1001 429 1049 et
449 990 658 1047 stabitis
681 987 939 1044 adversus
961 997 1060 1040 vos
1077 981 1259 1054 ipsos?
1275 978 1507 1035 Maxime
1528 976 1755 1041 stabitis,
1774 973 1865 1046 qui
1883 987 1968 1029 ca-
2078 980 2250 1053 qualis
2281 997 2551 1054 nunquam
2577 983 2698 1055 fuit,
2721 985 2776 1042 id
2795 995 2878 1044 est
2894 1030 2911 1058 ,
2940 997 3002 1044 ut
3020 989 3138 1047 loca
3162 991 3319 1048 vobis
3342 993 3584 1059 desint,
3620 1011 3720 1066 quo

377 1083 538 1140 minis
561 1079 757 1137 clausis
780 1092 877 1134 vos
901 1078 956 1132 in
981 1074 1228 1132 crudeles
1265 1070 1541 1144 angustias
1563 1067 1846 1125 coarctatis
1869 1109 1885 1136 ,
1914 1076 1974 1170 ut
2081 1074 2388 1147 confugere,
2417 1085 2578 1149 atque
2599 1079 2688 1136 ubi
2713 1080 2881 1138 latere
2908 1083 3160 1154 possitis;
3191 1101 3312 1142 cum
3344 1088 3618 1144 concilia
3651 1089 3722 1144 fa-
3753 1077 3777 1170 ἐξ

375 1185 431 1234 et
465 1175 558 1246 qui
584 1172 813 1230 voluerit
845 1169 1164 1234 subvenire,
1190 1181 1300 1223 non
1334 1164 1506 1237 possit
1533 1163 1735 1219 intrare
1755 1204 1771 1228 ,
1802 1170 1857 1217 et
1883 1160 1975 1232 qui
2081 1165 2256 1236 ciatis,
2281 1168 2561 1241 episcopos
2587 1171 2866 1244 ordinetis,
2893 1176 3053 1232 etiam
3076 1177 3130 1232 in
3157 1193 3344 1235 eorum
3370 1179 3613 1248 locum,
3635 1182 3719 1252 qui
3753 1160 3777 1174 ,η

377 1267 608 1325 voluerit
626 1265 878 1333 evadere,
896 1278 1005 1318 non
1026 1259 1196 1333 possit
1214 1259 1381 1315 exire.
1403 1256 1576 1322 Absit,
1593 1254 1735 1311 absit
1755 1261 1977 1310 utstent
2081 1261 2194 1316 suis
2224 1260 2432 1332 ignibus
2459 1262 2756 1334 perierunt,
2788 1266 2981 1322 iterum
3009 1268 3179 1338 tales',
3212 1270 3302 1342 qui
3329 1272 3462 1328 suis
3493 1273 3722 1343 ignibus
3757 1259 3778 1300 ι

377 1374 503 1415 cum
544 1371 739 1429 1113803
765 1352 1099 1419 constantia.
1127 1365 1252 1407 cum
1281 1349 1498 1405 Stabunt
1532 1361 1656 1403 cum
1700 1355 1808 1401 lam
1835 1345 1976 1402 mala
2084 1352 2263 1424 perire
2289 1354 2458 1424 parati
2488 1363 2632 1410 sunt.
2673 1356 2732 1412 In
2758 1359 3044 1416 concilium
3072 1371 3251 1418 autem
3281 1371 3487 1431 tanta,
3530 1373 3596 1420 ut
3623 1381 3720 1436 pu-

380 1449 731 1509 conscieutia.
775 1446 890 1503 Nisi
933 1445 1072 1501 forte
1114 1440 1448 1500 arbitramini
1491 1447 1777 1512 propterea
1821 1437 1977 1495 vobis
2084 1447 2208 1502 tatis
2248 1456 2408 1520 atque
2436 1448 2671 1520 jactatis,
2723 1455 3112 1523 persecutionis
3154 1464 3426 1529 tempore,
3469 1461 3725 1530 amplius

381 1547 553 1604 Deum
573 1553 700 1602 tunc
718 1557 880 1616 posse
915 1553 1136 1612 parcere
1158 1552 1258 1609 pro
1280 1534 1574 1593 sceleribus
1592 1533 1786 1590 vestris
1805 1575 1820 1600 ,
1853 1531 1979 1604 quia

384 1640 489 1714 ipsi
503 1638 657 1696 vobis
679 1636 839 1694 modo
853 1649 961 1692 non
984 1631 1220 1705 parcitis.
1235 1629 1390 1688 Unde
1412 1628 1574 1686 etiam
1595 1625 1840 1698 quaedam
1856 1639 1980 1682 san-

385 1730 721 1790 ctimoniales
741 1736 936 1786 vestrae
959 1724 1194 1799 gravidae
1231 1738 1331 1795 per
1359 1736 1487 1778 saxa
1516 1735 1576 1778 se
1595 1719 1895 1787 miserunt,
1925 1725 1982 1775 et

386 1823 772 1883 dissilientibus
807 1819 975 1878 uteris
1000 1815 1410 1874 homicidiorum
1435 1813 1640 1870 scelere
1667 1821 1725 1869 et
1762 1820 1980 1882 stupro-

387 1933 507 1976 rum
533 1916 735 1974 scelera
760 1911 1139 1987 prodiderunt;
1157 1907 1527 1965 existimantes
1546 1905 1592 1961 si
1616 1904 1721 1961 hoc
1742 1902 1905 1960 modo
1926 1902 1982 1958 in

388 2027 450 2068 se
471 2008 855 2074 vindicassent,
874 2003 1021 2060 nullo
1042 2001 1156 2074 jam
1175 1999 1337 2057 modo
1356 2000 1525 2056 Deum
1547 1997 1939 2055 vindicaturum
1963 2012 1978 2050 :

389 2103 530 2174 sicut
554 2111 609 2158 et
632 2115 730 2156 vos
748 2097 945 2172 putatis
965 2137 982 2165 ,
1011 2109 1132 2167 quae
1159 2093 1439 2164 sacrilegio
1459 2090 1765 2149 schismatis
1789 2098 1844 2146 et
1871 2088 1984 2145 ha:-

388 2195 546 2262 resis,
571 2191 656 2248 vcl
684 2186 1061 2263 depraedando,
1093 2183 1484 2251 detruncando,
1512 2181 1854 2248 excaecando,
1887 2193 1981 2237 oc-

388 2285 618 2344 cidendo
637 2326 652 2354 ,
682 2291 958 2356 postremo
977 2279 1136 2337 etiam
1157 2275 1539 2348 rebaptizando
1563 2273 1868 2331 Catholicos
1885 2313 1902 2341 ,
1930 2279 1986 2328 et

389 2377 645 2451 quaelibet
663 2375 763 2431 alia
793 2379 1084 2445 potuerunt
1104 2385 1136 2425 a
1156 2367 1309 2424 vobis
1328 2365 1559 2423 nefanda
1577 2365 1862 2430 committi,
1883 2364 1986 2420 isto

392 2468 555 2525 modo
584 2481 764 2538 posse,
796 2464 921 2536 quia
940 2479 1038 2519 vos
1077 2459 1340 2528 occiditis,
1371 2458 1596 2529 expiari.
1626 2457 1733 2515 Sed
1753 2456 1983 2513 erratis:

394 2565 496 2619 hoc
519 2560 724 2635 putavit
747 2567 801 2615 et
827 2556 1011 2614 Judas.
1038 2556 1123 2611 An
1147 2554 1252 2610 hoc
1285 2553 1447 2609 etiam
1470 2551 1630 2607 vultis
1653 2549 1851 2606 addere
1886 2548 1986 2605 do-

392 2664 735 2720 cumentum,
767 2667 876 2725 quo
922 2650 1122 2708 certius
1165 2647 1473 2705 noverimus
1519 2644 1752 2716 majores
1779 2649 1988 2700 vestros

393 2749 570 2822 potius
597 2745 760 2803 fuisse
789 2741 1110 2811 traditores,
1143 2739 1267 2812 quia
1294 2744 1528 2795 mortem
1557 2734 1841 2793 imitamini
1879 2741 1989 2790 tra-

392 2840 622 2899 ditoris?

465 2930 694 2992 CAPUT
731 2925 996 2987 XXXVII.
1030 2956 1100 2967 -—-
1129 2925 1220 2984 b7.
1261 2924 1404 2996 Ergo
1439 2921 1583 2994 quod
1611 2921 1665 2977 in
1693 2918 1991 2977 Collatione

393 3027 731 3086 contentiose
779 3036 976 3093 negare
1015 3015 1282 3084 voluistis,
1331 3017 1492 3072 etiam
1539 3014 1667 3070 hinc
1696 3027 1821 3070 vera
1870 3025 1991 3068 esse

394 3129 547 3193 gesta
572 3115 814 3172 ﬁrmatis.
858 3113 916 3169 In
941 3110 1136 3183 quibus
1179 3106 1443 3165 confessis
1489 3104 1854 3171 traditoribus,
1900 3103 1992 3174 qui

398 3224 525 3271 tunc
555 3211 738 3283 prima:
767 3206 911 3264 sedis
939 3206 1221 3276 episcopus
1259 3201 1312 3257 in
1340 3198 1588 3256 Numidia
1619 3197 1750 3266 fuit,
1783 3195 1991 3252 Secun-

397 3307 498 3363 dus
521 3301 846 3374 Tigisitanus
873 3296 1113 3370 ignovit,
1139 3302 1195 3350 et
1217 3291 1412 3365 quibus
1435 3289 1661 3346 crimina
1696 3285 1994 3344 traditionis

398 3394 678 3463 manifesta
718 3401 879 3464 atque
923 3387 1170 3445 confessa
1209 3383 1351 3455 apud
1391 3381 1592 3438 Cirtam
1642 3379 1993 3450 praesentibus

397 3485 685 3554 relaxavit,
716 3498 839 3540 cum
867 3481 951 3537 his
977 3478 1118 3551 apud
1143 3475 1519 3547 Carthaginem
1547 3481 1798 3543 tanquam
1824 3468 1993 3525 tradi-

398 3594 544 3642 tores
571 3595 678 3638 non
714 3577 990 3635 convictos
1021 3573 1374 3641 absentesque
1412 3566 1616 3640 punivit
1642 3585 1655 3620 :
1685 3581 1717 3621 a
1756 3578 1861 3635 quo
1889 3561 1996 3618 cri-

399 3677 545 3732 mine
573 3673 732 3729 etiam
757 3666 1034 3727 Secundus
1065 3665 1180 3736 ipse
1206 3660 1496 3732 objiciente
1521 3655 1785 3728 Purpurio
1812 3655 1994 3711 Lima-

401 3767 538 3825 tensi
581 3781 641 3821 se
683 3776 911 3835 purgare
956 3774 1064 3815 non
1106 3755 1297 3828 potuit,
1342 3751 1556 3826 quando
1595 3751 1644 3807 ei
1675 3750 1806 3806 dixit
1854 3748 1996 3805 idem

401 3856 714 3930 Purpurius,
745 3853 827 3908 Tu
853 3851 973 3922 quid
999 3849 1179 3922 egisti,
1207 3845 1413 3917 quando
1439 3851 1602 3898 tentus
1630 3859 1683 3898 es
1710 3859 1743 3896 a
1767 3848 1998 3896 curatore

401 3961 448 4008 et
477 3949 671 4013 ordine,
693 3955 749 4001 ut
778 3944 1070 4014 Scripturas
1099 3941 1246 3994 dares
1271 3941 1295 3991 ?
1328 3938 1594 4005 Quomodo
1616 3944 1663 3990 te
1691 3935 1915 3990 liberasti
1933 3935 1996 3990 ab

402 4042 528 4114 ipsis
549 4083 565 4110 ,
598 4039 698 4095 nisi
720 4038 838 4110 quia
867 4034 1080 4100 dedisti,
1111 4040 1200 4086 aut
1217 4029 1422 4102 jussisti
1458 4028 1572 4081 dari
1605 4026 1952 4097 quodcumque
1972 4028 1998 4081 ?

406 4135 547 4191 Nam
575 4148 677 4188 non
703 4139 750 4185 te
778 4127 1092 4184 dimittebant
1115 4123 1325 4197 passim.
1357 4122 1472 4178 Hoc
1511 4127 1690 4176 autem
1723 4117 1998 4175 Secundus

403 4227 563 4285 etiam
585 4225 638 4280 in
661 4222 851 4280 litteris
871 4219 981 4278 suis
1000 4219 1068 4275 ad
1089 4215 1414 4274 Mensurium
1441 4213 1601 4282 datis,
1625 4226 1757 4285 quas
1781 4226 1877 4268 vos
1897 4212 1998 4283 ipsi

403 4317 699 4394 protulistis
721 4324 882 4387 atque
903 4311 1189 4378 recitastis,
1213 4309 1330 4365 sine
1349 4307 1698 4379 ambiguitate
1723 4305 1998 4363 confessus

404 4421 489 4470 est
506 4453 522 4480 ,
553 4409 695 4482 quod
720 4422 826 4464 non
853 4402 1167 4472 tradiderit,
1195 4401 1290 4458 sed
1317 4399 1460 4472 quod
1493 4399 1562 4455 ad
1589 4414 1709 4456 eum
1737 4413 1998 4470 pervene-

405 4505 516 4563 rint
542 4518 573 4558 a
598 4508 845 4558 curatore
872 4505 927 4555 et
953 4495 1143 4553 ordine
1167 4492 1317 4550 missi
1345 4499 1721 4563 persecutores
1740 4531 1755 4557 ,
1787 4504 1920 4561 quos
1947 4489 1998 4547 ei

408 4594 699 4669 Purpurius
727 4589 1044 4648 Limatcnsis
1072 4586 1288 4658 objecit,
1310 4595 1371 4641 ut
1393 4583 1695 4655 Scripturas
1723 4582 1994 4639 traderet:

406 4705 540 4764 quas
581 4701 703 4745 cum
746 4685 814 4741 ab
863 4683 958 4740 illo
999 4688 1277 4754 peterent,
1323 4693 1384 4735 se
1429 4676 1804 4748 respondisse,
1846 4675 1998 4731 Chri.

404 4783 600 4838 stianus
640 4793 754 4834 sum
781 4783 829 4831 et
870 4774 1167 4846 episcopus,
1213 4786 1316 4826 non
1359 4768 1592 4837 traditor,
1612 4767 1767 4840 eique
1807 4768 1824 4799 ¹
1865 4767 1998 4823 nihil

407 4873 626 4932 omnino
651 4868 860 4927 tradere
885 4867 1137 4923 voluisse.
1165 4861 1318 4932 Quod
1343 4861 1393 4916 ei
1427 4861 1586 4916 vultis
1611 4868 1670 4916 ut
1691 4857 1995 4928 credamus,

407 4981 530 5023 cum
555 4973 606 5021 et
629 4978 727 5021 vos
752 4961 851 5034 ipsi
875 4974 1032 5032 quam
1058 4959 1128 5013 sit
1152 4953 1465 5012 incredibile
1484 4953 1728 5019 videatis,
1757 4952 1999 5010 fervente

407 5059 494 5118 illa
515 5055 887 5129 persecutione
907 5051 1183 5108 detentum
1207 5047 1517 5119 episcopum
1544 5046 1657 5102 sive
1677 5052 1997 5101 conventum

407 5163 468 5209 ut
486 5151 788 5220 Scripturas
812 5144 1106 5202 dominicas
1127 5141 1382 5208 traderet,
1412 5138 1572 5195 nullis
1601 5137 1805 5194 traditis
1831 5136 1997 5196 fuisse

408 5243 710 5302 dimissum.
739 5237 943 5310 Nempe
969 5231 1372 5292 contendebatis
1397 5245 1504 5286 non
1530 5229 1765 5300 potuisse
1789 5229 1998 5300 episco-

404 5351 502 5409 pos
522 5333 589 5391 ad
610 5329 962 5389 ordinandum
985 5326 1296 5399 episcopum
1317 5321 1384 5378 ad
1408 5321 1676 5376 civitatem
1697 5319 1995 5377 Cirtensem

406 5425 793 5504 persecutionis
814 5432 1059 5492 tempore
1085 5417 1391 5476 convenire.
1422 5413 1702 5484 Quomodo
1726 5428 1855 5485 ergo
1874 5429 1996 5486 per-

404 5521 607 5581 secutio
633 5519 721 5575 illa
747 5515 1002 5579 fervebat,
1029 5511 1074 5568 si
1099 5511 1270 5583 potuit
1294 5509 1578 5580 episcopus
1607 5514 1825 5579 propter
1850 5506 1998 5564 Scri-

407 5625 589 5686 pturas
638 5609 922 5667 tradendas
968 5604 1174 5670 teneri,
1221 5602 1486 5674 nullisque
1529 5601 1736 5658 traditis
1779 5601 1996 5673 impune

405 5705 640 5762 dimitti?
672 5703 739 5759 Et
763 5709 939 5756 tamen
967 5695 1298 5764 clamabatis,
1333 5695 1716 5752 immanitatem
1745 5708 1996 5768 persecu-

472 5818 487 5850 ι
523 5821 681 5880 Forte,
706 5812 880 5879 eisque.

2083 1539 2243 1596 etiam
2272 1555 2432 1611 quam
2463 1542 2677 1614 triginta
2721 1546 3008 1602 convenire
3032 1548 3278 1618 potuistis
3300 1591 3317 1616 ,
3347 1550 3448 1606 ubi
3481 1560 3552 1607 et
3578 1551 3720 1610 Peti-

2084 1628 2259 1688 lianus
2282 1631 2416 1700 fuit,
2447 1635 2538 1704 qui
2574 1637 2963 1705 persecutionis
2989 1645 3231 1711 tempore
3273 1656 3378 1699 nec
3403 1641 3722 1701 duodecim

2085 1723 2372 1780 convenire
2396 1727 2637 1797 potuisse
2663 1727 2948 1784 clamabat.

2156 1816 2247 1874 48.
2288 1817 2458 1874 Porro
2491 1818 2546 1874 in
2579 1819 2697 1892 ipso
2732 1821 2960 1877 concilio
2997 1822 3292 1891 statuistis,
3325 1833 3387 1882 ut
3426 1828 3534 1898 qui
3575 1829 3723 1883 nobis

2086 1909 2227 1965 inuiti
2241 1911 2752 1981 communicaverunt,
2771 1913 3142 1985 episcOporum,
3159 1917 3238 1972 vel
3255 1919 3720 1990 presbyterorum,

2089 2010 2283 2057 tantum
2306 2004 2350 2058 si
2376 2004 2685 2072 sacriﬁcium
2714 2022 2816 2060 non
2845 2007 3136 2076 obtulerint,
3163 2019 3256 2064 aut
3283 2012 3339 2066 in
3366 2014 3590 2084 papula
3619 2031 3721 2068 non

2089 2096 2432 2161 tractaverint,
2460 2095 2530 2149 ad
2556 2097 2754 2152 veniam
2780 2098 3100 2166 pertineant,
3130 2108 3178 2155 et
3200 2101 3258 2155 in
3281 2103 3388 2156 suis
3415 2104 3722 2158 honoribus

2089 2188 2398 2259 recipiantur
2418 2203 2438 2242 :
2464 2201 2528 2243 ac
2547 2187 2593 2243 si
2623 2196 2761 2244 totas
2784 2189 3179 2246 calumniarum
3198 2201 3516 2250 vestrarum
3545 2195 3715 2264 vires,

2091 2279 2252 2334 etiam
2276 2279 2376 2350 ipsi
2406 2278 2512 2336 hoc
2529 2279 2747 2337 decreto
2770 2289 2952 2338 vestro
2973 2283 3187 2352 penitus
3215 2287 3581 2357 amputastis.
3615 2287 3720 2344 Ubi

2090 2379 2172 2428 est
2202 2371 2345 2428 enim
2374 2373 2516 2444 quod
2556 2381 2736 2430 vestro
2773 2375 3080 2447 vaniloquio
3125 2378 3288 2434 ctiam
3328 2395 3425 2436 eos
3470 2381 3576 2453 qui
3608 2397 3714 2437 non

2090 2463 2323 2531 fuerunt,
2351 2465 2526 2521 dicitis
2549 2481 2646 2537 per
2668 2468 3100 2524 communionem
3124 2477 3365 2526 nostram
3390 2470 3518 2527 ﬁeri
3549 2471 3716 2527 tradi-

2092 2563 2254 2624 tores,
2285 2556 2406 2627 quia
2431 2557 2636 2614 scilicet
2659 2559 2799 2614 sicut
2821 2559 3220 2616 calumniamini
3239 2603 3255 2628 ,
3285 2561 3364 2618 illi
3389 2577 3496 2618 nos
3523 2563 3709 2634 inqui-

2091 2659 2382 2720 naverunt,
2409 2653 2502 2724 qui
2546 2653 2857 2724 urgentibus
2888 2655 2906 2684 ί
2945 2661 3070 2709 tunc
3116 2654 3296 2725 impiis
3340 2657 3713 2727 potestatibus

2092 2745 2260 2802 libros
2304 2744 2696 2802 ecclesiasticos
2736 2743 3107 2801 tradiderunt?
3144 2744 3255 2801 Cur
3299 2762 3429 2819 ergo
3480 2763 3636 2804 nunc
3677 2764 3706 2803 a

2093 2838 2318 2895 crimine
2343 2837 2620 2895 absolvitis
2637 2880 2652 2906 ,
2685 2852 2820 2910 quos
2849 2838 3002 2895 nobis
3026 2839 3462 2899 communicasse
3491 2856 3706 2914 cogno-

2093 2929 2278 2986 veritis
2309 2929 2508 2986 invitos
2529 2971 2544 2997 ,
2574 2928 2621 2985 si
2664 2929 2985 2986 sacrificium
3028 2945 3135 2986 non
3169 2930 3499 2999 obtulerint,
3531 2949 3704 3004 neque

2095 3035 2399 3077 sermonem
2439 3021 2494 3076 in
2538 3021 2735 3092 populo
2760 3021 3016 3088 fecerint;
3044 3021 3198 3093 quasi
3234 3022 3311 3078 illi
3360 3033 3490 3081 tunc
3543 3026 3704 3096 primi

2097 3112 2381 3168 traditores
2408 3112 2510 3168 sub
2553 3121 2758 3169 terrore
2802 3120 2858 3168 et
2883 3113 3110 3170 horrore
3139 3115 3451 3171 immanium
3492 3117 3700 3188 suppli-

2097 3203 2333 3271 ciorum,
2363 3203 2538 3275 qualia
2565 3203 2725 3259 modo
2767 3203 2920 3260 vobis
2949 3204 3168 3260 omnino
3207 3205 3392 3262 nullus
3435 3207 3700 3278 ingessit,

2097 3295 2310 3352 codices
2335 3303 2550 3351 sanctos
2575 3310 2681 3351 non
2710 3295 2860 3351 inviti
2887 3295 3222 3364 tradiderint,
3251 3306 3345 3353 aut
3373 3299 3696 3355 sacrificium

2100 3388 2209 3444 illic
2250 3386 2560 3456 obtulerint,
2603 3394 2695 3442 aut
2730 3386 2785 3442 in
2830 3388 3028 3458 populo
3073 3403 3383 3445 sermonem
3427 3388 3696 3447 fecerint?

2101 3480 2306 3536 Videtis
2332 3495 2458 3552 ergo
2485 3479 2627 3551 quod
2656 3479 2793 3535 sicut
2821 3493 2916 3535 vos
2943 3480 3078 3546 istis,
3108 3496 3242 3552 quos
3271 3482 3568 3539 vanissime
3591 3482 3696 3538 cri-

2099 3571 2376 3627 minamini
2401 3571 2777 3628 communione
2804 3581 2984 3628 nostra
3011 3573 3126 3629 fieri
3156 3574 3471 3640 traditores,
3494 3575 3545 3631 si
3573 3572 3693 3646 quid

2099 3661 2250 3718 inviti
2275 3661 2500 3718 fecerint
2517 3703 2533 3730 ,
2560 3661 2807 3733 potuistis
2835 3664 3151 3735 ignoscere;
3178 3665 3249 3720 ita
3276 3665 3440 3721 etiam
3460 3665 3693 3736 majores

2100 3755 2265 3813 vestri
2292 3755 2346 3811 in
2376 3755 2693 3812 necessitate
2713 3757 2880 3812 multo
2907 3759 3137 3814 arctiore
3168 3759 3497 3816 tradentibus
3527 3758 3691 3816 tradi-

2105 3849 2306 3905 toribus
2334 3849 2473 3905 veris
2500 3850 2520 3880 ²
2541 3891 2556 3918 ,
2585 3848 2638 3904 in
2665 3849 2850 3905 eadem
2875 3850 3054 3922 regula
3082 3850 3364 3922 ignoscere
3386 3857 3688 3924 potuerunt.

2101 3939 2205 3997 Sed
2224 3947 2282 3996 ut
2297 3939 2612 3997 damnarent
2637 3939 2771 3995 alios
2791 3940 3039 3997 absentes
3059 3948 3117 3997 et
3141 3941 3431 4010 inauditos,
3453 3942 3686 4000 inimico-

2103 4050 2221 4090 rum
2249 4033 2517 4090 Cteciliani
2544 4033 2774 4090 factione
2799 4035 3058 4107 compulsi
3088 4043 3232 4102 sunt,
3266 4035 3524 4094 facientes
3553 4035 3687 4109 quod

2102 4129 2171 4185 de
2199 4128 2394 4184 talibus
2420 4128 2708 4200 Apostolus
2734 4127 2882 4196 dicit,
2911 4127 2980 4183 In
3000 4146 3100 4200 quo
3125 4131 3258 4185 enim
3286 4131 3446 4186 alium
3467 4133 3684 4204 judicat,

2105 4232 2153 4277 te
2197 4224 2365 4294 ipsum
2404 4223 2749 4288 condemnas;
2794 4222 2969 4276 eadem
3007 4221 3141 4277 enim
3185 4223 3298 4295 agis
3340 4240 3456 4295 qua:
3487 4224 3689 4296 judice:

2105 4315 2285 4389 (Rom.
2307 4333 2375 4384 ιι,
2411 4316 2486 4386 ι).

2175 4407 2265 4463 49.
2319 4407 2682 4478 Quapropter,
2738 4404 2989 4477 quoniam
3032 4405 3324 4462 Donatista:
3379 4406 3685 4477 semetipsos

2104 4499 2350 4556 occidere
2369 4514 2581 4570 semper
2599 4506 2930 4566 amaverunt,
2955 4507 3008 4556 et
3033 4498 3133 4570 ipsi
3151 4499 3220 4556 ab
3239 4498 3390 4555 initio
3413 4500 3683 4556 traditores

2105 4592 2351 4659 fuerunt;
2396 4590 2524 4663 quid
2561 4591 2755 4647 mirum
2792 4591 2838 4647 si
2887 4591 3157 4648 traditoris
3201 4600 3431 4647 mortem
3479 4591 3682 4663 (Matth.

2105 4700 2249 4741 xxvu
2267 4724 2282 4751 ,
2312 4684 2368 4756 5)
2393 4684 2554 4740 etiam
2584 4698 2711 4740 suos
2737 4693 2980 4754 posteros
3004 4698 3186 4740 amare
3211 4683 3562 4740 docuerunt?
3588 4681 3683 4740 Sed

2104 4775 2335 4834 vitandae
2363 4775 2521 4847 hujus
2544 4775 2910 4832 similitudinis
2933 4789 3116 4842 causa,
3145 4775 3232 4831 vel
3261 4791 3537 4846 nunquam
3559 4817 3575 4843 ,
3609 4771 3683 4829 vel

2103 4869 2414 4926 difﬁcillime
2458 4885 2519 4926 se
2553 4869 2744 4941 laqueo
2790 4877 3135 4926 necaverunt.
3181 4869 3404 4925 Frustra
3443 4868 3677 4931 omnino;

2103 4980 2227 5022 nam
2257 4965 2348 5020 ille
2369 4963 2561 5020 ludam
2587 4963 2902 5020 traditorem
2941 4963 2995 5019 id
3019 4962 3194 5019 facere
3221 4962 3501 5033 compulit,
3530 4963 3614 5034 qui
3637 4968 3684 5016 et

2104 5059 2250 5115 illum
2280 5072 2504 5129 puerum
2527 5099 2544 5124 ,
2575 5072 2734 5128 quem
2765 5055 2975 5112 sanavit
3008 5055 3293 5122 Dominus,
3325 5054 3381 5112 in
3413 5071 3600 5128 aquam
3637 5061 3683 5109 et

2104 5151 2279 5224 ignem
2309 5165 2452 5222 saepe
2483 5149 2677 5221 dejecit
2698 5149 2810 5222 (Id.
2839 5164 2947 5204 xvn
2966 5191 2981 5216 ,
3023 5149 3136 5219 M),
3168 5155 3224 5204 et
3257 5162 3476 5220 gregem
3506 5159 3680 5218 porco-

2103 5260 2221 5299 rum
2251 5243 2302 5298 in
2338 5257 2488 5298 mare
2523 5241 2875 5312 praecipitavit
2898 5239 3008 5310 (Id.
3036 5255 3162 5307 vin,
3197 5237 3289 5310 3%)
3317 5280 3332 5307 ,
3379 5247 3436 5295 et
3465 5239 3565 5309 ipsi
3590 5238 3677 5293 Do-

2103 5336 2250 5393 mino
2288 5334 2640 5407 praecipitium
2679 5333 2748 5390 de
2777 5333 2938 5404 pinna
2979 5332 3164 5404 templi
3207 5329 3394 5386 audaci
3440 5342 3678 5400 presum-

2103 5427 2284 5499 ptione
2327 5425 2591 5499 suggessit
2645 5424 2773 5497 (Id.
2823 5440 2912 5493 iV,
2957 5424 3030 5492 5,
3079 5423 3173 5493 6).
3225 5421 3481 5492 Quamvis
3519 5422 3676 5491 itaque

2102 5523 2328 5581 diversis
2353 5521 2525 5578 modis
2553 5518 2904 5576 voluntariam
2947 5533 3046 5574 vos
3080 5516 3423 5590 praecipitetis
3463 5517 3517 5573 in
3546 5527 3670 5571 mor-

2168 5683 2181 5714 ¹
2221 5689 2321 5731 Am.
2348 5687 2401 5731 et
2421 5685 2515 5739 Ern,
2537 5678 2815 5732 orientibus.

2167 5747 2187 5775 '
2221 5751 2293 5793 διο
2317 5734 2575 5810 emendari
2583 5743 2830 5810 jusserant
2845 5741 3182 5810 lovanienses,
3210 5738 3326 5790 licet
3348 5740 3564 5802 ipsorum
3583 5734 3668 5794 edi-

2107 5817 2166 5864 n:
2192 5818 2304 5861 imm
2324 5803 2673 5873 antiquioribus
2696 5803 2836 5871 ferat,
2861 5803 3126 5860 traditoriis
3149 5815 3288 5860 veris.
