3816 6156
66 248 248 312 737

66 371 294 438 tem,
339 372 516 423 tamen
548 363 791 438 ejusdem
831 359 1029 422 diaboli
1065 363 1317 421 instinctu
1340 376 1439 421 vos
1475 363 1622 434 ipsos
1659 377 1756 420 ne-

71 458 334 516 cando
361 457 639 514 imitamini
674 457 1004 514 traditorem.
1033 456 1186 527 Quod
1212 457 1314 514 etsi
1339 471 1435 512 vos
1464 472 1573 512 non
1603 456 1752 521 estis,

71 563 347 607 eorum
395 561 570 607 tamen
617 551 708 622 qui
754 549 986 616 fuerunt,
1029 558 1084 605 et
1126 549 1356 604 schisma
1402 548 1660 614 fecerunt,
1702 547 1755 602 in

74 656 251 712 quo
304 641 535 698 libenter
577 641 742 708 estis,
771 642 932 698 etiam
958 641 1060 697 hoc
1101 641 1155 696 in
1190 641 1342 697 vobis
1370 639 1565 708 facere,
1615 638 1756 710 quod

76 734 166 790 in
239 751 318 792 se
371 734 592 790 traditor
628 733 788 803 fecit,
840 733 1069 790 nefando
1115 733 1422 806 magisterio
1469 731 1752 788 didicistis.

81 824 300 881 Ecce
328 839 453 881 cum
478 841 579 896 qua
604 825 810 896 justitia
839 826 1044 882 stabitis
1073 827 1328 882 adversus
1356 839 1452 882 eos
1474 866 1489 893 ,
1523 824 1612 897 qui
1661 839 1756 881 vos

79 918 628 988 angustiaverunt:
678 928 736 974 ut
772 918 818 974 si
843 928 1035 974 vestrae
1060 926 1260 974 mortes
1301 917 1710 974 vindicabuntur
1737 958 1752 983 ,

86 1011 374 1066 nonnisi
395 1011 449 1066 in
472 1011 623 1066 vobis
647 1010 776 1082 ipsis
795 1009 1091 1081 justissime
1115 1009 1470 1066 vindicentur.

197 1102 321 1158 50.
372 1101 472 1170 Qui
516 1111 640 1157 sunt
681 1110 858 1157 autem
885 1103 1098 1157 labores
1143 1101 1328 1166 vestri,
1370 1115 1505 1172 quos
1546 1115 1578 1155 a
1607 1099 1757 1157 vobis

89 1194 372 1265 iactatis
403 1193 631 1250 auferri?
669 1193 820 1249 Anne
849 1193 1103 1264 injustum
1134 1203 1250 1262 est,
1281 1203 1337 1250 ut
1372 1195 1612 1252 ecclesia:
1635 1209 1757 1266 quze

91 1286 380 1343 fuerunt
412 1294 619 1354 vestrm,
651 1301 773 1342 cum
811 1286 865 1342 in
895 1301 1080 1358 pacem
1111 1287 1428 1344 catholicam
1457 1296 1754 1356 transeunt,

99 1392 279 1434 cum
323 1380 436 1434 suis
483 1378 644 1435 rebus
691 1378 1009 1434 transeant?
1036 1377 1148 1434 Illis
1188 1378 1331 1434 enim
1360 1379 1426 1435 ad
1468 1394 1568 1435 nos
1588 1388 1759 1434 trans-

102 1472 412 1529 euntibus
435 1512 452 1539 ,
481 1471 531 1528 si
581 1486 669 1528 res
693 1486 877 1528 carum
906 1471 1070 1527 vultis
1093 1478 1295 1539 tenere,
1319 1486 1416 1526 vos
1445 1471 1629 1543 procul
1655 1470 1757 1528 du-

103 1563 232 1619 bio
265 1578 363 1619 res
391 1562 591 1618 alienas
620 1563 780 1618 vultis
803 1562 1035 1619 auferre.
1067 1563 1235 1620 Mater
1265 1571 1444 1619 autem
1483 1562 1758 1619 Catholica

104 1655 309 1712 vobis
339 1655 490 1725 dicit,
521 1655 662 1726 quod
688 1654 1007 1726 quibusdam
1030 1653 1220 1711 beatus
1245 1654 1534 1726 Apostolus
1559 1697 1574 1720 ,
1602 1654 1756 1721 dixit,

112 1746 283 1804 Non
309 1749 448 1803 enim
486 1764 656 1820 quivre
684 1763 798 1819 quae
821 1756 988 1803 vestra
1011 1756 1128 1804 sunt
1150 1790 1166 1818 ,
1192 1747 1281 1802 sed
1306 1763 1391 1802 vos
1415 1746 1482 1820 (ll
1506 1747 1623 1804 Cor.
1647 1764 1757 1816 x11,

114 1842 272 1912 14).
308 1841 694 1899 Verumtamen
727 1841 997 1912 quomodo
1025 1841 1179 1896 vobis
1204 1856 1310 1897 non
1341 1840 1470 1897 estis
1496 1841 1597 1912 ipsi
1625 1856 1757 1898 con-

113 1932 342 1999 trarii,
375 1931 588 2004 quando
624 1940 912 2003 utrumque
937 1931 1094 1988 nobis
1122 1930 1386 2002 objicitis,
1420 1940 1476 1988 et
1501 1931 1644 2003 quod
1672 1946 1760 1989 res

117 2032 373 2081 vestras
414 2023 691 2095 possidere
732 2023 1032 2094 cupiamus,
1078 2031 1132 2079 et
1172 2021 1315 2093 quod
1358 2023 1624 2079 violenter
1664 2038 1760 2080 vos

119 2119 445 2175 nobiscum
471 2132 592 2174 esse
617 2117 916 2189 cogamus?
937 2116 1062 2172 Haec
1089 2115 1197 2172 duo
1225 2131 1384 2188 quam
1405 2116 1514 2173 sint
1540 2117 1680 2173 inter
1701 2131 1760 2173 se

124 2209 453 2278 contraria,
483 2225 590 2266 non
616 2208 826 2264 videtis.
855 2207 911 2264 Si
940 2207 1084 2264 enim
1108 2207 1178 2263 ad
1206 2207 1636 2264 communionem
1665 2222 1762 2264 no-

125 2311 331 2359 stram
355 2315 452 2356 vos
476 2300 670 2356 invitos
692 2299 980 2371 quaerimus
999 2307 1054 2354 et
1080 2307 1353 2365 tenemus,
1381 2298 1650 2370 quomodo
1675 2312 1763 2355 res

129 2402 373 2450 vestras
397 2391 784 2458 desideramus,
813 2406 945 2464 quas
972 2391 1154 2464 utique
1180 2391 1334 2448 vobis
1359 2392 1761 2448 communican-

132 2485 307 2542 tibus
347 2483 546 2541 habere
571 2499 677 2540 non
719 2497 1024 2554 possumus.
1066 2482 1122 2540 Si
1161 2491 1338 2539 autem
1374 2483 1490 2539 illas
1519 2484 1763 2554 cupimus

135 2577 437 2644 obtinere,
469 2574 736 2647 quomodo
763 2590 860 2631 vos
887 2575 1197 2646 quzerimus,
1230 2585 1288 2629 ut
1316 2589 1408 2630 eas
1433 2575 1587 2631 vobis
1615 2590 1762 2631 como

136 2665 564 2724 municantibus
583 2665 928 2721 amittamus?
953 2664 1060 2720 Sed
1080 2663 1399 2720 conﬁtemur
1424 2665 1592 2732 vobis,
1617 2665 1764 2736 cupi-

139 2763 304 2818 ditas
349 2771 533 2818 nostra
579 2760 813 2816 charitas
855 2768 1111 2816 vocatur:
1164 2757 1281 2814 haec
1330 2774 1426 2817 vos
1469 2758 1660 2831 quaerit
1709 2759 1763 2814 in

141 2853 356 2920 nobis;
386 2852 503 2908 haec
527 2867 623 2909 vos
643 2853 904 2920 invenire,
928 2852 1216 2923 corrigere,
1248 2860 1407 2922 atque
1432 2849 1485 2906 in
1507 2849 1762 2906 unitatem

141 2946 364 3003 Christi
394 2945 598 3002 sociare
623 2944 912 3011 desiderat,
942 2959 1011 3000 ne
1043 2945 1059 2976 ¹
1086 2945 1276 3001 vestris
1305 2943 1528 3000 caminis
1555 2958 1652 2999 vos
1673 2959 1763 2999 ar-

144 3038 294 3096 dere
316 3037 621 3094 timeamus.
653 3037 822 3107 Hujus
849 3036 970 3107 igne
997 3036 1284 3104 fervemus,
1314 3034 1429 3092 haec
1452 3050 1551 3092 nos
1576 3049 1764 3092 accen-

146 3130 260 3200 dit,
285 3139 350 3186 ut
374 3145 481 3186 non
508 3130 679 3186 solum
702 3143 811 3184 non
832 3127 1270 3199 concupiscamus
1301 3142 1390 3184 res
1415 3136 1642 3196 vestras,
1669 3127 1764 3184 sed

149 3221 452 3278 nobiscum
476 3230 721 3293 optemus
746 3219 1064 3292 possideatis
1093 3228 1148 3275 et
1173 3229 1407 3275 nostras.
1439 3219 1725 3290 Agnoscite
1745 3260 1762 3288 ,

153 3322 214 3370 et
245 3313 465 3379 venite,
495 3320 552 3368 et
593 3313 769 3383 perire
797 3311 994 3379 nolite;
1039 3319 1132 3367 aut
1157 3311 1203 3368 si
1243 3310 1383 3366 ultro
1424 3311 1607 3366 venire
1644 3325 1765 3367 eru-

153 3405 425 3472 bescitis,
457 3405 717 3461 servimus
742 3405 1072 3473 inﬁrmitati,
1118 3419 1187 3460 ne
1223 3404 1345 3476 quid
1375 3414 1558 3474 pereat
1587 3403 1764 3460 chari-

153 3498 284 3554 tati.
318 3498 461 3554 Ecce
489 3497 734 3552 volumus
757 3510 854 3552 vos
881 3505 1084 3564 tenere,
1112 3495 1239 3567 quid
1261 3493 1523 3551 festinatis
1542 3495 1767 3551 ardere?

155 3589 249 3646 Ad
278 3589 444 3645 vitam
471 3598 714 3645 tenemus
733 3631 748 3657 ,
775 3589 840 3644 ad
880 3588 1104 3645 salutem
1133 3596 1380 3645 tenemus
1402 3629 1418 3657 ,
1459 3587 1526 3644 ad
1569 3588 1768 3645 Christi

156 3683 474 3747 unitatem,
518 3681 832 3745 veritatem,
888 3679 1201 3736 suavitatem
1256 3688 1542 3736 tenemus:
1600 3687 1655 3734 ct
1699 3677 1765 3733 ad

159 3789 385 3831 ccenam
413 3773 548 3828 tanti
577 3771 992 3843 patrisfamilias,
1022 3771 1067 3826 si
1094 3778 1285 3840 sponte
1313 3785 1420 3826 non
1452 3769 1607 3826 vultis
1631 3812 1646 3841 ,
1679 3770 1763 3826 in-

158 3874 314 3923 trare
345 3864 736 3935 compellimus.

239 3953 473 4012 CAPUT
525 3953 672 4009 XXX
686 3951 887 4008 \‘lll.—
910 3953 999 4009 5|.
1026 3951 1102 4008 De
1127 3951 1334 4022 justitia
1363 3959 1636 4008 certamen
1662 3959 1764 4019 est,

161 4063 280 4106 non
306 4046 376 4103 de
403 4047 646 4118 pecunia.
691 4044 889 4101 Cavete
916 4057 1044 4114 ergo
1074 4059 1142 4099 ne
1163 4043 1297 4098 forte
1317 4043 1444 4098 dum
1484 4045 1677 4114 putatis
1701 4043 1768 4098 ad

165 4155 269 4200 vos
296 4140 573 4212 pertinere
617 4138 759 4210 quod
788 4139 1046 4210 scriptum
1074 4147 1188 4204 est,
1242 4137 1382 4192 Tunc
1411 4137 1613 4192 stabunt
1635 4138 1768 4208 justi

155 4234 220 4288 in
250 4249 442 4305 magna
461 4231 743 4287 constantia
768 4230 1007 4285 adversus
1035 4246 1119 4284 eos
1148 4229 1234 4299 qui
1259 4246 1311 4283 se
1334 4229 1763 4300 augustinverunt,

166 4333 218 4379 et
246 4324 568 4380 abstulerunt
597 4323 794 4378 labores
819 4338 1029 4388 eorum;
1065 4335 1171 4378 non
1193 4319 1296 4376 hoc
1318 4319 1469 4375 vobis
1496 4320 1769 4392 contingat

167 4417 240 4474 de
269 4417 549 4476 laboribus
569 4416 782 4483 vestris,
813 4416 911 4472 sed
933 4415 1108 4486 potius
1135 4414 1263 4470 illud
1293 4413 1434 4486 quod
1460 4413 1588 4469 alibi
1630 4413 1764 4470 scri-

168 4519 326 4582 ptum
351 4518 457 4580 est,
502 4508 724 4564 Labores
747 4509 1019 4580 impiorum
1041 4507 1170 4578 justi
1199 4506 1347 4561 edent
1373 4504 1529 4578 (Sap.
1563 4521 1617 4574 Χ,
1648 4505 1762 4578 19).

168 4601 362 4675 Neque
391 4602 536 4659 enim
565 4601 779 4657 stabunt
823 4610 1006 4656 contra
1031 4614 1130 4655 vos
1171 4598 1600 4668 Maximianistze,
1632 4614 1766 4670 quo-

169 4711 292 4751 rum
323 4693 540 4766 quando
566 4693 834 4764 potuistis,
887 4692 1138 4748 basilicas
1180 4691 1473 4748 abstulistis
1508 4701 1768 4748 :autsta-

171 4788 307 4846 bunt
331 4796 518 4844 contra
539 4803 642 4843 vos
672 4787 867 4858 Pagani
893 4800 1122 4858 quorum
1167 4794 1314 4842 certe
1354 4785 1441 4842 ubi
1470 4786 1717 4857 potuistis
1747 4828 1762 4855 ,

174 4880 374 4951 templa
402 4878 671 4935 cvertistis
697 4887 752 4934 et
787 4876 1035 4933 basilicas
1063 4876 1438 4932 construxistis
1459 4878 1516 4945 ²;
1546 4879 1685 4948 quod
1713 4887 1765 4934 et

171 4985 274 5028 nos
306 4971 534 5027 fecimus
560 4988 572 5024 :
600 4979 692 5025 aut
719 4969 936 5025 stabunt
985 4967 1241 5024 adversus
1269 4981 1366 5023 vos
1394 4968 1764 5039 symphoniaci

172 5062 590 5130 daemoniorum,
637 5076 866 5133 quorum
917 5060 1075 5116 tibias
1115 5068 1170 5116 et
1210 5060 1441 5116 scabella
1487 5061 1760 5134 fregistis;

174 5155 318 5224 quod
372 5161 429 5210 et
463 5168 562 5210 nos
604 5154 847 5212 fecimus.
879 5151 970 5210 Sic
999 5167 1100 5208 nec
1139 5167 1236 5207 vos
1265 5151 1476 5208 stabitis
1505 5152 1764 5209 adversus

176 5262 295 5302 nos.
339 5246 399 5303 lu
452 5248 647 5304 talibus
687 5249 884 5321 quippe
933 5248 1180 5304 omnibus
1215 5246 1388 5314 factis,
1443 5263 1549 5302 non
1579 5248 1762 5318 rapina

177 5339 612 5411 concupiscitur,
654 5339 750 5396 sed
795 5355 947 5397 error
973 5340 1248 5396 evertitur.
1307 5337 1456 5394 Sicut
1502 5353 1628 5409 ergo
1657 5354 1764 5394 non

181 5432 398 5488 stabunt
424 5430 709 5487 Chananaei
738 5431 992 5488 adversus
1014 5431 1299 5498 lsraelitas,
1323 5429 1563 5500 quamvis
1594 5429 1765 5484 lsrae-

186 5523 294 5584 litze
339 5524 677 5584 abstulerunt
715 5524 925 5580 labores
956 5539 1175 5593 eorum;
1228 5522 1322 5582 sed
1349 5521 1506 5580 stabit
1555 5520 1762 5580 Nabotb

240 5682 260 5723 ι
292 5688 397 5731 Am.
425 5684 478 5732 et
497 5679 747 5731 Parcensis
767 5685 870 5738 Ms.,
896 5686 965 5729 ut.

237 5745 266 5788 ³
293 5745 544 5806 mensis
566 5751 672 5809 iis.
693 5739 1020 5802 «Μαρτίαις.

1541 239 1748 307 LIBER
1785 243 2054 306 PRIMUS.

3330 258 3439 321 758

1861 361 2118 420 adversus
2136 361 2353 434 Achab,
2382 361 2508 437 quia
2535 363 2790 424 delictum
2811 365 3010 426 factum
3030 375 3133 438 est,
3165 384 3272 428 non
3303 385 3448 444 pra:-

1861 464 2076 526 ceptum
2101 498 2116 524 ,
2170 465 2229 513 ut
2255 456 2468 515 labores
2500 458 2630 531 justi
2659 461 2898 517 auferret
2922 462 3153 532 injustus
3179 464 3282 536 (lll
3312 465 3444 539 Reg.

1861 549 2010 621 xxi):
2042 550 2124 607 sic
2166 549 2405 608 haeretici
2433 567 2540 609 non
2575 553 2791 610 stabunt
2818 553 3078 612 adversus
3102 557 3404 615 Catholicos
3429 602 3447 629 ,

1862 656 1984 698 cum
2013 643 2069 698 in
2118 643 2278 700 rebus
2323 643 2703 703 haereticorum
2728 647 3009 704 christiani
3039 649 3255 721 imperii
3293 652 3450 722 iussa

1863 736 2235 806 complentur;
2269 751 2368 794 nec
2395 752 2486 794 res
2506 754 2692 796 eorum
2723 755 2753 794 a
2780 739 3068 797 Catholicis
3091 744 3406 799 auferuntur
3431 785 3450 812 ,

1861 824 1959 880 sed
1986 826 2165 897 potius
2205 827 2567 899 inquiruntur,
2604 830 2787 902 eisque
2835 831 3002 888 multa
3032 842 3290 904 quantum
3340 834 3453 890 ﬁeri

1861 927 2060 987 potest,
2100 920 2358 976 correctis
2389 921 2662 978 reddenda
2719 933 3049 980 servantur:
3082 927 3178 982 sed
3235 928 3456 984 stabunt

1862 1005 2143 1075 CatholiCi,
2193 1026 2297 1066 non
2343 1012 2516 1067 solum
2558 1013 2815 1071 adversus
2871 1014 3143 1084 Gentiles,
3193 1033 3223 1072 a
3259 1018 3454 1089 quibus

1862 1110 2130 1174 martyres
2156 1103 2270 1157 veri
2294 1104 2574 1174 exSpoliati
2604 1117 2762 1172 sunt;
2789 1123 2977 1163 verum
3004 1109 3163 1164 etiam
3195 1109 3453 1166 adversus

1864 1189 2342 1248 Circumcelliones
2373 1193 2792 1264 Donatistarum,
2828 1199 2953 1268 quia
2998 1208 3053 1254 et
3081 1198 3184 1270 ipsi
3214 1200 3450 1257 abstule-

1862 1291 1990 1338 runt
2018 1283 2231 1340 labores
2255 1300 2462 1340 eorum.
2501 1285 2698 1342 Verum
2726 1287 2795 1344 de
2825 1287 2911 1343 his
2948 1291 3271 1359 pecuniariis
3299 1291 3450 1347 labo-

1863 1375 2012 1432 ribus
2033 1375 2240 1434 facilior
2267 1393 2426 1434 causa
2453 1388 2556 1435 est.
2585 1380 2725 1437 Ecce
2749 1380 3012 1453 quotidie,
3046 1383 3091 1437 si
3117 1383 3237 1454 quis
3259 1384 3325 1439 ad
3351 1401 3449 1442 nos

1866 1470 2156 1525 transitum
2208 1469 2333 1526 facit
2363 1470 2520 1544 (cum
2549 1473 2712 1528 etiam
2762 1473 2840 1529 illi
2869 1490 3097 1545 quorum
3151 1487 3339 1546 erant,
3382 1477 3450 1536 ad

1866 1575 2051 1630 pacem
2075 1562 2394 1619 catholicam
2423 1573 2701 1622 transeunt
2730 1566 2745 1597 ¹
2763 1564 2807 1640 ),
2836 1567 3113 1624 reddimus
3151 1571 3456 1642 pecuniam,

1863 1659 2069 1707 vestem
2093 1693 2108 1718 ,
2160 1653 2364 1709 fructus
2390 1695 2404 1719 ,
2440 1669 2588 1725 vasa,
2617 1671 2766 1725 rura,
2797 1665 2936 1714 tecta
2980 1669 3283 1717 vestrorum
3314 1681 3326 1717 :
3361 1679 3458 1722 vos

1864 1744 2135 1815 quomodo
2162 1746 2314 1802 nobis
2341 1745 2599 1804 reddituri
2620 1750 2748 1806 estis
2770 1751 3010 1808 membra
3035 1755 3388 1810 nostrorum?

1937 1836 2034 1894 52.
2060 1837 2264 1910 Nempe
2310 1840 2599 1912 aliquando
2630 1845 3098 1917 expergiscimini,
3153 1856 3210 1903 et
3255 1850 3459 1906 cernite

1865 1941 1967 1984 nec
1995 1943 2090 1984 vos
2140 1943 2260 1986 esse
2310 1929 2379 1986 de
2431 1931 2623 2003 quibus
2670 1932 2897 2004 dicatur,
2953 1950 3053 1991 nec
3080 1951 3236 1992 nosa
3264 1937 3459 2008 quibus

1865 2017 2096 2089 dicatur,
2131 2019 2206 2074 Hi
2240 2031 2357 2076 sunt
2381 2039 2507 2094 quos
2533 2025 2807 2095 aliquando
2830 2025 3096 2082 habuimus
3123 2028 3177 2082 in
3197 2028 3454 2098 derisum;

1865 2124 1988 2165 cum
2018 2110 2196 2181 potius
2247 2127 2345 2168 vos
2381 2112 2674 2170 habeamus
2704 2115 2758 2171 in
2803 2115 3006 2172 ﬂetum.
3035 2117 3147 2174 Nec
3169 2134 3264 2174 vos
3306 2111 3455 2177 coin-

1865 2201 2130 2272 putamini
2155 2202 2298 2260 inter
2327 2202 2467 2260 lilios
2496 2205 2612 2272 Dei,
2644 2207 2748 2262 nisi
2773 2208 3085 2265 recedentes
3107 2225 3136 2264 a
3166 2220 3317 2281 parte
3345 2211 3454 2269 Do-

1867 2294 1978 2348 nati
2005 2293 2144 2349 hane
2169 2295 2449 2351 tenueritis
2475 2295 2793 2366 Ecclesiam,
2823 2314 2982 2370 quam
3011 2301 3150 2356 sicut
3182 2303 3451 2372 praedixit,

1867 2383 2084 2440 exhibet
2108 2383 2273 2441 Filius
2304 2383 2421 2442 Dei.
2450 2385 2560 2443 Nec
2583 2387 2727 2444 inter
2747 2399 2965 2446 sanctos
2995 2399 3081 2447 est
3105 2406 3223 2448 sors
3252 2403 3452 2464 vestra,

1867 2478 1963 2535 sed
1992 2478 2132 2534 inter
2160 2477 2468 2536 htereticos.
2499 2481 2630 2538 Nam
2660 2482 2805 2554 quod
2833 2485 2967 2540 alios
2996 2485 3063 2540 de
3090 2486 3247 2542 vobis
3286 2487 3460 2545 dictu-

1867 2586 1959 2627 ros
1984 2572 2202 2641 putatis,
2234 2571 2347 2628 Nos
2374 2575 2616 2631 insensati
2637 2577 2790 2630 vitam
2809 2577 3014 2632 illorum
3041 2580 3459 2638 existimabamus

1867 2665 2162 2730 insaniam;
2191 2665 2360 2720 miror
2385 2666 2528 2738 quod
2569 2674 2677 2722 tam
2724 2668 2983 2724 insensati
3023 2673 3196 2739 estis,
3245 2683 3305 2728 ut
3354 2676 3456 2745 ipsi

1869 2756 2018 2813 vobis
2044 2757 2206 2813 modo
2253 2759 2373 2814 talia
2414 2774 2525 2814 non
2553 2759 2744 2816 dicatis
2767 2765 2810 2816 ².
2833 2762 3042 2818 Sanctis
3070 2765 3284 2835 quidem
3314 2768 3460 2823 veris

1868 2864 1933 2906 ac
1978 2850 2224 2906 ﬁdelibus
2254 2851 2514 2908 immundi
2561 2860 2615 2908 et
2657 2853 2899 2910 inﬁdeles
2933 2863 3062 2911 tunc
3123 2856 3223 2912 ista
3267 2857 3462 2916 dicturi

1869 2950 2013 3009 sunt,
2045 2942 2122 2997 eis
2153 2941 2339 3013 utique
2362 2956 2497 3014 quos
2525 2959 2668 3000 nunc
2700 2944 3012 3000 existimant
3041 2946 3296 3016 insanire,
3322 2948 3448 3019 quia

1869 3035 2096 3092 luxuriis
2123 3051 2255 3108 quas
2296 3035 2479 3092 vident
2516 3035 2620 3094 frui
2664 3038 2872 3108 nolunt,
2901 3038 3029 3096 dum
3059 3040 3202 3111 quod
3227 3056 3332 3097 non
3373 3043 3452 3098 vi-

1870 3127 2002 3184 dent
2052 3127 2296 3184 credunt.
2329 3127 2435 3185 Sed
2479 3143 2574 3186 vos
2600 3130 2645 3184 si
2677 3146 2783 3186 non
2831 3131 2994 3187 vitam
3024 3142 3280 3202 vestram,
3311 3143 3460 3193 certe

1871 3218 2029 3274 istam
2060 3232 2220 3290 quam
2246 3219 2398 3276 vobis
2426 3219 2585 3276 vultis
2615 3221 2816 3290 facere,
2851 3231 3083 3279 mortem
3112 3235 3345 3281 vestram
3367 3269 3382 3293 ,
3410 3229 3458 3284 si

1870 3323 1979 3364 non
2003 3309 2320 3366 existimatis
2351 3309 2636 3379 insaniam,
2659 3312 2994 3383 desperatius
3020 3315 3284 3373 insanitis.
3317 3317 3449 3374 Ver-

1869 3399 1937 3456 ba
1968 3415 2095 3456 vero
2126 3400 2234 3470 illa,
2266 3400 2401 3472 Ergo
2428 3402 2702 3458 erravimus
2734 3420 2766 3458 a
2793 3403 2875 3458 via
2895 3405 3116 3461 ueritatis
3141 3449 3157 3476 ,
3186 3416 3316 3477 etc.,
3347 3427 3455 3468 non

1871 3501 2031 3549 erunt
2057 3492 2270 3565 quidem
2315 3500 2522 3549 tantum
2552 3501 2748 3562 vestra,
2787 3495 2885 3551 sed
2911 3498 3142 3554 maxime
3169 3507 3222 3554 et
3243 3509 3444 3556 vestra.

1873 3585 2078 3642 Erratis
2108 3587 2272 3655 enim,
2301 3586 2445 3658 quod
2490 3587 2833 3646 manifestum
2859 3598 2982 3661 est,
3005 3607 3036 3647 a
3063 3593 3148 3648 via
3180 3595 3420 3650 veritatis
3443 3638 3462 3665 ,

1871 3687 1926 3734 et
1943 3677 2165 3749 justitiae
2186 3677 2366 3734 lumen
2383 3692 2492 3734 non
2516 3677 2662 3736 lucet
2681 3681 2854 3748 vobis,
2883 3681 3158 3739 lassamini
3180 3685 3234 3740 in
3261 3685 3458 3757 iniqui-

1873 3769 1998 3824 tatis
2021 3769 2106 3825 via
2130 3777 2185 3825 et
2217 3769 2552 3841 perditionis,
2587 3779 2641 3828 et
2678 3772 2965 3830 ambulatis
2993 3775 3308 3832 solitudines
3352 3775 3457 3833 dif-

1874 3861 2075 3927 ﬁciles;
2105 3861 2246 3917 viam
2276 3875 2405 3918 vero
2433 3861 2643 3918 Domini
2683 3863 2962 3936 ignoratis.
2987 3865 3118 3935 Quae
3151 3877 3328 3924 autem
3367 3883 3460 3926 se-

1873 3963 2128 4025 quuntur,
2155 3953 2290 4022 Quid
2315 3954 2459 4010 nobis
2497 3955 2691 4027 profuit
2737 3958 3016 4029 superbia?
3048 3970 3136 4014 aut
3159 3961 3283 4031 quid
3325 3961 3454 4016 dioi-

1874 4047 2058 4102 tiarum
2069 4047 2326 4118 jactantia
2357 4047 2568 4104 contulit
2593 4048 2737 4103 nobis
2755 4050 2781 4104 .9
2803 4048 3139 4104 Transierunt
3161 4053 3330 4106 omnia
3358 4053 3452 4108 illa

1875 4147 2115 4208 tanquam
2135 4138 2312 4192 umbra
2333 4137 2488 4210 (Sap.
2511 4154 2565 4206 v,
2590 4137 2713 4208 i-9)
2736 4156 2750 4194 :
2769 4140 2950 4195 nescio
2965 4149 3144 4194 utrum
3166 4141 3446 4212 quisquam

1873 4229 2017 4285 inter
2037 4237 2266 4284 creteros
2306 4228 2512 4286 diceret
2535 4229 2713 4300 aptius
2742 4238 2798 4286 et
2821 4231 3228 4287 eonvenientius
3249 4273 3264 4300 ,
3295 4247 3458 4303 quam

1875 4329 1994 4376 tuus
2014 4319 2270 4376 decessor
2297 4319 2544 4392 Optatus.
2571 4319 2750 4378 Nolite
2775 4337 2906 4394 ergo
2945 4330 3132 4394 putare
3153 4338 3248 4380 vos
3270 4325 3462 4395 quales

1873 4426 1981 4468 non
2013 4411 2166 4476 estis,
2198 4420 2253 4468 et
2289 4412 2467 4483 perire
2487 4413 2674 4485 quales
2691 4414 2864 4470 estis”
2889 4432 2901 4469 :
2928 4415 3181 4488 quoniam
3226 4431 3331 4472 non
3360 4431 3457 4474 vos

1875 4505 1989 4560 haec
2023 4503 2177 4574 ﬁdes,
2211 4503 2306 4560 sed
2336 4513 2516 4562 vester
2557 4507 2730 4562 malus
2764 4522 2918 4564 error
2964 4507 3241 4576 hortatur,
3271 4520 3460 4568 utnon

1872 4595 2100 4651 libenter
2136 4611 2232 4666 pro
2259 4596 2406 4665 Deo,
2448 4596 2587 4653 sicut
2641 4597 2776 4655 dicis
2800 4642 2816 4668 ,
2849 4600 2902 4655 in
2957 4601 3057 4656 ista
3089 4602 3463 4672 persecutione

1873 4688 2198 4757 moriamini,
2223 4691 2319 4745 sed
2341 4690 2587 4761 nequiter
2606 4706 2705 4764 pro
2727 4692 2934 4751 Donato
2956 4693 3108 4751 factis
3133 4698 3326 4752 vestris
3349 4712 3466 4769 per-

1874 4782 2200 4840 secutionem
2239 4783 2532 4853 patiamini.

1943 4872 2170 4930 CAPUT
2199 4871 2450 4930 XXXIX.
2483 4906 2553 4916 —
2574 4876 2665 4933 53.
2689 4875 2869 4934 Verba
2921 4878 3176 4949 Epistolze
3201 4897 3214 4934 :
3240 4878 3308 4933 Et
3355 4881 3460 4935 alia

1872 4985 2072 5024 manu:
2102 4967 2236 5041 Opto
2271 4978 2337 5039 te,
2382 4970 2588 5043 inquit,
2621 4972 2908 5027 incolumen
2944 4973 3152 5028 veritate
3198 4985 3460 5046 perspecta

1873 5064 2096 5118 animum
2125 5064 2316 5131 lenire‘,
2371 5073 2419 5118 et
2444 5065 2508 5118 ab
2561 5064 2885 5119 innocentum
2913 5066 3130 5119 exitibus
3158 5076 3455 5137 temperare.

1871 5155 1954 5211 Ad
1990 5155 2104 5212 htec
2147 5157 2468 5230 responsio:
2497 5154 2606 5213 Vos
2646 5157 2825 5229 potius
2877 5161 3099 5213 veritate
3167 5169 3455 5230 perspecta

1871 5245 2033 5303 lenite
2073 5248 2308 5304 animum
2331 5256 2590 5317 vestrum,
2636 5263 2704 5306 ne
2728 5249 2806 5304 sic
2844 5249 3062 5317 saeviat,
3088 5258 3145 5304 ut
3173 5264 3270 5305 nec
3298 5250 3460 5307 vobis

1937 5551 1954 5582 ι
1991 5552 2146 5622 verba
2167 5553 2245 5604 hic
2266 5554 2548 5622 parenthesi
2570 5555 2756 5606 inclusa
2794 5555 2918 5608 forte
2939 5555 3165 5620 superius
3185 5550 3465 5612 collocanda

1873 5614 2096 5687 maxim
2135 5614 2282 5687 P96!»'
2300 5614 2491 5687 (mitior
2514 5625 2769 5687 ςαμψεε.

1939 5677 1967 5747 ξ
1995 5683 2120 5737 Am.,
2137 5676 2312 5747 ’utjpsi
2334 5676 2463 5747 nobis
2484 5678 2580 5747 nisi
2599 5679 2716 5747 talia
2733 5693 2834 5747 non
2849 5681 3042 5747 dicatis.

1947 5737 1969 5774 ³
1999 5747 2100 5790 am.
2129 5747 2180 5794 et
2201 5737 2296 5806 Er,
2322 5745 2368 5792 et
2388 5738 2548 5806 perire
2564 5740 2720 5807 tates;
2741 5744 2937 5811 omisso,
2959 5743 3088 5800 estis.
3395 5744 3446 5778 ~’
