  <div class='ocr_page' id='page_1' title='image "/cluster/home/n/w/nwhite01/storage/ocr_20150623/43/uva.x000827113/377.png"; bbox 0 0 3804 6162; ppageno 0'>
   <div class='ocr_carea' id='block_1_1' title="bbox 375 230 488 306">
    <p class='ocr_par' dir='ltr' id='par_1_1' title="bbox 375 230 488 306">
     <span class='ocr_line' id='line_1_1' title="bbox 375 230 488 306; baseline 0 0"><span class='ocrx_word' id='word_1_1' title='bbox 375 230 488 306; x_wconf 60' lang='grc' dir='ltr'><strong>Ἰὼ</strong></span> 
     </span>
    </p>
   </div>
   <div class='ocr_carea' id='block_1_2' title="bbox 375 353 1968 441">
    <p class='ocr_par' dir='ltr' id='par_1_2' title="bbox 375 353 1968 441">
     <span class='ocr_line' id='line_1_2' title="bbox 375 353 1968 441; baseline -0.002 -18"><span class='ocrx_word' id='word_1_2' title='bbox 375 353 730 440; x_wconf 59' lang='lat' dir='ltr'><strong>parcatNam</strong></span> <span class='ocrx_word' id='word_1_3' title='bbox 749 357 876 441; x_wconf 81' lang='lat' dir='ltr'><strong>quid</strong></span> <span class='ocrx_word' id='word_1_4' title='bbox 901 364 1026 432; x_wconf 88' lang='lat' dir='ltr'><strong>isto,</strong></span> <span class='ocrx_word' id='word_1_5' title='bbox 1055 363 1138 419; x_wconf 90' lang='lat' dir='ltr'><strong>cui</strong></span> <span class='ocrx_word' id='word_1_6' title='bbox 1161 363 1279 420; x_wconf 79' lang='lat' dir='ltr'><strong>haec</strong></span> <span class='ocrx_word' id='word_1_7' title='bbox 1301 355 1584 435; x_wconf 58' lang='lat' dir='ltr'><strong>Sci-ipsimi,</strong></span> <span class='ocrx_word' id='word_1_8' title='bbox 1608 353 1766 422; x_wconf 76' lang='lat' dir='ltr'><strong>facile</strong></span> <span class='ocrx_word' id='word_1_9' title='bbox 1785 363 1968 438; x_wconf 80' lang='lat' dir='ltr'><strong>potest</strong></span> 
     </span>
    </p>
   </div>
   <div class='ocr_carea' id='block_1_3' title="bbox 374 455 1967 527">
    <p class='ocr_par' dir='ltr' id='par_1_3' title="bbox 374 455 1967 527">
     <span class='ocr_line' id='line_1_3' title="bbox 374 455 1967 527; baseline -0.002 -10"><span class='ocrx_word' id='word_1_10' title='bbox 374 459 554 520; x_wconf 89' lang='lat' dir='ltr'><strong>lenius</strong></span> <span class='ocrx_word' id='word_1_11' title='bbox 583 456 844 523; x_wconf 80' lang='lat' dir='ltr'><strong>inveniri,</strong></span> <span class='ocrx_word' id='word_1_12' title='bbox 900 455 991 527; x_wconf 88' lang='lat' dir='ltr'><strong>qui</strong></span> <span class='ocrx_word' id='word_1_13' title='bbox 1019 467 1116 511; x_wconf 86' lang='lat' dir='ltr'><strong>vos</strong></span> <span class='ocrx_word' id='word_1_14' title='bbox 1160 463 1216 511; x_wconf 93' lang='lat' dir='ltr'><strong>et</strong></span> <span class='ocrx_word' id='word_1_15' title='bbox 1243 455 1492 512; x_wconf 76' lang='lat' dir='ltr'><strong>invitavit</strong></span> <span class='ocrx_word' id='word_1_16' title='bbox 1523 455 1589 512; x_wconf 86' lang='lat' dir='ltr'><strong>ad</strong></span> <span class='ocrx_word' id='word_1_17' title='bbox 1617 458 1778 513; x_wconf 85' lang='lat' dir='ltr'><strong>vitam</strong></span> <span class='ocrx_word' id='word_1_18' title='bbox 1796 499 1812 526; x_wconf 94' lang='lat'><strong>,</strong></span> <span class='ocrx_word' id='word_1_19' title='bbox 1836 457 1893 514; x_wconf 83' lang='lat' dir='ltr'><strong>et</strong></span> <span class='ocrx_word' id='word_1_20' title='bbox 1919 456 1967 514; x_wconf 88' lang='lat' dir='ltr'><strong>si</strong></span> 
     </span>
    </p>
   </div>
   <div class='ocr_carea' id='block_1_4' title="bbox 375 537 1964 623">
    <p class='ocr_par' dir='ltr' id='par_1_4' title="bbox 375 537 1964 623">
     <span class='ocr_line' id='line_1_4' title="bbox 375 537 1964 623; baseline -0.003 -12"><span class='ocrx_word' id='word_1_21' title='bbox 375 563 496 612; x_wconf 87' lang='lat' dir='ltr'><strong>eam</strong></span> <span class='ocrx_word' id='word_1_22' title='bbox 535 552 810 607; x_wconf 90' lang='lat' dir='ltr'><strong>nobiscum</strong></span> <span class='ocrx_word' id='word_1_23' title='bbox 856 548 1015 621; x_wconf 79' lang='lat' dir='ltr'><strong>agere</strong></span> <span class='ocrx_word' id='word_1_24' title='bbox 1064 545 1312 617; x_wconf 75' lang='lat' dir='ltr'><strong>nolletis,</strong></span> <span class='ocrx_word' id='word_1_25' title='bbox 1346 545 1611 606; x_wconf 78' lang='lat' dir='ltr'><strong>relaxavit</strong></span> <span class='ocrx_word' id='word_1_26' title='bbox 1638 549 1706 607; x_wconf 87' lang='lat' dir='ltr'><strong>ad</strong></span> <span class='ocrx_word' id='word_1_27' title='bbox 1737 537 1964 623; x_wconf 66' lang='lat' dir='ltr'><strong>fugam?</strong></span> 
     </span>
    </p>
   </div>
   <div class='ocr_carea' id='block_1_5' title="bbox 373 641 1958 722">
    <p class='ocr_par' dir='ltr' id='par_1_5' title="bbox 373 641 1958 722">
     <span class='ocr_line' id='line_1_5' title="bbox 373 641 1958 722; baseline -0.001 -21"><span class='ocrx_word' id='word_1_28' title='bbox 373 645 483 702; x_wconf 78' lang='lat' dir='ltr'><strong>Vos</strong></span> <span class='ocrx_word' id='word_1_29' title='bbox 507 641 562 699; x_wconf 91' lang='lat' dir='ltr'><strong>in</strong></span> <span class='ocrx_word' id='word_1_30' title='bbox 585 656 681 698; x_wconf 92' lang='lat' dir='ltr'><strong>vos</strong></span> <span class='ocrx_word' id='word_1_31' title='bbox 708 643 836 699; x_wconf 80' lang='lat' dir='ltr'><strong>estis</strong></span> <span class='ocrx_word' id='word_1_32' title='bbox 862 643 1071 722; x_wconf 84' lang='lat' dir='ltr'><strong>asperi,</strong></span> <span class='ocrx_word' id='word_1_33' title='bbox 1099 653 1195 698; x_wconf 84' lang='lat' dir='ltr'><strong>vos</strong></span> <span class='ocrx_word' id='word_1_34' title='bbox 1221 643 1455 699; x_wconf 84' lang='lat' dir='ltr'><strong>immites</strong></span> <span class='ocrx_word' id='word_1_35' title='bbox 1493 645 1510 676; x_wconf 84' lang='grc'>¹</span> <span class='ocrx_word' id='word_1_36' title='bbox 1535 686 1551 712; x_wconf 87' lang='grc'><em>,</em></span> <span class='ocrx_word' id='word_1_37' title='bbox 1582 659 1679 700; x_wconf 83' lang='lat' dir='ltr'><strong>vos</strong></span> <span class='ocrx_word' id='word_1_38' title='bbox 1703 642 1818 701; x_wconf 81' lang='lat' dir='ltr'><strong>Sine</strong></span> <span class='ocrx_word' id='word_1_39' title='bbox 1850 643 1958 701; x_wconf 78' lang='lat' dir='ltr'><strong>uita</strong></span> 
     </span>
    </p>
   </div>
   <div class='ocr_carea' id='block_1_6' title="bbox 375 723 1965 808">
    <p class='ocr_par' dir='ltr' id='par_1_6' title="bbox 375 723 1965 808">
     <span class='ocr_line' id='line_1_6' title="bbox 375 723 1965 808; baseline -0.001 -13"><span class='ocrx_word' id='word_1_40' title='bbox 375 737 725 796; x_wconf 77' lang='lat' dir='ltr'><strong>humanitatis</strong></span> <span class='ocrx_word' id='word_1_41' title='bbox 749 739 771 769; x_wconf 75' lang='lat'><strong>&#39;</strong></span> <span class='ocrx_word' id='word_1_42' title='bbox 793 723 1226 792; x_wconf 77' lang='lat' dir='ltr'><strong>consideratione</strong></span> <span class='ocrx_word' id='word_1_43' title='bbox 1250 735 1516 805; x_wconf 77' lang='lat' dir='ltr'><strong>crudeles,</strong></span> <span class='ocrx_word' id='word_1_44' title='bbox 1540 738 1629 808; x_wconf 85' lang='lat' dir='ltr'><strong>qui</strong></span> <span class='ocrx_word' id='word_1_45' title='bbox 1657 737 1758 794; x_wconf 81' lang='lat' dir='ltr'><strong>hoc</strong></span> <span class='ocrx_word' id='word_1_46' title='bbox 1782 739 1834 793; x_wconf 93' lang='lat' dir='ltr'><strong>in</strong></span> <span class='ocrx_word' id='word_1_47' title='bbox 1871 739 1965 794; x_wconf 77' lang='lat' dir='ltr'><strong>vo-</strong></span> 
     </span>
    </p>
   </div>
   <div class='ocr_carea' id='block_1_7' title="bbox 366 825 1964 898">
    <p class='ocr_par' dir='ltr' id='par_1_7' title="bbox 366 825 1964 898">
     <span class='ocr_line' id='line_1_7' title="bbox 366 825 1964 898; baseline -0.003 -11"><span class='ocrx_word' id='word_1_48' title='bbox 366 829 454 888; x_wconf 83' lang='lat' dir='ltr'><strong>bis</strong></span> <span class='ocrx_word' id='word_1_49' title='bbox 482 827 675 892; x_wconf 83' lang='lat' dir='ltr'><strong>facitis,</strong></span> <span class='ocrx_word' id='word_1_50' title='bbox 706 827 848 898; x_wconf 85' lang='lat' dir='ltr'><strong>quod</strong></span> <span class='ocrx_word' id='word_1_51' title='bbox 876 827 930 881; x_wconf 84' lang='lat' dir='ltr'><strong>in</strong></span> <span class='ocrx_word' id='word_1_52' title='bbox 953 827 1063 882; x_wconf 85' lang='lat' dir='ltr'><strong>suis</strong></span> <span class='ocrx_word' id='word_1_53' title='bbox 1092 826 1324 882; x_wconf 84' lang='lat' dir='ltr'><strong>inimicis</strong></span> <span class='ocrx_word' id='word_1_54' title='bbox 1339 825 1515 883; x_wconf 82' lang='lat' dir='ltr'><strong>facere</strong></span> <span class='ocrx_word' id='word_1_55' title='bbox 1536 825 1964 885; x_wconf 73' lang='lat' dir='ltr'><strong>consueverunt&#39;</strong></span> 
     </span>
    </p>
   </div>
   <div class='ocr_carea' id='block_1_8' title="bbox 365 917 1963 993">
    <p class='ocr_par' dir='ltr' id='par_1_8' title="bbox 365 917 1963 993">
     <span class='ocr_line' id='line_1_8' title="bbox 365 917 1963 993; baseline -0.002 -13"><span class='ocrx_word' id='word_1_56' title='bbox 365 933 614 980; x_wconf 84' lang='lat' dir='ltr'><strong>errorum</strong></span> <span class='ocrx_word' id='word_1_57' title='bbox 643 919 932 976; x_wconf 83' lang='lat' dir='ltr'><strong>dilectores</strong></span> <span class='ocrx_word' id='word_1_58' title='bbox 959 961 974 984; x_wconf 92' lang='lat'><strong>,</strong></span> <span class='ocrx_word' id='word_1_59' title='bbox 1004 929 1060 976; x_wconf 91' lang='lat' dir='ltr'><strong>et</strong></span> <span class='ocrx_word' id='word_1_60' title='bbox 1111 917 1393 975; x_wconf 81' lang='lat' dir='ltr'><strong>hominum</strong></span> <span class='ocrx_word' id='word_1_61' title='bbox 1457 923 1828 993; x_wconf 72' lang='lat' dir='ltr'><strong>persecutores</strong></span> <span class='ocrx_word' id='word_1_62' title='bbox 1854 963 1869 987; x_wconf 94' lang='lat'><strong>,</strong></span> <span class='ocrx_word' id='word_1_63' title='bbox 1903 930 1963 977; x_wconf 90' lang='lat' dir='ltr'><strong>ut</strong></span> 
     </span>
    </p>
   </div>
   <div class='ocr_carea' id='block_1_9' title="bbox 365 1011 1962 1085">
    <p class='ocr_par' dir='ltr' id='par_1_9' title="bbox 365 1011 1962 1085">
     <span class='ocr_line' id='line_1_9' title="bbox 365 1011 1962 1085; baseline -0.002 -13"><span class='ocrx_word' id='word_1_64' title='bbox 365 1015 438 1072; x_wconf 78' lang='lat' dir='ltr'><strong>sit</strong></span> <span class='ocrx_word' id='word_1_65' title='bbox 466 1011 608 1085; x_wconf 85' lang='lat' dir='ltr'><strong>quod</strong></span> <span class='ocrx_word' id='word_1_66' title='bbox 637 1013 975 1068; x_wconf 86' lang='lat' dir='ltr'><strong>amarissime</strong></span> <span class='ocrx_word' id='word_1_67' title='bbox 996 1011 1214 1067; x_wconf 85' lang='lat' dir='ltr'><strong>doleant</strong></span> <span class='ocrx_word' id='word_1_68' title='bbox 1243 1023 1485 1067; x_wconf 87' lang='lat' dir='ltr'><strong>errorum</strong></span> <span class='ocrx_word' id='word_1_69' title='bbox 1509 1017 1882 1082; x_wconf 66' lang='lat' dir='ltr'><strong>persecutores</strong></span> <span class='ocrx_word' id='word_1_70' title='bbox 1906 1016 1962 1069; x_wconf 88' lang='lat' dir='ltr'><strong>et</strong></span> 
     </span>
    </p>
   </div>
   <div class='ocr_carea' id='block_1_10' title="bbox 363 1099 1961 1172">
    <p class='ocr_par' dir='ltr' id='par_1_10' title="bbox 363 1099 1961 1172">
     <span class='ocr_line' id='line_1_10' title="bbox 363 1099 1961 1172; baseline -0.003 -10"><span class='ocrx_word' id='word_1_71' title='bbox 363 1099 647 1162; x_wconf 77' lang='lat' dir='ltr'><strong>hominum</strong></span> <span class='ocrx_word' id='word_1_72' title='bbox 697 1101 1009 1159; x_wconf 81' lang='lat' dir='ltr'><strong>dilectores.</strong></span> <span class='ocrx_word' id='word_1_73' title='bbox 1049 1101 1187 1169; x_wconf 81' lang='lat' dir='ltr'><strong>Quid</strong></span> <span class='ocrx_word' id='word_1_74' title='bbox 1227 1113 1405 1158; x_wconf 91' lang='lat' dir='ltr'><strong>autem</strong></span> <span class='ocrx_word' id='word_1_75' title='bbox 1434 1111 1588 1172; x_wconf 87' lang='lat' dir='ltr'><strong>optas</strong></span> <span class='ocrx_word' id='word_1_76' title='bbox 1619 1111 1675 1157; x_wconf 92' lang='lat' dir='ltr'><strong>ut</strong></span> <span class='ocrx_word' id='word_1_77' title='bbox 1710 1101 1777 1158; x_wconf 88' lang='lat' dir='ltr'><strong>ab</strong></span> <span class='ocrx_word' id='word_1_78' title='bbox 1805 1103 1961 1159; x_wconf 79' lang='lat' dir='ltr'><strong>inno-</strong></span> 
     </span>
    </p>
   </div>
   <div class='ocr_carea' id='block_1_11' title="bbox 363 1181 1958 1268">
    <p class='ocr_par' dir='ltr' id='par_1_11' title="bbox 363 1181 1958 1268">
     <span class='ocr_line' id='line_1_11' title="bbox 363 1181 1958 1268; baseline -0.001 -12"><span class='ocrx_word' id='word_1_79' title='bbox 363 1208 578 1256; x_wconf 85' lang='lat' dir='ltr'><strong>centum</strong></span> <span class='ocrx_word' id='word_1_80' title='bbox 607 1195 837 1254; x_wconf 81' lang='lat' dir='ltr'><strong>exitibus</strong></span> <span class='ocrx_word' id='word_1_81' title='bbox 874 1181 1245 1268; x_wconf 74' lang='lat' dir='ltr'><strong>temperetur?</strong></span> <span class='ocrx_word' id='word_1_82' title='bbox 1266 1191 1376 1252; x_wconf 80' lang='lat' dir='ltr'><strong>Vos</strong></span> <span class='ocrx_word' id='word_1_83' title='bbox 1401 1197 1616 1268; x_wconf 71' lang='lat' dir='ltr'><strong>Quide&#39;m</strong></span> <span class='ocrx_word' id='word_1_84' title='bbox 1643 1199 1958 1256; x_wconf 84' lang='lat' dir='ltr'><strong>innocentes</strong></span> 
     </span>
    </p>
   </div>
   <div class='ocr_carea' id='block_1_12' title="bbox 360 1283 1958 1359">
    <p class='ocr_par' dir='ltr' id='par_1_12' title="bbox 360 1283 1958 1359">
     <span class='ocr_line' id='line_1_12' title="bbox 360 1283 1958 1359; baseline -0.002 -12"><span class='ocrx_word' id='word_1_85' title='bbox 360 1289 471 1348; x_wconf 85' lang='lat' dir='ltr'><strong>non</strong></span> <span class='ocrx_word' id='word_1_86' title='bbox 513 1289 643 1346; x_wconf 84' lang='lat' dir='ltr'><strong>estis</strong></span> <span class='ocrx_word' id='word_1_87' title='bbox 676 1306 688 1342; x_wconf 93' lang='lat'>:</span> <span class='ocrx_word' id='word_1_88' title='bbox 717 1285 895 1343; x_wconf 85' lang='lat' dir='ltr'><strong>tamen</strong></span> <span class='ocrx_word' id='word_1_89' title='bbox 952 1287 1042 1343; x_wconf 88' lang='lat' dir='ltr'><strong>ille</strong></span> <span class='ocrx_word' id='word_1_90' title='bbox 1084 1288 1236 1344; x_wconf 77' lang='lat' dir='ltr'><strong>vobis</strong></span> <span class='ocrx_word' id='word_1_91' title='bbox 1267 1287 1418 1344; x_wconf 82' lang='lat' dir='ltr'><strong>dedit</strong></span> <span class='ocrx_word' id='word_1_92' title='bbox 1447 1288 1666 1355; x_wconf 83' lang='lat' dir='ltr'><strong>exitum,</strong></span> <span class='ocrx_word' id='word_1_93' title='bbox 1699 1283 1794 1345; x_wconf 75' lang='lat' dir='ltr'><strong>sed</strong></span> <span class='ocrx_word' id='word_1_94' title='bbox 1854 1289 1958 1359; x_wconf 85' lang='lat' dir='ltr'><strong>ipsi</strong></span> 
     </span>
    </p>
   </div>
   <div class='ocr_carea' id='block_1_13' title="bbox 360 1365 1956 1452">
    <p class='ocr_par' dir='ltr' id='par_1_13' title="bbox 360 1365 1956 1452">
     <span class='ocr_line' id='line_1_13' title="bbox 360 1365 1956 1452; baseline 0.001 -16"><span class='ocrx_word' id='word_1_95' title='bbox 360 1381 514 1436; x_wconf 89' lang='lat' dir='ltr'><strong>vobis</strong></span> <span class='ocrx_word' id='word_1_96' title='bbox 551 1379 683 1436; x_wconf 79' lang='lat' dir='ltr'><strong>dare</strong></span> <span class='ocrx_word' id='word_1_97' title='bbox 709 1379 869 1436; x_wconf 74' lang='lat' dir='ltr'><strong>Vultis</strong></span> <span class='ocrx_word' id='word_1_98' title='bbox 897 1381 1139 1436; x_wconf 80' lang='lat' dir='ltr'><strong>exitium.</strong></span> <span class='ocrx_word' id='word_1_99' title='bbox 1197 1365 1332 1435; x_wconf 84' lang='lat' dir='ltr'><strong>Puto</strong></span> <span class='ocrx_word' id='word_1_100' title='bbox 1373 1381 1518 1435; x_wconf 84' lang='lat' dir='ltr'><strong>enim</strong></span> <span class='ocrx_word' id='word_1_101' title='bbox 1550 1421 1564 1447; x_wconf 95' lang='lat'><strong>,</strong></span> <span class='ocrx_word' id='word_1_102' title='bbox 1621 1379 1763 1452; x_wconf 90' lang='lat' dir='ltr'><strong>quod</strong></span> <span class='ocrx_word' id='word_1_103' title='bbox 1805 1379 1956 1437; x_wconf 80' lang='lat' dir='ltr'><strong>verbi</strong></span> 
     </span>
    </p>
   </div>
   <div class='ocr_carea' id='block_1_14' title="bbox 360 1459 1956 1542">
    <p class='ocr_par' dir='ltr' id='par_1_14' title="bbox 360 1459 1956 1542">
     <span class='ocr_line' id='line_1_14' title="bbox 360 1459 1956 1542; baseline 0 -15"><span class='ocrx_word' id='word_1_104' title='bbox 360 1469 662 1542; x_wconf 75' lang='lat' dir='ltr'><strong>ignorantia</strong></span> <span class='ocrx_word' id='word_1_105' title='bbox 683 1478 736 1526; x_wconf 90' lang='lat' dir='ltr'><strong>te</strong></span> <span class='ocrx_word' id='word_1_106' title='bbox 762 1459 976 1536; x_wconf 71' lang='lat' dir='ltr'><strong>i‘el‘ellit,</strong></span> <span class='ocrx_word' id='word_1_107' title='bbox 1005 1477 1064 1525; x_wconf 89' lang='lat' dir='ltr'><strong>ut</strong></span> <span class='ocrx_word' id='word_1_108' title='bbox 1092 1468 1279 1525; x_wconf 85' lang='lat' dir='ltr'><strong>volens</strong></span> <span class='ocrx_word' id='word_1_109' title='bbox 1301 1469 1528 1540; x_wconf 75' lang='lat' dir='ltr'><strong>intelligi</strong></span> <span class='ocrx_word' id='word_1_110' title='bbox 1555 1471 1713 1526; x_wconf 75' lang='lat' dir='ltr'><strong>exitia</strong></span> <span class='ocrx_word' id='word_1_111' title='bbox 1735 1513 1750 1538; x_wconf 94' lang='lat'><strong>,</strong></span> <span class='ocrx_word' id='word_1_112' title='bbox 1781 1471 1956 1528; x_wconf 78' lang='lat' dir='ltr'><strong>exitus</strong></span> 
     </span>
    </p>
   </div>
   <div class='ocr_carea' id='block_1_15' title="bbox 360 1555 1955 1633">
    <p class='ocr_par' dir='ltr' id='par_1_15' title="bbox 360 1555 1955 1633">
     <span class='ocr_line' id='line_1_15' title="bbox 360 1555 1955 1633; baseline 0 -15"><span class='ocrx_word' id='word_1_113' title='bbox 360 1561 589 1619; x_wconf 79' lang='lat' dir='ltr'><strong>diceres.</strong></span> <span class='ocrx_word' id='word_1_114' title='bbox 619 1561 753 1617; x_wconf 85' lang='lat' dir='ltr'><strong>Cum</strong></span> <span class='ocrx_word' id='word_1_115' title='bbox 781 1562 912 1633; x_wconf 78' lang='lat' dir='ltr'><strong>ergo</strong></span> <span class='ocrx_word' id='word_1_116' title='bbox 944 1559 1179 1616; x_wconf 82' lang='lat' dir='ltr'><strong>hortaris</strong></span> <span class='ocrx_word' id='word_1_117' title='bbox 1241 1555 1506 1632; x_wconf 83' lang='lat' dir='ltr'><strong>optando,</strong></span> <span class='ocrx_word' id='word_1_118' title='bbox 1538 1559 1597 1617; x_wconf 91' lang='lat' dir='ltr'><strong>u&#39;t</strong></span> <span class='ocrx_word' id='word_1_119' title='bbox 1619 1561 1677 1617; x_wconf 75' lang='lat' dir='ltr'><strong>Se</strong></span> <span class='ocrx_word' id='word_1_120' title='bbox 1701 1555 1768 1618; x_wconf 84' lang='lat' dir='ltr'><strong>ab</strong></span> <span class='ocrx_word' id='word_1_121' title='bbox 1798 1561 1955 1619; x_wconf 88' lang='lat' dir='ltr'><strong>inno-</strong></span> 
     </span>
    </p>
   </div>
   <div class='ocr_carea' id='block_1_16' title="bbox 361 1643 1952 1724">
    <p class='ocr_par' dir='ltr' id='par_1_16' title="bbox 361 1643 1952 1724">
     <span class='ocr_line' id='line_1_16' title="bbox 361 1643 1952 1724; baseline 0 -15"><span class='ocrx_word' id='word_1_122' title='bbox 361 1643 600 1710; x_wconf 82' lang='lat' dir='ltr'><strong>centium</strong></span> <span class='ocrx_word' id='word_1_123' title='bbox 629 1653 806 1710; x_wconf 72' lang='lat' dir='ltr'><strong>exitiis</strong></span> <span class='ocrx_word' id='word_1_124' title='bbox 831 1651 1190 1724; x_wconf 83' lang='lat' dir='ltr'><strong>imperialium</strong></span> <span class='ocrx_word' id='word_1_125' title='bbox 1221 1649 1398 1722; x_wconf 73' lang='lat' dir='ltr'><strong>legum</strong></span> <span class='ocrx_word' id='word_1_126' title='bbox 1435 1653 1761 1722; x_wconf 73' lang='lat' dir='ltr'><strong>temperaret</strong></span> <span class='ocrx_word' id='word_1_127' title='bbox 1793 1659 1952 1709; x_wconf 77' lang='lat' dir='ltr'><strong>exse-</strong></span> 
     </span>
    </p>
   </div>
   <div class='ocr_carea' id='block_1_17' title="bbox 359 1743 1952 1818">
    <p class='ocr_par' dir='ltr' id='par_1_17' title="bbox 359 1743 1952 1818">
     <span class='ocr_line' id='line_1_17' title="bbox 359 1743 1952 1818; baseline -0.001 -16"><span class='ocrx_word' id='word_1_128' title='bbox 359 1754 540 1812; x_wconf 87' lang='lat' dir='ltr'><strong>cutor,</strong></span> <span class='ocrx_word' id='word_1_129' title='bbox 569 1743 622 1800; x_wconf 89' lang='lat' dir='ltr'><strong>id</strong></span> <span class='ocrx_word' id='word_1_130' title='bbox 648 1745 761 1818; x_wconf 77' lang='lat' dir='ltr'><strong>agis</strong></span> <span class='ocrx_word' id='word_1_131' title='bbox 800 1747 860 1800; x_wconf 88' lang='lat' dir='ltr'><strong>ut</strong></span> <span class='ocrx_word' id='word_1_132' title='bbox 895 1743 1275 1815; x_wconf 68' lang='lat' dir='ltr'><strong>‘deceptoribus&#39;</strong></span> <span class='ocrx_word' id='word_1_133' title='bbox 1297 1750 1504 1814; x_wconf 89' lang='lat' dir='ltr'><strong>parcat,</strong></span> <span class='ocrx_word' id='word_1_134' title='bbox 1535 1749 1591 1799; x_wconf 85' lang='lat' dir='ltr'><strong>et</strong></span> <span class='ocrx_word' id='word_1_135' title='bbox 1633 1743 1952 1800; x_wconf 78' lang='lat' dir='ltr'><strong>innocentes</strong></span> 
     </span>
    </p>
   </div>
   <div class='ocr_carea' id='block_1_18' title="bbox 357 1833 1952 1908">
    <p class='ocr_par' dir='ltr' id='par_1_18' title="bbox 357 1833 1952 1908">
     <span class='ocr_line' id='line_1_18' title="bbox 357 1833 1952 1908; baseline -0.002 -14"><span class='ocrx_word' id='word_1_136' title='bbox 357 1837 533 1908; x_wconf 84' lang='lat' dir='ltr'><strong>decipi</strong></span> <span class='ocrx_word' id='word_1_137' title='bbox 562 1838 777 1908; x_wconf 90' lang='lat' dir='ltr'><strong>impune</strong></span> <span class='ocrx_word' id='word_1_138' title='bbox 801 1837 1095 1907; x_wconf 82' lang='lat' dir='ltr'><strong>permittat.</strong></span> <span class='ocrx_word' id='word_1_139' title='bbox 1124 1834 1263 1904; x_wconf 83' lang='lat' dir='ltr'><strong>Quid</strong></span> <span class='ocrx_word' id='word_1_140' title='bbox 1289 1849 1416 1906; x_wconf 82' lang='lat' dir='ltr'><strong>ergo</strong></span> <span class='ocrx_word' id='word_1_141' title='bbox 1441 1833 1608 1904; x_wconf 83' lang='lat' dir='ltr'><strong>aliud,</strong></span> <span class='ocrx_word' id='word_1_142' title='bbox 1648 1835 1753 1890; x_wconf 91' lang='lat' dir='ltr'><strong>nisi</strong></span> <span class='ocrx_word' id='word_1_143' title='bbox 1776 1841 1836 1890; x_wconf 87' lang='lat' dir='ltr'><strong>ut</strong></span> <span class='ocrx_word' id='word_1_144' title='bbox 1860 1833 1952 1892; x_wconf 88' lang='lat' dir='ltr'><strong>ille</strong></span> 
     </span>
    </p>
   </div>
   <div class='ocr_carea' id='block_1_19' title="bbox 355 1928 1950 1999">
    <p class='ocr_par' dir='ltr' id='par_1_19' title="bbox 355 1928 1950 1999">
     <span class='ocr_line' id='line_1_19' title="bbox 355 1928 1950 1999; baseline -0.001 -13"><span class='ocrx_word' id='word_1_145' title='bbox 355 1930 444 1986; x_wconf 81' lang='lat' dir='ltr'><strong>cui</strong></span> <span class='ocrx_word' id='word_1_146' title='bbox 465 1937 516 1986; x_wconf 85' lang='lat' dir='ltr'><strong>te</strong></span> <span class='ocrx_word' id='word_1_147' title='bbox 529 1928 665 1985; x_wconf 89' lang='lat' dir='ltr'><strong>bene</strong></span> <span class='ocrx_word' id='word_1_148' title='bbox 691 1929 970 1984; x_wconf 89' lang='lat' dir='ltr'><strong>arbitraris</strong></span> <span class='ocrx_word' id='word_1_149' title='bbox 995 1935 1203 1999; x_wconf 90' lang='lat' dir='ltr'><strong>optare,</strong></span> <span class='ocrx_word' id='word_1_150' title='bbox 1232 1933 1333 1984; x_wconf 85' lang='lat' dir='ltr'><strong>nec</strong></span> <span class='ocrx_word' id='word_1_151' title='bbox 1354 1928 1486 1996; x_wconf 90' lang='lat' dir='ltr'><strong>Deo,</strong></span> <span class='ocrx_word' id='word_1_152' title='bbox 1515 1933 1616 1984; x_wconf 85' lang='lat' dir='ltr'><strong>nec</strong></span> <span class='ocrx_word' id='word_1_153' title='bbox 1636 1928 1950 1999; x_wconf 82' lang='lat' dir='ltr'><strong>imperatori</strong></span> 
     </span>
    </p>
   </div>
   <div class='ocr_carea' id='block_1_20' title="bbox 354 2019 1945 2107">
    <p class='ocr_par' dir='ltr' id='par_1_20' title="bbox 354 2019 1945 2107">
     <span class='ocr_line' id='line_1_20' title="bbox 354 2019 1945 2107; baseline -0.003 -27"><span class='ocrx_word' id='word_1_154' title='bbox 354 2027 662 2107; x_wconf 49' lang='lat' dir='ltr'><strong>suogervet</strong></span> <span class='ocrx_word' id='word_1_155' title='bbox 683 2019 844 2078; x_wconf 86' lang='lat' dir='ltr'><strong>[idem</strong></span> <span class='ocrx_word' id='word_1_156' title='bbox 873 2039 887 2075; x_wconf 87' lang='lat'><strong>:</strong></span> <span class='ocrx_word' id='word_1_157' title='bbox 919 2022 1044 2093; x_wconf 85' lang='lat' dir='ltr'><strong>quia</strong></span> <span class='ocrx_word' id='word_1_158' title='bbox 1079 2021 1279 2077; x_wconf 86' lang='lat' dir='ltr'><strong>scilicet</strong></span> <span class='ocrx_word' id='word_1_159' title='bbox 1310 2033 1405 2091; x_wconf 88' lang='lat' dir='ltr'><strong>per</strong></span> <span class='ocrx_word' id='word_1_160' title='bbox 1425 2020 1688 2092; x_wconf 85' lang='lat' dir='ltr'><strong>justitiam</strong></span> <span class='ocrx_word' id='word_1_161' title='bbox 1713 2025 1823 2076; x_wconf 85' lang='lat' dir='ltr'><strong>non</strong></span> <span class='ocrx_word' id='word_1_162' title='bbox 1850 2031 1945 2075; x_wconf 88' lang='lat' dir='ltr'><strong>ve-</strong></span> 
     </span>
    </p>
   </div>
   <div class='ocr_carea' id='block_1_21' title="bbox 353 2111 1941 2184">
    <p class='ocr_par' dir='ltr' id='par_1_21' title="bbox 353 2111 1941 2184">
     <span class='ocr_line' id='line_1_21' title="bbox 353 2111 1941 2184; baseline -0.003 -12"><span class='ocrx_word' id='word_1_163' title='bbox 353 2115 472 2173; x_wconf 87' lang='lat' dir='ltr'><strong>ram</strong></span> <span class='ocrx_word' id='word_1_164' title='bbox 495 2156 508 2181; x_wconf 93' lang='lat'><strong>,</strong></span> <span class='ocrx_word' id='word_1_165' title='bbox 535 2113 632 2170; x_wconf 81' lang='lat' dir='ltr'><strong>sed</strong></span> <span class='ocrx_word' id='word_1_166' title='bbox 658 2117 913 2179; x_wconf 83' lang='lat' dir='ltr'><strong>vestram,</strong></span> <span class='ocrx_word' id='word_1_167' title='bbox 943 2111 1011 2168; x_wconf 87' lang='lat' dir='ltr'><strong>ad</strong></span> <span class='ocrx_word' id='word_1_168' title='bbox 1052 2113 1441 2182; x_wconf 84' lang='lat' dir='ltr'><strong>imperatorum</strong></span> <span class='ocrx_word' id='word_1_169' title='bbox 1467 2127 1650 2168; x_wconf 87' lang='lat' dir='ltr'><strong>curam</strong></span> <span class='ocrx_word' id='word_1_170' title='bbox 1670 2111 1941 2184; x_wconf 84' lang='lat' dir='ltr'><strong>pertinere</strong></span> 
     </span>
    </p>
   </div>
   <div class='ocr_carea' id='block_1_22' title="bbox 352 2193 1947 2277">
    <p class='ocr_par' dir='ltr' id='par_1_22' title="bbox 352 2193 1947 2277">
     <span class='ocr_line' id='line_1_22' title="bbox 352 2193 1947 2277; baseline -0.003 -13"><span class='ocrx_word' id='word_1_171' title='bbox 352 2219 529 2264; x_wconf 80' lang='lat' dir='ltr'><strong>causae</strong></span> <span class='ocrx_word' id='word_1_172' title='bbox 551 2205 857 2277; x_wconf 89' lang='lat' dir='ltr'><strong>hujusmodi</strong></span> <span class='ocrx_word' id='word_1_173' title='bbox 906 2219 1012 2260; x_wconf 90' lang='lat' dir='ltr'><strong>non</strong></span> <span class='ocrx_word' id='word_1_174' title='bbox 1043 2203 1336 2274; x_wconf 87' lang='lat' dir='ltr'><strong>deberent,</strong></span> <span class='ocrx_word' id='word_1_175' title='bbox 1372 2215 1431 2261; x_wconf 93' lang='lat' dir='ltr'><strong>ut</strong></span> <span class='ocrx_word' id='word_1_176' title='bbox 1457 2205 1787 2262; x_wconf 82' lang='lat' dir='ltr'><strong>calumniosa</strong></span> <span class='ocrx_word' id='word_1_177' title='bbox 1811 2193 1947 2261; x_wconf 85' lang='lat' dir='ltr'><strong>divi-</strong></span> 
     </span>
    </p>
   </div>
   <div class='ocr_carea' id='block_1_23' title="bbox 349 2295 1947 2369">
    <p class='ocr_par' dir='ltr' id='par_1_23' title="bbox 349 2295 1947 2369">
     <span class='ocr_line' id='line_1_23' title="bbox 349 2295 1947 2369; baseline -0.003 -12"><span class='ocrx_word' id='word_1_178' title='bbox 349 2301 434 2358; x_wconf 90' lang='lat' dir='ltr'><strong>sio</strong></span> <span class='ocrx_word' id='word_1_179' title='bbox 459 2301 762 2366; x_wconf 86' lang='lat' dir='ltr'><strong>sanaretur,</strong></span> <span class='ocrx_word' id='word_1_180' title='bbox 792 2297 1057 2355; x_wconf 87' lang='lat' dir='ltr'><strong>deberent</strong></span> <span class='ocrx_word' id='word_1_181' title='bbox 1107 2307 1308 2365; x_wconf 89' lang='lat' dir='ltr'><strong>autem,</strong></span> <span class='ocrx_word' id='word_1_182' title='bbox 1351 2299 1410 2353; x_wconf 83' lang='lat' dir='ltr'><strong>ut</strong></span> <span class='ocrx_word' id='word_1_183' title='bbox 1453 2295 1669 2369; x_wconf 88' lang='lat' dir='ltr'><strong>quando</strong></span> <span class='ocrx_word' id='word_1_184' title='bbox 1697 2295 1838 2352; x_wconf 75' lang='lat' dir='ltr'><strong>facta</strong></span> <span class='ocrx_word' id='word_1_185' title='bbox 1862 2305 1947 2353; x_wconf 88' lang='lat' dir='ltr'><strong>est</strong></span> 
     </span>
    </p>
   </div>
   <div class='ocr_carea' id='block_1_24' title="bbox 349 2377 1942 2460">
    <p class='ocr_par' dir='ltr' id='par_1_24' title="bbox 349 2377 1942 2460">
     <span class='ocr_line' id='line_1_24' title="bbox 349 2377 1942 2460; baseline -0.001 -13"><span class='ocrx_word' id='word_1_186' title='bbox 349 2387 696 2448; x_wconf 76' lang='lat' dir='ltr'><strong>ﬁrmaretur?</strong></span> <span class='ocrx_word' id='word_1_187' title='bbox 726 2388 783 2446; x_wconf 91' lang='lat' dir='ltr'><strong>Si</strong></span> <span class='ocrx_word' id='word_1_188' title='bbox 809 2377 1052 2445; x_wconf 80' lang='lat' dir='ltr'><strong>doctrina</strong></span> <span class='ocrx_word' id='word_1_189' title='bbox 1099 2388 1202 2444; x_wconf 85' lang='lat' dir='ltr'><strong>ista</strong></span> <span class='ocrx_word' id='word_1_190' title='bbox 1225 2431 1242 2458; x_wconf 94' lang='lat'><strong>,</strong></span> <span class='ocrx_word' id='word_1_191' title='bbox 1275 2393 1435 2460; x_wconf 89' lang='lat' dir='ltr'><strong>quam</strong></span> <span class='ocrx_word' id='word_1_192' title='bbox 1461 2389 1574 2445; x_wconf 85' lang='lat' dir='ltr'><strong>nun</strong></span> <span class='ocrx_word' id='word_1_193' title='bbox 1599 2388 1668 2445; x_wconf 87' lang='lat' dir='ltr'><strong>de</strong></span> <span class='ocrx_word' id='word_1_194' title='bbox 1697 2389 1942 2460; x_wconf 84' lang='lat' dir='ltr'><strong>Scriptu-</strong></span> 
     </span>
    </p>
   </div>
   <div class='ocr_carea' id='block_1_25' title="bbox 347 2481 1940 2554">
    <p class='ocr_par' dir='ltr' id='par_1_25' title="bbox 347 2481 1940 2554">
     <span class='ocr_line' id='line_1_25' title="bbox 347 2481 1940 2554; baseline -0.001 -12"><span class='ocrx_word' id='word_1_195' title='bbox 347 2484 426 2542; x_wconf 82' lang='lat' dir='ltr'><strong>ris</strong></span> <span class='ocrx_word' id='word_1_196' title='bbox 463 2483 694 2549; x_wconf 86' lang='lat' dir='ltr'><strong>sanctis,</strong></span> <span class='ocrx_word' id='word_1_197' title='bbox 730 2481 827 2540; x_wconf 88' lang='lat' dir='ltr'><strong>sed</strong></span> <span class='ocrx_word' id='word_1_198' title='bbox 866 2483 1052 2539; x_wconf 91' lang='lat' dir='ltr'><strong>nescio</strong></span> <span class='ocrx_word' id='word_1_199' title='bbox 1096 2483 1241 2539; x_wconf 90' lang='lat' dir='ltr'><strong>unde</strong></span> <span class='ocrx_word' id='word_1_200' title='bbox 1287 2481 1585 2552; x_wconf 88' lang='lat' dir='ltr'><strong>didicistis,</strong></span> <span class='ocrx_word' id='word_1_201' title='bbox 1615 2482 1756 2554; x_wconf 80' lang='lat' dir='ltr'><strong>juSta</strong></span> <span class='ocrx_word' id='word_1_202' title='bbox 1787 2484 1940 2540; x_wconf 90' lang='lat' dir='ltr'><strong>vobis</strong></span> 
     </span>
    </p>
   </div>
   <div class='ocr_carea' id='block_1_26' title="bbox 345 2573 1940 2646">
    <p class='ocr_par' dir='ltr' id='par_1_26' title="bbox 345 2573 1940 2646">
     <span class='ocr_line' id='line_1_26' title="bbox 345 2573 1940 2646; baseline 0.001 -16"><span class='ocrx_word' id='word_1_203' title='bbox 345 2573 580 2642; x_wconf 86' lang='lat' dir='ltr'><strong>videtur,</strong></span> <span class='ocrx_word' id='word_1_204' title='bbox 607 2584 665 2631; x_wconf 91' lang='lat' dir='ltr'><strong>ut</strong></span> <span class='ocrx_word' id='word_1_205' title='bbox 691 2574 809 2630; x_wconf 75' lang='lat' dir='ltr'><strong>inec</strong></span> <span class='ocrx_word' id='word_1_206' title='bbox 835 2575 902 2630; x_wconf 88' lang='lat' dir='ltr'><strong>ad</strong></span> <span class='ocrx_word' id='word_1_207' title='bbox 951 2574 1286 2645; x_wconf 85' lang='lat' dir='ltr'><strong>imperialem</strong></span> <span class='ocrx_word' id='word_1_208' title='bbox 1337 2585 1444 2630; x_wconf 81' lang='lat' dir='ltr'><strong>nan</strong></span> <span class='ocrx_word' id='word_1_209' title='bbox 1475 2575 1740 2645; x_wconf 89' lang='lat' dir='ltr'><strong>pertineat</strong></span> <span class='ocrx_word' id='word_1_210' title='bbox 1788 2577 1940 2646; x_wconf 83' lang='lat' dir='ltr'><strong>pote-</strong></span> 
     </span>
    </p>
   </div>
   <div class='ocr_carea' id='block_1_27' title="bbox 345 2665 1936 2738">
    <p class='ocr_par' dir='ltr' id='par_1_27' title="bbox 345 2665 1936 2738">
     <span class='ocr_line' id='line_1_27' title="bbox 345 2665 1936 2738; baseline -0.001 -13"><span class='ocrx_word' id='word_1_211' title='bbox 345 2673 539 2725; x_wconf 83' lang='lat' dir='ltr'><strong>statem</strong></span> <span class='ocrx_word' id='word_1_212' title='bbox 569 2684 581 2720; x_wconf 91' lang='lat'><strong>:</strong></span> <span class='ocrx_word' id='word_1_213' title='bbox 616 2676 744 2722; x_wconf 85' lang='lat' dir='ltr'><strong>tunc</strong></span> <span class='ocrx_word' id='word_1_214' title='bbox 777 2665 1072 2738; x_wconf 84' lang='lat' dir='ltr'><strong>majoribus</strong></span> <span class='ocrx_word' id='word_1_215' title='bbox 1093 2667 1290 2723; x_wconf 85' lang='lat' dir='ltr'><strong>vestris</strong></span> <span class='ocrx_word' id='word_1_216' title='bbox 1314 2665 1554 2722; x_wconf 85' lang='lat' dir='ltr'><strong>venisset</strong></span> <span class='ocrx_word' id='word_1_217' title='bbox 1581 2667 1633 2720; x_wconf 91' lang='lat' dir='ltr'><strong>in</strong></span> <span class='ocrx_word' id='word_1_218' title='bbox 1665 2673 1900 2723; x_wconf 84' lang='lat' dir='ltr'><strong>mentem</strong></span> <span class='ocrx_word' id='word_1_219' title='bbox 1919 2707 1936 2735; x_wconf 92' lang='lat'><strong>,</strong></span> 
     </span>
    </p>
   </div>
   <div class='ocr_carea' id='block_1_28' title="bbox 345 2753 1936 2830">
    <p class='ocr_par' dir='ltr' id='par_1_28' title="bbox 345 2753 1936 2830">
     <span class='ocr_line' id='line_1_28' title="bbox 345 2753 1936 2830; baseline 0.001 -17"><span class='ocrx_word' id='word_1_220' title='bbox 345 2757 562 2830; x_wconf 86' lang='lat' dir='ltr'><strong>quando</strong></span> <span class='ocrx_word' id='word_1_221' title='bbox 601 2753 872 2814; x_wconf 68' lang='lat' dir='ltr'><strong>Cmciliani</strong></span> <span class='ocrx_word' id='word_1_222' title='bbox 917 2769 1140 2815; x_wconf 76' lang='lat' dir='ltr'><strong>&quot;causam</strong></span> <span class='ocrx_word' id='word_1_223' title='bbox 1174 2755 1242 2814; x_wconf 90' lang='lat' dir='ltr'><strong>ad</strong></span> <span class='ocrx_word' id='word_1_224' title='bbox 1286 2757 1628 2828; x_wconf 86' lang='lat' dir='ltr'><strong>imperatoris</strong></span> <span class='ocrx_word' id='word_1_225' title='bbox 1675 2755 1936 2828; x_wconf 83' lang='lat' dir='ltr'><strong>iudicium</strong></span> 
     </span>
    </p>
   </div>
   <div class='ocr_carea' id='block_1_29' title="bbox 344 2849 1936 2923">
    <p class='ocr_par' dir='ltr' id='par_1_29' title="bbox 344 2849 1936 2923">
     <span class='ocr_line' id='line_1_29' title="bbox 344 2849 1936 2923; baseline -0.001 -15"><span class='ocrx_word' id='word_1_226' title='bbox 344 2851 683 2908; x_wconf 80' lang='lat' dir='ltr'><strong>Cbnstantini</strong></span> <span class='ocrx_word' id='word_1_227' title='bbox 732 2851 1038 2908; x_wconf 85' lang='lat' dir='ltr'><strong>accusando</strong></span> <span class='ocrx_word' id='word_1_228' title='bbox 1081 2851 1365 2908; x_wconf 88' lang='lat' dir='ltr'><strong>miserunt.</strong></span> <span class='ocrx_word' id='word_1_229' title='bbox 1421 2849 1576 2907; x_wconf 80' lang='lat' dir='ltr'><strong>Nunc</strong></span> <span class='ocrx_word' id='word_1_230' title='bbox 1633 2853 1767 2907; x_wconf 85' lang='lat' dir='ltr'><strong>vero</strong></span> <span class='ocrx_word' id='word_1_231' title='bbox 1813 2852 1936 2923; x_wconf 85' lang='lat' dir='ltr'><strong>quia</strong></span> 
     </span>
    </p>
   </div>
   <div class='ocr_carea' id='block_1_30' title="bbox 341 2931 1935 3015">
    <p class='ocr_par' dir='ltr' id='par_1_30' title="bbox 341 2931 1935 3015">
     <span class='ocr_line' id='line_1_30' title="bbox 341 2931 1935 3015; baseline 0.001 -16"><span class='ocrx_word' id='word_1_232' title='bbox 341 2941 532 2999; x_wconf 86' lang='lat' dir='ltr'><strong>leones</strong></span> <span class='ocrx_word' id='word_1_233' title='bbox 575 2941 850 2999; x_wconf 82' lang='lat' dir='ltr'><strong>Danielem</strong></span> <span class='ocrx_word' id='word_1_234' title='bbox 901 2952 1123 3015; x_wconf 87' lang='lat' dir='ltr'><strong>propter</strong></span> <span class='ocrx_word' id='word_1_235' title='bbox 1148 2943 1514 2999; x_wconf 86' lang='lat' dir='ltr'><strong>innocentiam</strong></span> <span class='ocrx_word' id='word_1_236' title='bbox 1542 2957 1650 3000; x_wconf 92' lang='lat' dir='ltr'><strong>non</strong></span> <span class='ocrx_word' id='word_1_237' title='bbox 1678 2931 1935 3002; x_wconf 71' lang='lat' dir='ltr'><strong>laeserunt</strong></span> 
     </span>
    </p>
   </div>
   <div class='ocr_carea' id='block_1_31' title="bbox 342 3031 1932 3106">
    <p class='ocr_par' dir='ltr' id='par_1_31' title="bbox 342 3031 1932 3106">
     <span class='ocr_line' id='line_1_31' title="bbox 342 3031 1932 3106; baseline 0.003 -18"><span class='ocrx_word' id='word_1_238' title='bbox 342 3033 508 3106; x_wconf 81' lang='lat' dir='ltr'><strong>(Dan.</strong></span> <span class='ocrx_word' id='word_1_239' title='bbox 538 3047 610 3101; x_wconf 75' lang='lat' dir='ltr'><strong>v1,</strong></span> <span class='ocrx_word' id='word_1_240' title='bbox 649 3031 768 3105; x_wconf 77' lang='grc'><strong>22),</strong></span> <span class='ocrx_word' id='word_1_241' title='bbox 801 3033 960 3089; x_wconf 89' lang='lat' dir='ltr'><strong>vultis</strong></span> <span class='ocrx_word' id='word_1_242' title='bbox 983 3042 1047 3089; x_wconf 91' lang='lat' dir='ltr'><strong>ut</strong></span> <span class='ocrx_word' id='word_1_243' title='bbox 1077 3032 1182 3089; x_wconf 89' lang='lat' dir='ltr'><strong>illis</strong></span> <span class='ocrx_word' id='word_1_244' title='bbox 1221 3041 1424 3104; x_wconf 86' lang='lat' dir='ltr'><strong>pareat,</strong></span> <span class='ocrx_word' id='word_1_245' title='bbox 1456 3034 1550 3106; x_wconf 91' lang='lat' dir='ltr'><strong>qui</strong></span> <span class='ocrx_word' id='word_1_246' title='bbox 1579 3049 1700 3090; x_wconf 92' lang='lat' dir='ltr'><strong>eum</strong></span> <span class='ocrx_word' id='word_1_247' title='bbox 1728 3035 1932 3092; x_wconf 81' lang='lat' dir='ltr'><strong>calum-</strong></span> 
     </span>
    </p>
   </div>
   <div class='ocr_carea' id='block_1_32' title="bbox 339 3111 1936 3198">
    <p class='ocr_par' dir='ltr' id='par_1_32' title="bbox 339 3111 1936 3198">
     <span class='ocr_line' id='line_1_32' title="bbox 339 3111 1936 3198; baseline 0.001 -18"><span class='ocrx_word' id='word_1_248' title='bbox 339 3119 544 3180; x_wconf 88' lang='lat' dir='ltr'><strong>niando</strong></span> <span class='ocrx_word' id='word_1_249' title='bbox 569 3111 814 3179; x_wconf 86' lang='lat' dir='ltr'><strong>leonibus</strong></span> <span class='ocrx_word' id='word_1_250' title='bbox 841 3120 1201 3193; x_wconf 71' lang='lat' dir='ltr'><strong>obiecerunt?</strong></span> <span class='ocrx_word' id='word_1_251' title='bbox 1251 3121 1360 3181; x_wconf 84' lang='lat' dir='ltr'><strong>Sed</strong></span> <span class='ocrx_word' id='word_1_252' title='bbox 1388 3137 1498 3180; x_wconf 88' lang='lat' dir='ltr'><strong>non</strong></span> <span class='ocrx_word' id='word_1_253' title='bbox 1528 3132 1585 3182; x_wconf 90' lang='lat' dir='ltr'><strong>ut</strong></span> <span class='ocrx_word' id='word_1_254' title='bbox 1615 3124 1777 3182; x_wconf 89' lang='lat' dir='ltr'><strong>homo</strong></span> <span class='ocrx_word' id='word_1_255' title='bbox 1801 3125 1936 3198; x_wconf 87' lang='lat' dir='ltr'><strong>judi-</strong></span> 
     </span>
    </p>
   </div>
   <div class='ocr_carea' id='block_1_33' title="bbox 338 3211 1931 3288">
    <p class='ocr_par' dir='ltr' id='par_1_33' title="bbox 338 3211 1931 3288">
     <span class='ocr_line' id='line_1_33' title="bbox 338 3211 1931 3288; baseline 0.002 -17"><span class='ocrx_word' id='word_1_256' title='bbox 338 3221 429 3271; x_wconf 85' lang='lat' dir='ltr'><strong>cat</strong></span> <span class='ocrx_word' id='word_1_257' title='bbox 455 3214 633 3281; x_wconf 88' lang='lat' dir='ltr'><strong>Deus,</strong></span> <span class='ocrx_word' id='word_1_258' title='bbox 676 3212 730 3268; x_wconf 92' lang='lat' dir='ltr'><strong>in</strong></span> <span class='ocrx_word' id='word_1_259' title='bbox 761 3213 913 3285; x_wconf 86' lang='lat' dir='ltr'><strong>cujus</strong></span> <span class='ocrx_word' id='word_1_260' title='bbox 948 3225 1114 3270; x_wconf 89' lang='lat' dir='ltr'><strong>manu</strong></span> <span class='ocrx_word' id='word_1_261' title='bbox 1151 3225 1249 3271; x_wconf 89' lang='lat' dir='ltr'><strong>cor</strong></span> <span class='ocrx_word' id='word_1_262' title='bbox 1292 3213 1434 3287; x_wconf 73' lang='lat' dir='ltr'><strong>regis</strong></span> <span class='ocrx_word' id='word_1_263' title='bbox 1471 3211 1555 3272; x_wconf 82' lang='lat' dir='ltr'><strong>est</strong></span> <span class='ocrx_word' id='word_1_264' title='bbox 1577 3256 1597 3286; x_wconf 94' lang='lat'><strong>,</strong></span> <span class='ocrx_word' id='word_1_265' title='bbox 1625 3218 1806 3288; x_wconf 80' lang='lat' dir='ltr'><strong>etquo</strong></span> <span class='ocrx_word' id='word_1_266' title='bbox 1832 3223 1931 3274; x_wconf 83' lang='lat' dir='ltr'><strong>‘vo-</strong></span> 
     </span>
    </p>
   </div>
   <div class='ocr_carea' id='block_1_34' title="bbox 337 3295 1933 3380">
    <p class='ocr_par' dir='ltr' id='par_1_34' title="bbox 337 3295 1933 3380">
     <span class='ocr_line' id='line_1_34' title="bbox 337 3295 1933 3380; baseline 0.001 -18"><span class='ocrx_word' id='word_1_267' title='bbox 337 3306 500 3363; x_wconf 83' lang='lat' dir='ltr'><strong>luerit</strong></span> <span class='ocrx_word' id='word_1_268' title='bbox 526 3304 746 3362; x_wconf 85' lang='lat' dir='ltr'><strong>inclinat</strong></span> <span class='ocrx_word' id='word_1_269' title='bbox 767 3303 900 3361; x_wconf 92' lang='lat' dir='ltr'><strong>illud</strong></span> <span class='ocrx_word' id='word_1_270' title='bbox 924 3305 946 3377; x_wconf 90' lang='lat'><strong>(</strong></span> <span class='ocrx_word' id='word_1_271' title='bbox 971 3301 1130 3361; x_wconf 71' lang='lat' dir='ltr'><strong>Prov.</strong></span> <span class='ocrx_word' id='word_1_272' title='bbox 1159 3311 1250 3362; x_wconf 81' lang='lat' dir='ltr'><strong>xxi</strong></span> <span class='ocrx_word' id='word_1_273' title='bbox 1268 3348 1285 3376; x_wconf 95' lang='lat'><strong>,</strong></span> <span class='ocrx_word' id='word_1_274' title='bbox 1328 3303 1411 3378; x_wconf 76' lang='lat' dir='ltr'><strong>&#39;i).</strong></span> <span class='ocrx_word' id='word_1_275' title='bbox 1437 3295 1547 3364; x_wconf 84' lang='lat' dir='ltr'><strong>Cor</strong></span> <span class='ocrx_word' id='word_1_276' title='bbox 1570 3317 1750 3363; x_wconf 90' lang='lat' dir='ltr'><strong>autem</strong></span> <span class='ocrx_word' id='word_1_277' title='bbox 1791 3308 1933 3380; x_wconf 76' lang='lat' dir='ltr'><strong>regis</strong></span> 
     </span>
    </p>
   </div>
   <div class='ocr_carea' id='block_1_35' title="bbox 335 3398 1930 3472">
    <p class='ocr_par' dir='ltr' id='par_1_35' title="bbox 335 3398 1930 3472">
     <span class='ocr_line' id='line_1_35' title="bbox 335 3398 1930 3472; baseline 0.001 -16"><span class='ocrx_word' id='word_1_278' title='bbox 335 3413 460 3456; x_wconf 88' lang='lat' dir='ltr'><strong>cum</strong></span> <span class='ocrx_word' id='word_1_279' title='bbox 485 3401 568 3457; x_wconf 83' lang='lat' dir='ltr'><strong>est</strong></span> <span class='ocrx_word' id='word_1_280' title='bbox 595 3398 810 3456; x_wconf 82' lang='lat' dir='ltr'><strong>inﬁdele</strong></span> <span class='ocrx_word' id='word_1_281' title='bbox 831 3440 848 3466; x_wconf 90' lang='lat'><strong>,</strong></span> <span class='ocrx_word' id='word_1_282' title='bbox 877 3408 969 3455; x_wconf 88' lang='lat' dir='ltr'><strong>aut</strong></span> <span class='ocrx_word' id='word_1_283' title='bbox 1007 3403 1346 3466; x_wconf 80' lang='lat' dir='ltr'><strong>exercentur,</strong></span> <span class='ocrx_word' id='word_1_284' title='bbox 1383 3407 1476 3456; x_wconf 90' lang='lat' dir='ltr'><strong>aut</strong></span> <span class='ocrx_word' id='word_1_285' title='bbox 1513 3401 1805 3472; x_wconf 88' lang='lat' dir='ltr'><strong>probantur</strong></span> <span class='ocrx_word' id='word_1_286' title='bbox 1829 3399 1930 3458; x_wconf 89' lang='lat' dir='ltr'><strong>bo-</strong></span> 
     </span>
    </p>
   </div>
   <div class='ocr_carea' id='block_1_36' title="bbox 338 3489 1929 3566">
    <p class='ocr_par' dir='ltr' id='par_1_36' title="bbox 338 3489 1929 3566">
     <span class='ocr_line' id='line_1_36' title="bbox 338 3489 1929 3566; baseline 0.001 -17"><span class='ocrx_word' id='word_1_287' title='bbox 338 3492 398 3549; x_wconf 89' lang='lat' dir='ltr'><strong>ni</strong></span> <span class='ocrx_word' id='word_1_288' title='bbox 429 3511 443 3548; x_wconf 86' lang='lat'><strong>:</strong></span> <span class='ocrx_word' id='word_1_289' title='bbox 471 3503 592 3550; x_wconf 91' lang='lat' dir='ltr'><strong>cum</strong></span> <span class='ocrx_word' id='word_1_290' title='bbox 622 3495 749 3548; x_wconf 84' lang='lat' dir='ltr'><strong>vero</strong></span> <span class='ocrx_word' id='word_1_291' title='bbox 779 3500 862 3547; x_wconf 91' lang='lat' dir='ltr'><strong>est</strong></span> <span class='ocrx_word' id='word_1_292' title='bbox 891 3489 1059 3548; x_wconf 80' lang='lat' dir='ltr'><strong>ﬁdele</strong></span> <span class='ocrx_word' id='word_1_293' title='bbox 1083 3532 1101 3560; x_wconf 92' lang='lat'><strong>,</strong></span> <span class='ocrx_word' id='word_1_294' title='bbox 1151 3501 1245 3548; x_wconf 88' lang='lat' dir='ltr'><strong>aut</strong></span> <span class='ocrx_word' id='word_1_295' title='bbox 1289 3492 1636 3564; x_wconf 78' lang='lat' dir='ltr'><strong>corriguntur</strong></span> <span class='ocrx_word' id='word_1_296' title='bbox 1657 3534 1672 3561; x_wconf 93' lang='lat'><strong>,</strong></span> <span class='ocrx_word' id='word_1_297' title='bbox 1704 3503 1796 3549; x_wconf 83' lang='lat' dir='ltr'><strong>aut</strong></span> <span class='ocrx_word' id='word_1_298' title='bbox 1824 3494 1929 3566; x_wconf 88' lang='lat' dir='ltr'><strong>ple-</strong></span> 
     </span>
    </p>
   </div>
   <div class='ocr_carea' id='block_1_37' title="bbox 337 3579 1928 3656">
    <p class='ocr_par' dir='ltr' id='par_1_37' title="bbox 337 3579 1928 3656">
     <span class='ocr_line' id='line_1_37' title="bbox 337 3579 1928 3656; baseline 0.001 -15"><span class='ocrx_word' id='word_1_299' title='bbox 337 3594 560 3641; x_wconf 86' lang='lat' dir='ltr'><strong>ctuntur</strong></span> <span class='ocrx_word' id='word_1_300' title='bbox 595 3585 743 3640; x_wconf 88' lang='lat' dir='ltr'><strong>mali.</strong></span> <span class='ocrx_word' id='word_1_301' title='bbox 790 3583 994 3640; x_wconf 78' lang='lat' dir='ltr'><strong>ﬂorum</strong></span> <span class='ocrx_word' id='word_1_302' title='bbox 1038 3583 1268 3641; x_wconf 87' lang='lat' dir='ltr'><strong>duorum</strong></span> <span class='ocrx_word' id='word_1_303' title='bbox 1295 3579 1422 3656; x_wconf 89' lang='lat' dir='ltr'><strong>quid</strong></span> <span class='ocrx_word' id='word_1_304' title='bbox 1473 3586 1525 3640; x_wconf 91' lang='lat' dir='ltr'><strong>in</strong></span> <span class='ocrx_word' id='word_1_305' title='bbox 1564 3593 1742 3642; x_wconf 81' lang='lat' dir='ltr'><strong>vestra</strong></span> <span class='ocrx_word' id='word_1_306' title='bbox 1768 3599 1928 3644; x_wconf 89' lang='lat' dir='ltr'><strong>causa</strong></span> 
     </span>
    </p>
   </div>
   <div class='ocr_carea' id='block_1_38' title="bbox 337 3676 1929 3750">
    <p class='ocr_par' dir='ltr' id='par_1_38' title="bbox 337 3676 1929 3750">
     <span class='ocr_line' id='line_1_38' title="bbox 337 3676 1929 3750; baseline 0.003 -16"><span class='ocrx_word' id='word_1_307' title='bbox 337 3678 433 3748; x_wconf 87' lang='lat' dir='ltr'><strong>sit,</strong></span> <span class='ocrx_word' id='word_1_308' title='bbox 463 3679 593 3733; x_wconf 81' lang='lat' dir='ltr'><strong>satis</strong></span> <span class='ocrx_word' id='word_1_309' title='bbox 617 3679 727 3749; x_wconf 82' lang='lat' dir='ltr'><strong>jam</strong></span> <span class='ocrx_word' id='word_1_310' title='bbox 776 3676 1040 3745; x_wconf 85' lang='lat' dir='ltr'><strong>diximus,</strong></span> <span class='ocrx_word' id='word_1_311' title='bbox 1087 3679 1326 3750; x_wconf 81' lang='lat' dir='ltr'><strong>satisque</strong></span> <span class='ocrx_word' id='word_1_312' title='bbox 1370 3678 1568 3734; x_wconf 81' lang='lat' dir='ltr'><strong>litteris</strong></span> <span class='ocrx_word' id='word_1_313' title='bbox 1597 3680 1703 3735; x_wconf 87' lang='lat' dir='ltr'><strong>tuis</strong></span> <span class='ocrx_word' id='word_1_314' title='bbox 1729 3681 1929 3739; x_wconf 87' lang='lat' dir='ltr'><strong>nullius</strong></span> 
     </span>
    </p>
   </div>
   <div class='ocr_carea' id='block_1_39' title="bbox 336 3757 1930 3842">
    <p class='ocr_par' dir='ltr' id='par_1_39' title="bbox 336 3757 1930 3842">
     <span class='ocr_line' id='line_1_39' title="bbox 336 3757 1930 3842; baseline 0 -14"><span class='ocrx_word' id='word_1_315' title='bbox 336 3773 444 3828; x_wconf 90' lang='lat' dir='ltr'><strong>loci</strong></span> <span class='ocrx_word' id='word_1_316' title='bbox 485 3771 940 3842; x_wconf 62' lang='lat' dir='ltr'><strong>prastermissione</strong></span> <span class='ocrx_word' id='word_1_317' title='bbox 984 3757 1363 3842; x_wconf 77' lang='lat' dir='ltr'><strong>respondimus</strong></span> <span class='ocrx_word' id='word_1_318' title='bbox 1392 3789 1404 3824; x_wconf 91' lang='lat'><strong>:</strong></span> <span class='ocrx_word' id='word_1_319' title='bbox 1433 3769 1577 3842; x_wconf 85' lang='lat' dir='ltr'><strong>quod</strong></span> <span class='ocrx_word' id='word_1_320' title='bbox 1623 3773 1827 3829; x_wconf 88' lang='lat' dir='ltr'><strong>utinam</strong></span> <span class='ocrx_word' id='word_1_321' title='bbox 1873 3783 1930 3830; x_wconf 91' lang='lat' dir='ltr'><strong>et</strong></span> 
     </span>
    </p>
   </div>
   <div class='ocr_carea' id='block_1_40' title="bbox 337 3862 1928 3934">
    <p class='ocr_par' dir='ltr' id='par_1_40' title="bbox 337 3862 1928 3934">
     <span class='ocr_line' id='line_1_40' title="bbox 337 3862 1928 3934; baseline 0.001 -15"><span class='ocrx_word' id='word_1_322' title='bbox 337 3863 471 3928; x_wconf 87' lang='lat' dir='ltr'><strong>tibi,</strong></span> <span class='ocrx_word' id='word_1_323' title='bbox 507 3873 684 3917; x_wconf 88' lang='lat' dir='ltr'><strong>tamen</strong></span> <span class='ocrx_word' id='word_1_324' title='bbox 722 3862 990 3932; x_wconf 89' lang='lat' dir='ltr'><strong>aliquibus</strong></span> <span class='ocrx_word' id='word_1_325' title='bbox 1019 3865 1086 3918; x_wconf 75' lang='lat' dir='ltr'><strong>ex</strong></span> <span class='ocrx_word' id='word_1_326' title='bbox 1119 3863 1275 3919; x_wconf 73' lang='lat' dir='ltr'><strong>vobis</strong></span> <span class='ocrx_word' id='word_1_327' title='bbox 1310 3863 1646 3934; x_wconf 74' lang='lat' dir='ltr'><strong>profuturum</strong></span> <span class='ocrx_word' id='word_1_328' title='bbox 1674 3875 1795 3921; x_wconf 86' lang='lat' dir='ltr'><strong>esse</strong></span> <span class='ocrx_word' id='word_1_329' title='bbox 1819 3865 1928 3922; x_wconf 88' lang='lat' dir='ltr'><strong>Deo</strong></span> 
     </span>
    </p>
   </div>
   <div class='ocr_carea' id='block_1_41' title="bbox 337 3955 992 4014">
    <p class='ocr_par' dir='ltr' id='par_1_41' title="bbox 337 3955 992 4014">
     <span class='ocr_line' id='line_1_41' title="bbox 337 3955 992 4014; baseline -0.005 -1"><span class='ocrx_word' id='word_1_330' title='bbox 337 3957 631 4014; x_wconf 81' lang='lat' dir='ltr'><strong>miserante</strong></span> <span class='ocrx_word' id='word_1_331' title='bbox 651 3955 992 4012; x_wconf 82' lang='lat' dir='ltr'><strong>conﬁdimus.</strong></span> 
     </span>
    </p>
   </div>
   <div class='ocr_carea' id='block_1_42' title="bbox 403 4036 1923 4126">
    <p class='ocr_par' dir='ltr' id='par_1_42' title="bbox 403 4036 1923 4126">
     <span class='ocr_line' id='line_1_42' title="bbox 403 4036 1923 4126; baseline 0.001 -22"><span class='ocrx_word' id='word_1_332' title='bbox 403 4036 499 4104; x_wconf 62' lang='lat'><strong>34.</strong></span> <span class='ocrx_word' id='word_1_333' title='bbox 529 4045 610 4102; x_wconf 79' lang='lat' dir='ltr'><strong>Ad</strong></span> <span class='ocrx_word' id='word_1_334' title='bbox 637 4045 754 4103; x_wconf 63' lang='lat' dir='ltr'><strong>haec</strong></span> <span class='ocrx_word' id='word_1_335' title='bbox 779 4051 954 4102; x_wconf 87' lang='lat' dir='ltr'><strong>autem</strong></span> <span class='ocrx_word' id='word_1_336' title='bbox 980 4045 1026 4102; x_wconf 88' lang='lat' dir='ltr'><strong>&#39;si</strong></span> <span class='ocrx_word' id='word_1_337' title='bbox 1051 4045 1380 4126; x_wconf 83' lang='lat' dir='ltr'><strong>respondere</strong></span> <span class='ocrx_word' id='word_1_338' title='bbox 1405 4037 1606 4119; x_wconf 84' lang='lat' dir='ltr'><strong>aliquid</strong></span> <span class='ocrx_word' id='word_1_339' title='bbox 1633 4051 1923 4121; x_wconf 61' lang='lat' dir='ltr'><strong>praeparati,</strong></span> 
     </span>
    </p>
   </div>
   <div class='ocr_carea' id='block_1_43' title="bbox 333 4133 1927 4216">
    <p class='ocr_par' dir='ltr' id='par_1_43' title="bbox 333 4133 1927 4216">
     <span class='ocr_line' id='line_1_43' title="bbox 333 4133 1927 4216; baseline 0.001 -17"><span class='ocrx_word' id='word_1_340' title='bbox 333 4142 454 4214; x_wconf 77' lang='lat' dir='ltr'><strong>lege</strong></span> <span class='ocrx_word' id='word_1_341' title='bbox 482 4142 644 4197; x_wconf 88' lang='lat' dir='ltr'><strong>etiam</strong></span> <span class='ocrx_word' id='word_1_342' title='bbox 673 4140 767 4196; x_wconf 84' lang='lat' dir='ltr'><strong>illa</strong></span> <span class='ocrx_word' id='word_1_343' title='bbox 797 4156 918 4212; x_wconf 68' lang='lat' dir='ltr'><strong>quae</strong></span> <span class='ocrx_word' id='word_1_344' title='bbox 945 4141 1066 4197; x_wconf 89' lang='lat' dir='ltr'><strong>cum</strong></span> <span class='ocrx_word' id='word_1_345' title='bbox 1093 4133 1336 4198; x_wconf 68' lang='lat' dir='ltr'><strong>Eme‘rito</strong></span> <span class='ocrx_word' id='word_1_346' title='bbox 1367 4149 1489 4197; x_wconf 82' lang='lat' dir='ltr'><strong>acta</strong></span> <span class='ocrx_word' id='word_1_347' title='bbox 1530 4147 1690 4212; x_wconf 88' lang='lat' dir='ltr'><strong>sunt,</strong></span> <span class='ocrx_word' id='word_1_348' title='bbox 1733 4141 1927 4216; x_wconf 88' lang='lat' dir='ltr'><strong>quibus</strong></span> 
     </span>
    </p>
   </div>
   <div class='ocr_carea' id='block_1_44' title="bbox 335 4227 1925 4306">
    <p class='ocr_par' dir='ltr' id='par_1_44' title="bbox 335 4227 1925 4306">
     <span class='ocr_line' id='line_1_44' title="bbox 335 4227 1925 4306; baseline 0.003 -17"><span class='ocrx_word' id='word_1_349' title='bbox 335 4231 430 4289; x_wconf 83' lang='lat' dir='ltr'><strong>ille</strong></span> <span class='ocrx_word' id='word_1_350' title='bbox 457 4227 786 4303; x_wconf 83' lang='lat' dir='ltr'><strong>respondere</strong></span> <span class='ocrx_word' id='word_1_351' title='bbox 812 4233 918 4288; x_wconf 88' lang='lat' dir='ltr'><strong>non</strong></span> <span class='ocrx_word' id='word_1_352' title='bbox 966 4231 1173 4304; x_wconf 86' lang='lat' dir='ltr'><strong>potuit,</strong></span> <span class='ocrx_word' id='word_1_353' title='bbox 1201 4237 1272 4289; x_wconf 88' lang='lat' dir='ltr'><strong>ne</strong></span> <span class='ocrx_word' id='word_1_354' title='bbox 1314 4231 1452 4290; x_wconf 83' lang='lat' dir='ltr'><strong>forte</strong></span> <span class='ocrx_word' id='word_1_355' title='bbox 1481 4233 1536 4289; x_wconf 85' lang='lat' dir='ltr'><strong>tu</strong></span> <span class='ocrx_word' id='word_1_356' title='bbox 1562 4236 1756 4306; x_wconf 80' lang='lat' dir='ltr'><strong>pessis,</strong></span> <span class='ocrx_word' id='word_1_357' title='bbox 1787 4239 1925 4294; x_wconf 90' lang='lat' dir='ltr'><strong>sicut</strong></span> 
     </span>
    </p>
   </div>
   <div class='ocr_carea' id='block_1_45' title="bbox 330 4315 1919 4410">
    <p class='ocr_par' dir='ltr' id='par_1_45' title="bbox 330 4315 1919 4410">
     <span class='ocr_line' id='line_1_45' title="bbox 330 4315 1919 4410; baseline 0.004 -31"><span class='ocrx_word' id='word_1_358' title='bbox 330 4325 442 4398; x_wconf 83' lang='lat' dir='ltr'><strong>jam</strong></span> <span class='ocrx_word' id='word_1_359' title='bbox 472 4321 719 4395; x_wconf 82' lang='lat' dir='ltr'><strong>superius</strong></span> <span class='ocrx_word' id='word_1_360' title='bbox 748 4333 806 4380; x_wconf 92' lang='lat' dir='ltr'><strong>ut</strong></span> <span class='ocrx_word' id='word_1_361' title='bbox 836 4315 1158 4410; x_wconf 73' lang='lat' dir='ltr'><strong>e‘Xperireri&#39;s</strong></span> <span class='ocrx_word' id='word_1_362' title='bbox 1186 4324 1440 4381; x_wconf 82' lang='lat' dir='ltr'><strong>admOnui</strong></span> <span class='ocrx_word' id='word_1_363' title='bbox 1464 4323 1684 4399; x_wconf 84' lang='lat' dir='ltr'><strong>(Supra,</strong></span> <span class='ocrx_word' id='word_1_364' title='bbox 1712 4333 1764 4384; x_wconf 77' lang='lat' dir='ltr'><strong>rt.</strong></span> <span class='ocrx_word' id='word_1_365' title='bbox 1804 4328 1919 4404; x_wconf 72' lang='grc' dir='ltr'><strong>ιι).</strong></span> 
     </span>
    </p>
   </div>
   <div class='ocr_carea' id='block_1_46' title="bbox 333 4411 1912 4490">
    <p class='ocr_par' dir='ltr' id='par_1_46' title="bbox 333 4411 1912 4490">
     <span class='ocr_line' id='line_1_46' title="bbox 333 4411 1912 4490; baseline 0.003 -18"><span class='ocrx_word' id='word_1_366' title='bbox 333 4417 413 4473; x_wconf 90' lang='lat' dir='ltr'><strong>De</strong></span> <span class='ocrx_word' id='word_1_367' title='bbox 440 4431 600 4473; x_wconf 88' lang='lat' dir='ltr'><strong>causa</strong></span> <span class='ocrx_word' id='word_1_368' title='bbox 630 4416 792 4471; x_wconf 86' lang='lat' dir='ltr'><strong>etiam</strong></span> <span class='ocrx_word' id='word_1_369' title='bbox 840 4411 1356 4472; x_wconf 74' lang='lat' dir='ltr'><strong>Maximianistarum</strong></span> <span class='ocrx_word' id='word_1_370' title='bbox 1385 4432 1506 4473; x_wconf 91' lang='lat' dir='ltr'><strong>cum</strong></span> <span class='ocrx_word' id='word_1_371' title='bbox 1558 4419 1651 4475; x_wconf 91' lang='lat' dir='ltr'><strong>illo</strong></span> <span class='ocrx_word' id='word_1_372' title='bbox 1685 4421 1912 4490; x_wconf 80' lang='lat' dir='ltr'><strong>egimus,</strong></span> 
     </span>
    </p>
   </div>
   <div class='ocr_carea' id='block_1_47' title="bbox 332 4501 1923 4584">
    <p class='ocr_par' dir='ltr' id='par_1_47' title="bbox 332 4501 1923 4584">
     <span class='ocr_line' id='line_1_47' title="bbox 332 4501 1923 4584; baseline 0.001 -17"><span class='ocrx_word' id='word_1_373' title='bbox 332 4510 402 4567; x_wconf 88' lang='lat' dir='ltr'><strong>de</strong></span> <span class='ocrx_word' id='word_1_374' title='bbox 430 4526 536 4584; x_wconf 88' lang='lat' dir='ltr'><strong>qua</strong></span> <span class='ocrx_word' id='word_1_375' title='bbox 565 4524 596 4564; x_wconf 89' lang='lat' dir='ltr'><strong>a</strong></span> <span class='ocrx_word' id='word_1_376' title='bbox 623 4507 777 4564; x_wconf 86' lang='lat' dir='ltr'><strong>nobis</strong></span> <span class='ocrx_word' id='word_1_377' title='bbox 825 4505 876 4562; x_wconf 90' lang='lat' dir='ltr'><strong>in</strong></span> <span class='ocrx_word' id='word_1_378' title='bbox 908 4507 1208 4566; x_wconf 79' lang='lat' dir='ltr'><strong>CollatiOne</strong></span> <span class='ocrx_word' id='word_1_379' title='bbox 1244 4510 1400 4567; x_wconf 78' lang='lat' dir='ltr'><strong>tbties</strong></span> <span class='ocrx_word' id='word_1_380' title='bbox 1423 4501 1576 4567; x_wconf 81' lang='lat' dir='ltr'><strong>vobis</strong></span> <span class='ocrx_word' id='word_1_381' title='bbox 1603 4511 1811 4583; x_wconf 89' lang='lat' dir='ltr'><strong>objecta</strong></span> <span class='ocrx_word' id='word_1_382' title='bbox 1840 4515 1923 4570; x_wconf 92' lang='lat' dir='ltr'><strong>ni-</strong></span> 
     </span>
    </p>
   </div>
   <div class='ocr_carea' id='block_1_48' title="bbox 333 4593 1916 4672">
    <p class='ocr_par' dir='ltr' id='par_1_48' title="bbox 333 4593 1916 4672">
     <span class='ocr_line' id='line_1_48' title="bbox 333 4593 1916 4672; baseline 0.003 -14"><span class='ocrx_word' id='word_1_383' title='bbox 333 4599 407 4658; x_wconf 89' lang='lat' dir='ltr'><strong>hil</strong></span> <span class='ocrx_word' id='word_1_384' title='bbox 456 4599 828 4671; x_wconf 87' lang='lat' dir='ltr'><strong>respondistis,</strong></span> <span class='ocrx_word' id='word_1_385' title='bbox 874 4593 1127 4672; x_wconf 73' lang='lat' dir='ltr'><strong>quoniam</strong></span> <span class='ocrx_word' id='word_1_386' title='bbox 1175 4597 1245 4657; x_wconf 85' lang='lat' dir='ltr'><strong>de</strong></span> <span class='ocrx_word' id='word_1_387' title='bbox 1274 4607 1333 4656; x_wconf 84' lang='lat' dir='ltr'><strong>re</strong></span> <span class='ocrx_word' id='word_1_388' title='bbox 1379 4599 1816 4659; x_wconf 80' lang='lat' dir='ltr'><strong>manifestissima</strong></span> <span class='ocrx_word' id='word_1_389' title='bbox 1862 4614 1916 4662; x_wconf 91' lang='lat' dir='ltr'><strong>et</strong></span> 
     </span>
    </p>
   </div>
   <div class='ocr_carea' id='block_1_49' title="bbox 330 4693 1919 4770">
    <p class='ocr_par' dir='ltr' id='par_1_49' title="bbox 330 4693 1919 4770">
     <span class='ocr_line' id='line_1_49' title="bbox 330 4693 1919 4770; baseline 0.001 -18"><span class='ocrx_word' id='word_1_390' title='bbox 330 4695 702 4752; x_wconf 78' lang='lat' dir='ltr'><strong>recentissima</strong></span> <span class='ocrx_word' id='word_1_391' title='bbox 746 4693 877 4749; x_wconf 83' lang='lat' dir='ltr'><strong>nihil</strong></span> <span class='ocrx_word' id='word_1_392' title='bbox 903 4693 1044 4765; x_wconf 87' lang='lat' dir='ltr'><strong>quod</strong></span> <span class='ocrx_word' id='word_1_393' title='bbox 1086 4693 1470 4766; x_wconf 82' lang='lat' dir='ltr'><strong>reSponderitis</strong></span> <span class='ocrx_word' id='word_1_394' title='bbox 1500 4696 1783 4754; x_wconf 58' lang='lat' dir='ltr'><strong>“invenire</strong></span> <span class='ocrx_word' id='word_1_395' title='bbox 1821 4714 1919 4770; x_wconf 91' lang='lat' dir='ltr'><strong>po-</strong></span> 
     </span>
    </p>
   </div>
   <div class='ocr_carea' id='block_1_50' title="bbox 331 4785 1920 4861">
    <p class='ocr_par' dir='ltr' id='par_1_50' title="bbox 331 4785 1920 4861">
     <span class='ocr_line' id='line_1_50' title="bbox 331 4785 1920 4861; baseline 0.002 -17"><span class='ocrx_word' id='word_1_396' title='bbox 331 4788 546 4854; x_wconf 87' lang='lat' dir='ltr'><strong>tuistis,</strong></span> <span class='ocrx_word' id='word_1_397' title='bbox 578 4785 847 4860; x_wconf 90' lang='lat' dir='ltr'><strong>quomodo</strong></span> <span class='ocrx_word' id='word_1_398' title='bbox 893 4788 1247 4844; x_wconf 78' lang='lat' dir='ltr'><strong>Maximianus</strong></span> <span class='ocrx_word' id='word_1_399' title='bbox 1283 4793 1441 4860; x_wconf 87' lang='lat' dir='ltr'><strong>quem</strong></span> <span class='ocrx_word' id='word_1_400' title='bbox 1470 4790 1638 4845; x_wconf 91' lang='lat' dir='ltr'><strong>multo</strong></span> <span class='ocrx_word' id='word_1_401' title='bbox 1675 4793 1920 4861; x_wconf 78' lang='lat' dir='ltr'><strong>graviOre</strong></span> 
     </span>
    </p>
   </div>
   <div class='ocr_carea' id='block_1_51' title="bbox 330 4879 1920 4952">
    <p class='ocr_par' dir='ltr' id='par_1_51' title="bbox 330 4879 1920 4952">
     <span class='ocr_line' id='line_1_51' title="bbox 330 4879 1920 4952; baseline 0.003 -19"><span class='ocrx_word' id='word_1_402' title='bbox 330 4896 490 4951; x_wconf 90' lang='lat' dir='ltr'><strong>quam</strong></span> <span class='ocrx_word' id='word_1_403' title='bbox 512 4879 851 4938; x_wconf 83' lang='lat' dir='ltr'><strong>Caecilianum</strong></span> <span class='ocrx_word' id='word_1_404' title='bbox 876 4880 1136 4936; x_wconf 85' lang='lat' dir='ltr'><strong>sententia</strong></span> <span class='ocrx_word' id='word_1_405' title='bbox 1159 4880 1519 4952; x_wconf 82' lang='lat' dir='ltr'><strong>percussistis,</strong></span> <span class='ocrx_word' id='word_1_406' title='bbox 1536 4879 1607 4936; x_wconf 82' lang='lat' dir='ltr'><strong>ita</strong></span> <span class='ocrx_word' id='word_1_407' title='bbox 1639 4887 1696 4936; x_wconf 93' lang='lat' dir='ltr'><strong>ut</strong></span> <span class='ocrx_word' id='word_1_408' title='bbox 1714 4881 1920 4938; x_wconf 88' lang='lat' dir='ltr'><strong>dicere-</strong></span> 
     </span>
    </p>
   </div>
   <div class='ocr_carea' id='block_1_52' title="bbox 333 4973 1919 5047">
    <p class='ocr_par' dir='ltr' id='par_1_52' title="bbox 333 4973 1919 5047">
     <span class='ocr_line' id='line_1_52' title="bbox 333 4973 1919 5047; baseline 0.002 -18"><span class='ocrx_word' id='word_1_409' title='bbox 333 4974 404 5030; x_wconf 88' lang='lat' dir='ltr'><strong>tis</strong></span> <span class='ocrx_word' id='word_1_410' title='bbox 433 4991 553 5028; x_wconf 91' lang='lat' dir='ltr'><strong>cum</strong></span> <span class='ocrx_word' id='word_1_411' title='bbox 587 4973 790 5042; x_wconf 74' lang='lat' dir='ltr'><strong>Datbze,</strong></span> <span class='ocrx_word' id='word_1_412' title='bbox 812 4975 1009 5043; x_wconf 85' lang='lat' dir='ltr'><strong>Cbore,</strong></span> <span class='ocrx_word' id='word_1_413' title='bbox 1040 4983 1094 5032; x_wconf 88' lang='lat' dir='ltr'><strong>et</strong></span> <span class='ocrx_word' id='word_1_414' title='bbox 1115 4974 1315 5032; x_wconf 85' lang='lat' dir='ltr'><strong>Abiron</strong></span> <span class='ocrx_word' id='word_1_415' title='bbox 1347 4975 1650 5030; x_wconf 89' lang='lat' dir='ltr'><strong>ministrum</strong></span> <span class='ocrx_word' id='word_1_416' title='bbox 1676 4974 1786 5047; x_wconf 87' lang='grc' dir='ltr'><strong>(1η</strong></span> <span class='ocrx_word' id='word_1_417' title='bbox 1805 4993 1919 5032; x_wconf 82' lang='lat' dir='ltr'><strong>sen-</strong></span> 
     </span>
    </p>
   </div>
   <div class='ocr_carea' id='block_1_53' title="bbox 335 5065 1916 5141">
    <p class='ocr_par' dir='ltr' id='par_1_53' title="bbox 335 5065 1916 5141">
     <span class='ocr_line' id='line_1_53' title="bbox 335 5065 1916 5141; baseline 0.001 -19"><span class='ocrx_word' id='word_1_418' title='bbox 335 5066 492 5122; x_wconf 79' lang='lat' dir='ltr'><strong>tentia</strong></span> <span class='ocrx_word' id='word_1_419' title='bbox 513 5065 725 5123; x_wconf 84' lang='lat' dir='ltr'><strong>Concilii</strong></span> <span class='ocrx_word' id='word_1_420' title='bbox 750 5068 1095 5141; x_wconf 83' lang='lat' dir='ltr'><strong>Bagaiensis),</strong></span> <span class='ocrx_word' id='word_1_421' title='bbox 1131 5083 1264 5140; x_wconf 85' lang='lat' dir='ltr'><strong>quos</strong></span> <span class='ocrx_word' id='word_1_422' title='bbox 1290 5083 1388 5141; x_wconf 91' lang='lat' dir='ltr'><strong>pro</strong></span> <span class='ocrx_word' id='word_1_423' title='bbox 1415 5066 1622 5124; x_wconf 70' lang='lat' dir='ltr'><strong>seele‘r’e</strong></span> <span class='ocrx_word' id='word_1_424' title='bbox 1652 5066 1916 5123; x_wconf 87' lang='lat' dir='ltr'><strong>schisma-</strong></span> 
     </span>
    </p>
   </div>
   <div class='ocr_carea' id='block_1_54' title="bbox 327 5155 1920 5232">
    <p class='ocr_par' dir='ltr' id='par_1_54' title="bbox 327 5155 1920 5232">
     <span class='ocr_line' id='line_1_54' title="bbox 327 5155 1920 5232; baseline -0.001 -16"><span class='ocrx_word' id='word_1_425' title='bbox 327 5159 399 5216; x_wconf 89' lang='lat' dir='ltr'><strong>tis</strong></span> <span class='ocrx_word' id='word_1_426' title='bbox 427 5160 577 5216; x_wconf 81' lang='lat' dir='ltr'><strong>vivos</strong></span> <span class='ocrx_word' id='word_1_427' title='bbox 605 5167 748 5216; x_wconf 88' lang='lat' dir='ltr'><strong>terra</strong></span> <span class='ocrx_word' id='word_1_428' title='bbox 794 5155 1298 5232; x_wconf 78' lang='lat' dir='ltr'><strong>deglutivit(Num.</strong></span> <span class='ocrx_word' id='word_1_429' title='bbox 1352 5158 1493 5231; x_wconf 76' lang='lat' dir='ltr'><strong>xvr),</strong></span> <span class='ocrx_word' id='word_1_430' title='bbox 1539 5159 1644 5216; x_wconf 83' lang='lat' dir='ltr'><strong>non</strong></span> <span class='ocrx_word' id='word_1_431' title='bbox 1673 5159 1920 5231; x_wconf 87' lang='lat' dir='ltr'><strong>polluerit</strong></span> 
     </span>
    </p>
   </div>
   <div class='ocr_carea' id='block_1_55' title="bbox 1338 227 2634 314">
    <p class='ocr_par' dir='ltr' id='par_1_55' title="bbox 1338 227 2634 314">
     <span class='ocr_line' id='line_1_55' title="bbox 1338 227 2634 314; baseline 0.005 -14"><span class='ocrx_word' id='word_1_432' title='bbox 1338 240 1614 301; x_wconf 79' lang='lat' dir='ltr'><strong>CONTRA</strong></span> <span class='ocrx_word' id='word_1_433' title='bbox 1653 227 2127 314; x_wconf 72' lang='lat' dir='ltr'><strong>GAUBENTIUM,</strong></span> <span class='ocrx_word' id='word_1_434' title='bbox 2167 241 2226 300; x_wconf 90' lang='lat' dir='ltr'><strong>s.</strong></span> <span class='ocrx_word' id='word_1_435' title='bbox 2267 245 2634 309; x_wconf 72' lang='lat' dir='ltr'><strong>aucusrtm</strong></span> 
     </span>
    </p>
   </div>
   <div class='ocr_carea' id='block_1_56' title="bbox 2082 365 3675 449">
    <p class='ocr_par' dir='ltr' id='par_1_56' title="bbox 2082 365 3675 449">
     <span class='ocr_line' id='line_1_56' title="bbox 2082 365 3675 449; baseline 0.006 -24"><span class='ocrx_word' id='word_1_436' title='bbox 2082 365 2357 428; x_wconf 81' lang='lat' dir='ltr'><strong>consortes</strong></span> <span class='ocrx_word' id='word_1_437' title='bbox 2382 371 2687 432; x_wconf 87' lang='lat' dir='ltr'><strong>schismatis</strong></span> <span class='ocrx_word' id='word_1_438' title='bbox 2707 375 2788 433; x_wconf 81' lang='lat' dir='ltr'><strong>sui</strong></span> <span class='ocrx_word' id='word_1_439' title='bbox 2806 417 2822 444; x_wconf 92' lang='lat'><strong>,</strong></span> <span class='ocrx_word' id='word_1_440' title='bbox 2861 373 3052 449; x_wconf 81' lang='lat' dir='ltr'><strong>quibus</strong></span> <span class='ocrx_word' id='word_1_441' title='bbox 3076 375 3146 436; x_wconf 81' lang='lat' dir='ltr'><strong>ut</strong></span> <span class='ocrx_word' id='word_1_442' title='bbox 3161 374 3229 437; x_wconf 83' lang='lat' dir='ltr'><strong>ad</strong></span> <span class='ocrx_word' id='word_1_443' title='bbox 3249 381 3494 438; x_wconf 69' lang='lat' dir='ltr'><strong>ve.st</strong></span> <span class='ocrx_word' id='word_1_444' title='bbox 3525 383 3675 435; x_wconf 84' lang='lat' dir='ltr'><strong>com-</strong></span> 
     </span>
    </p>
   </div>
   <div class='ocr_carea' id='block_1_57' title="bbox 2074 455 3665 544">
    <p class='ocr_par' dir='ltr' id='par_1_57' title="bbox 2074 455 3665 544">
     <span class='ocr_line' id='line_1_57' title="bbox 2074 455 3665 544; baseline 0.006 -26"><span class='ocrx_word' id='word_1_445' title='bbox 2074 463 2380 520; x_wconf 89' lang='lat' dir='ltr'><strong>munionem</strong></span> <span class='ocrx_word' id='word_1_446' title='bbox 2409 467 2665 533; x_wconf 89' lang='lat' dir='ltr'><strong>redirent,</strong></span> <span class='ocrx_word' id='word_1_447' title='bbox 2694 455 3002 526; x_wconf 82' lang='lat' dir='ltr'><strong>dilationem</strong></span> <span class='ocrx_word' id='word_1_448' title='bbox 3026 461 3270 541; x_wconf 86' lang='lat' dir='ltr'><strong>dedistis,</strong></span> <span class='ocrx_word' id='word_1_449' title='bbox 3299 483 3414 529; x_wconf 85' lang='lat' dir='ltr'><strong>non</strong></span> <span class='ocrx_word' id='word_1_450' title='bbox 3445 467 3665 544; x_wconf 87' lang='lat' dir='ltr'><strong>pollue-</strong></span> 
     </span>
    </p>
   </div>
   <div class='ocr_carea' id='block_1_58' title="bbox 2071 546 3678 637">
    <p class='ocr_par' dir='ltr' id='par_1_58' title="bbox 2071 546 3678 637">
     <span class='ocr_line' id='line_1_58' title="bbox 2071 546 3678 637; baseline 0.007 -25"><span class='ocrx_word' id='word_1_451' title='bbox 2071 553 2143 612; x_wconf 88' lang='lat' dir='ltr'><strong>rit</strong></span> <span class='ocrx_word' id='word_1_452' title='bbox 2179 556 2309 614; x_wconf 85' lang='lat' dir='ltr'><strong>Afer</strong></span> <span class='ocrx_word' id='word_1_453' title='bbox 2354 546 2514 615; x_wconf 76' lang='lat' dir='ltr'><strong>Al‘ros</strong></span> <span class='ocrx_word' id='word_1_454' title='bbox 2536 602 2552 628; x_wconf 92' lang='lat'><strong>,</strong></span> <span class='ocrx_word' id='word_1_455' title='bbox 2583 561 2734 618; x_wconf 78' lang='lat' dir='ltr'><strong>‘vivus</strong></span> <span class='ocrx_word' id='word_1_456' title='bbox 2776 562 2943 630; x_wconf 85' lang='lat' dir='ltr'><strong>vivos,</strong></span> <span class='ocrx_word' id='word_1_457' title='bbox 2989 571 3150 621; x_wconf 90' lang='lat' dir='ltr'><strong>notus</strong></span> <span class='ocrx_word' id='word_1_458' title='bbox 3189 563 3370 632; x_wconf 73' lang='lat' dir='ltr'><strong>natos,</strong></span> <span class='ocrx_word' id='word_1_459' title='bbox 3402 566 3678 637; x_wconf 80' lang='lat' dir='ltr'><strong>particeps</strong></span> 
     </span>
    </p>
   </div>
   <div class='ocr_carea' id='block_1_59' title="bbox 2071 650 3676 732">
    <p class='ocr_par' dir='ltr' id='par_1_59' title="bbox 2071 650 3676 732">
     <span class='ocr_line' id='line_1_59' title="bbox 2071 650 3676 732; baseline 0.008 -27"><span class='ocrx_word' id='word_1_460' title='bbox 2071 650 2247 707; x_wconf 79' lang='lat' dir='ltr'><strong>secius</strong></span> <span class='ocrx_word' id='word_1_461' title='bbox 2266 668 2281 717; x_wconf 89' lang='lat'><strong>;</strong></span> <span class='ocrx_word' id='word_1_462' title='bbox 2301 657 2355 708; x_wconf 85' lang='lat' dir='ltr'><strong>et</strong></span> <span class='ocrx_word' id='word_1_463' title='bbox 2372 653 2690 711; x_wconf 73' lang='lat' dir='ltr'><strong>Caecilianus</strong></span> <span class='ocrx_word' id='word_1_464' title='bbox 2715 655 2965 728; x_wconf 81' lang='lat' dir='ltr'><strong>pellue&#39;rit</strong></span> <span class='ocrx_word' id='word_1_465' title='bbox 2979 660 3391 728; x_wconf 85' lang='lat' dir='ltr'><strong>transmarinos,</strong></span> <span class='ocrx_word' id='word_1_466' title='bbox 3421 660 3676 732; x_wconf 87' lang='lat' dir='ltr'><strong>polluerit</strong></span> 
     </span>
    </p>
   </div>
   <div class='ocr_carea' id='block_1_60' title="bbox 2071 741 3676 828">
    <p class='ocr_par' dir='ltr' id='par_1_60' title="bbox 2071 741 3676 828">
     <span class='ocr_line' id='line_1_60' title="bbox 2071 741 3676 828; baseline 0.009 -31"><span class='ocrx_word' id='word_1_467' title='bbox 2071 741 2227 814; x_wconf 79' lang='lat' dir='ltr'><strong>longe</strong></span> <span class='ocrx_word' id='word_1_468' title='bbox 2251 745 2455 828; x_wconf 81' lang='lat' dir='ltr'><strong>pasitos</strong></span> <span class='ocrx_word' id='word_1_469' title='bbox 2483 788 2499 815; x_wconf 92' lang='lat'><strong>,</strong></span> <span class='ocrx_word' id='word_1_470' title='bbox 2557 747 2807 818; x_wconf 85' lang='lat' dir='ltr'><strong>polluerit</strong></span> <span class='ocrx_word' id='word_1_471' title='bbox 2837 749 3049 820; x_wconf 75' lang='lat' dir='ltr'><strong>igneios</strong></span> <span class='ocrx_word' id='word_1_472' title='bbox 3074 791 3092 819; x_wconf 93' lang='lat'><strong>,</strong></span> <span class='ocrx_word' id='word_1_473' title='bbox 3123 752 3378 824; x_wconf 88' lang='lat' dir='ltr'><strong>polluerit</strong></span> <span class='ocrx_word' id='word_1_474' title='bbox 3430 753 3676 813; x_wconf 84' lang='lat' dir='ltr'><strong>nondum</strong></span> 
     </span>
    </p>
   </div>
   <div class='ocr_carea' id='block_1_61' title="bbox 2071 833 3674 918">
    <p class='ocr_par' dir='ltr' id='par_1_61' title="bbox 2071 833 3674 918">
     <span class='ocr_line' id='line_1_61' title="bbox 2071 833 3674 918; baseline 0.006 -25"><span class='ocrx_word' id='word_1_475' title='bbox 2071 839 2246 894; x_wconf 80' lang='lat' dir='ltr'><strong>natas.</strong></span> <span class='ocrx_word' id='word_1_476' title='bbox 2271 833 2475 908; x_wconf 81' lang='lat' dir='ltr'><strong>inveni,</strong></span> <span class='ocrx_word' id='word_1_477' title='bbox 2509 841 2553 899; x_wconf 90' lang='lat' dir='ltr'><strong>si</strong></span> <span class='ocrx_word' id='word_1_478' title='bbox 2585 845 2739 913; x_wconf 87' lang='lat' dir='ltr'><strong>potes</strong></span> <span class='ocrx_word' id='word_1_479' title='bbox 2762 886 2778 911; x_wconf 92' lang='lat'><strong>,</strong></span> <span class='ocrx_word' id='word_1_480' title='bbox 2820 843 2950 916; x_wconf 90' lang='lat' dir='ltr'><strong>quid</strong></span> <span class='ocrx_word' id='word_1_481' title='bbox 2976 843 3142 914; x_wconf 87' lang='lat' dir='ltr'><strong>dicas,</strong></span> <span class='ocrx_word' id='word_1_482' title='bbox 3174 847 3458 918; x_wconf 89' lang='lat' dir='ltr'><strong>quomodo</strong></span> <span class='ocrx_word' id='word_1_483' title='bbox 3489 863 3674 904; x_wconf 83' lang='lat' dir='ltr'><strong>susce-</strong></span> 
     </span>
    </p>
   </div>
   <div class='ocr_carea' id='block_1_62' title="bbox 2068 923 3672 1005">
    <p class='ocr_par' dir='ltr' id='par_1_62' title="bbox 2068 923 3672 1005">
     <span class='ocr_line' id='line_1_62' title="bbox 2068 923 3672 1005; baseline 0.009 -23"><span class='ocrx_word' id='word_1_484' title='bbox 2068 928 2258 999; x_wconf 74' lang='lat' dir='ltr'><strong>péritis</strong></span> <span class='ocrx_word' id='word_1_485' title='bbox 2297 925 2556 987; x_wconf 79' lang='lat' dir='ltr'><strong>honorem</strong></span> <span class='ocrx_word' id='word_1_486' title='bbox 2607 923 2864 990; x_wconf 76' lang='lat' dir='ltr'><strong>Felieiani</strong></span> <span class='ocrx_word' id='word_1_487' title='bbox 2906 923 3209 1005; x_wconf 74' lang='lat' dir='ltr'><strong>Mustitani,</strong></span> <span class='ocrx_word' id='word_1_488' title='bbox 3258 948 3312 994; x_wconf 90' lang='lat' dir='ltr'><strong>et</strong></span> <span class='ocrx_word' id='word_1_489' title='bbox 3352 937 3672 996; x_wconf 63' lang='lat' dir='ltr'><strong>Prtetextati</strong></span> 
     </span>
    </p>
   </div>
   <div class='ocr_carea' id='block_1_63' title="bbox 2066 1015 3670 1093">
    <p class='ocr_par' dir='ltr' id='par_1_63' title="bbox 2066 1015 3670 1093">
     <span class='ocr_line' id='line_1_63' title="bbox 2066 1015 3670 1093; baseline 0.007 -19"><span class='ocrx_word' id='word_1_490' title='bbox 2066 1017 2387 1086; x_wconf 83' lang='lat' dir='ltr'><strong>Assuritani,</strong></span> <span class='ocrx_word' id='word_1_491' title='bbox 2421 1021 2556 1093; x_wconf 80' lang='lat' dir='ltr'><strong>quos</strong></span> <span class='ocrx_word' id='word_1_492' title='bbox 2585 1025 2706 1079; x_wconf 82' lang='lat' dir='ltr'><strong>eum</strong></span> <span class='ocrx_word' id='word_1_493' title='bbox 2753 1015 3076 1083; x_wconf 69' lang='lat' dir='ltr'><strong>MaXimiano</strong></span> <span class='ocrx_word' id='word_1_494' title='bbox 3102 1035 3157 1084; x_wconf 90' lang='lat' dir='ltr'><strong>et</strong></span> <span class='ocrx_word' id='word_1_495' title='bbox 3182 1028 3303 1086; x_wconf 91' lang='lat' dir='ltr'><strong>aliis</strong></span> <span class='ocrx_word' id='word_1_496' title='bbox 3327 1027 3533 1086; x_wconf 79' lang='lat' dir='ltr'><strong>decem</strong></span> <span class='ocrx_word' id='word_1_497' title='bbox 3563 1031 3670 1086; x_wconf 85' lang='lat' dir='ltr'><strong>sine</strong></span> 
     </span>
    </p>
   </div>
   <div class='ocr_carea' id='block_1_64' title="bbox 2065 1103 3668 1192">
    <p class='ocr_par' dir='ltr' id='par_1_64' title="bbox 2065 1103 3668 1192">
     <span class='ocr_line' id='line_1_64' title="bbox 2065 1103 3668 1192; baseline 0.009 -26"><span class='ocrx_word' id='word_1_498' title='bbox 2065 1107 2172 1166; x_wconf 90' lang='lat' dir='ltr'><strong>ulla</strong></span> <span class='ocrx_word' id='word_1_499' title='bbox 2197 1103 2450 1170; x_wconf 87' lang='lat' dir='ltr'><strong>dilatione</strong></span> <span class='ocrx_word' id='word_1_500' title='bbox 2476 1115 2788 1186; x_wconf 87' lang='lat' dir='ltr'><strong>damnastis,</strong></span> <span class='ocrx_word' id='word_1_501' title='bbox 2825 1125 3014 1176; x_wconf 88' lang='lat' dir='ltr'><strong>contra</strong></span> <span class='ocrx_word' id='word_1_502' title='bbox 3061 1123 3216 1192; x_wconf 69' lang='lat' dir='ltr'><strong>q’uo&#39;s,</strong></span> <span class='ocrx_word' id='word_1_503' title='bbox 3242 1127 3302 1178; x_wconf 90' lang='lat' dir='ltr'><strong>ut</strong></span> <span class='ocrx_word' id='word_1_504' title='bbox 3347 1139 3448 1179; x_wconf 90' lang='lat' dir='ltr'><strong>eos</strong></span> <span class='ocrx_word' id='word_1_505' title='bbox 3476 1121 3554 1180; x_wconf 88' lang='lat' dir='ltr'><strong>de</strong></span> <span class='ocrx_word' id='word_1_506' title='bbox 3582 1119 3668 1179; x_wconf 78' lang='lat' dir='ltr'><strong>ba-</strong></span> 
     </span>
    </p>
   </div>
   <div class='ocr_carea' id='block_1_65' title="bbox 2064 1199 3668 1286">
    <p class='ocr_par' dir='ltr' id='par_1_65' title="bbox 2064 1199 3668 1286">
     <span class='ocr_line' id='line_1_65' title="bbox 2064 1199 3668 1286; baseline 0.009 -28"><span class='ocrx_word' id='word_1_507' title='bbox 2064 1199 2231 1261; x_wconf 87' lang='lat' dir='ltr'><strong>silicis</strong></span> <span class='ocrx_word' id='word_1_508' title='bbox 2258 1205 2550 1276; x_wconf 90' lang='lat' dir='ltr'><strong>pelleretis,</strong></span> <span class='ocrx_word' id='word_1_509' title='bbox 2582 1207 2723 1279; x_wconf 88' lang='lat' dir='ltr'><strong>apud</strong></span> <span class='ocrx_word' id='word_1_510' title='bbox 2753 1207 2906 1278; x_wconf 86' lang='lat' dir='ltr'><strong>duos,</strong></span> <span class='ocrx_word' id='word_1_511' title='bbox 2939 1213 3026 1270; x_wconf 76' lang='lat' dir='ltr'><strong>vel</strong></span> <span class='ocrx_word' id='word_1_512' title='bbox 3056 1213 3158 1270; x_wconf 80' lang='lat' dir='ltr'><strong>nisi</strong></span> <span class='ocrx_word' id='word_1_513' title='bbox 3176 1213 3355 1282; x_wconf 78' lang='lat' dir='ltr'><strong>fallor,</strong></span> <span class='ocrx_word' id='word_1_514' title='bbox 3382 1215 3540 1286; x_wconf 88' lang='lat' dir='ltr'><strong>apud</strong></span> <span class='ocrx_word' id='word_1_515' title='bbox 3566 1227 3668 1274; x_wconf 81' lang='lat' dir='ltr'><strong>tres</strong></span> 
     </span>
    </p>
   </div>
   <div class='ocr_carea' id='block_1_66' title="bbox 2064 1297 3664 1375">
    <p class='ocr_par' dir='ltr' id='par_1_66' title="bbox 2064 1297 3664 1375">
     <span class='ocr_line' id='line_1_66' title="bbox 2064 1297 3664 1375; baseline 0.009 -25"><span class='ocrx_word' id='word_1_516' title='bbox 2064 1297 2413 1366; x_wconf 77' lang='lat' dir='ltr'><strong>proconsules</strong></span> <span class='ocrx_word' id='word_1_517' title='bbox 2436 1299 2718 1371; x_wconf 79' lang='lat' dir='ltr'><strong>litigastis;</strong></span> <span class='ocrx_word' id='word_1_518' title='bbox 2752 1305 2805 1359; x_wconf 86' lang='lat' dir='ltr'><strong>et</strong></span> <span class='ocrx_word' id='word_1_519' title='bbox 2831 1317 2954 1359; x_wconf 91' lang='lat' dir='ltr'><strong>cum</strong></span> <span class='ocrx_word' id='word_1_520' title='bbox 2978 1305 3089 1375; x_wconf 82' lang='lat' dir='ltr'><strong>jam</strong></span> <span class='ocrx_word' id='word_1_521' title='bbox 3115 1305 3174 1362; x_wconf 85' lang='lat' dir='ltr'><strong>in</strong></span> <span class='ocrx_word' id='word_1_522' title='bbox 3207 1306 3390 1364; x_wconf 86' lang='lat' dir='ltr'><strong>locum</strong></span> <span class='ocrx_word' id='word_1_523' title='bbox 3423 1307 3664 1364; x_wconf 54' lang='lat' dir='ltr'><strong>Prastex-</strong></span> 
     </span>
    </p>
   </div>
   <div class='ocr_carea' id='block_1_67' title="bbox 2063 1383 3662 1470">
    <p class='ocr_par' dir='ltr' id='par_1_67' title="bbox 2063 1383 3662 1470">
     <span class='ocr_line' id='line_1_67' title="bbox 2063 1383 3662 1470; baseline 0.009 -28"><span class='ocrx_word' id='word_1_524' title='bbox 2063 1383 2161 1442; x_wconf 82' lang='lat' dir='ltr'><strong>tati</strong></span> <span class='ocrx_word' id='word_1_525' title='bbox 2185 1388 2346 1470; x_wconf 89' lang='lat' dir='ltr'><strong>alium</strong></span> <span class='ocrx_word' id='word_1_526' title='bbox 2377 1389 2758 1460; x_wconf 84' lang='lat' dir='ltr'><strong>ordinassetis,</strong></span> <span class='ocrx_word' id='word_1_527' title='bbox 2787 1395 2910 1466; x_wconf 83' lang='lat' dir='ltr'><strong>post</strong></span> <span class='ocrx_word' id='word_1_528' title='bbox 2937 1393 3044 1451; x_wconf 84' lang='lat' dir='ltr'><strong>tam</strong></span> <span class='ocrx_word' id='word_1_529' title='bbox 3081 1397 3298 1469; x_wconf 82' lang='lat' dir='ltr'><strong>longum</strong></span> <span class='ocrx_word' id='word_1_530' title='bbox 3327 1403 3559 1470; x_wconf 83' lang='lat' dir='ltr'><strong>tempus</strong></span> <span class='ocrx_word' id='word_1_531' title='bbox 3580 1405 3662 1457; x_wconf 83' lang='lat' dir='ltr'><strong>eos</strong></span> 
     </span>
    </p>
   </div>
   <div class='ocr_carea' id='block_1_68' title="bbox 2061 1467 3666 1564">
    <p class='ocr_par' dir='ltr' id='par_1_68' title="bbox 2061 1467 3666 1564">
     <span class='ocr_line' id='line_1_68' title="bbox 2061 1467 3666 1564; baseline 0.01 -32"><span class='ocrx_word' id='word_1_532' title='bbox 2061 1474 2117 1533; x_wconf 88' lang='lat' dir='ltr'><strong>in</strong></span> <span class='ocrx_word' id='word_1_533' title='bbox 2148 1480 2259 1535; x_wconf 83' lang='lat' dir='ltr'><strong>suis</strong></span> <span class='ocrx_word' id='word_1_534' title='bbox 2301 1467 2593 1564; x_wconf 76' lang='lat' dir='ltr'><strong>honoribus</strong></span> <span class='ocrx_word' id='word_1_535' title='bbox 2619 1485 2916 1556; x_wconf 82' lang='lat' dir='ltr'><strong>recepistis.</strong></span> <span class='ocrx_word' id='word_1_536' title='bbox 2945 1487 3059 1556; x_wconf 85' lang='lat' dir='ltr'><strong>Qua</strong></span> <span class='ocrx_word' id='word_1_537' title='bbox 3084 1467 3315 1560; x_wconf 71' lang='lat' dir='ltr'><strong>iustitia,</strong></span> <span class='ocrx_word' id='word_1_538' title='bbox 3367 1467 3481 1560; x_wconf 75' lang='lat' dir='ltr'><strong>qua</strong></span> <span class='ocrx_word' id='word_1_539' title='bbox 3511 1492 3666 1548; x_wconf 86' lang='lat' dir='ltr'><strong>ratio-</strong></span> 
     </span>
    </p>
   </div>
   <div class='ocr_carea' id='block_1_69' title="bbox 2059 1567 3666 1649">
    <p class='ocr_par' dir='ltr' id='par_1_69' title="bbox 2059 1567 3666 1649">
     <span class='ocr_line' id='line_1_69' title="bbox 2059 1567 3666 1649; baseline 0.01 -26"><span class='ocrx_word' id='word_1_540' title='bbox 2059 1567 2150 1636; x_wconf 81' lang='lat' dir='ltr'><strong>ne,</strong></span> <span class='ocrx_word' id='word_1_541' title='bbox 2179 1569 2282 1640; x_wconf 73' lang='lat' dir='ltr'><strong>Qua</strong></span> <span class='ocrx_word' id='word_1_542' title='bbox 2305 1567 2483 1628; x_wconf 75' lang='lat' dir='ltr'><strong>fronte</strong></span> <span class='ocrx_word' id='word_1_543' title='bbox 2505 1573 2558 1629; x_wconf 86' lang='lat' dir='ltr'><strong>i‘n</strong></span> <span class='ocrx_word' id='word_1_544' title='bbox 2579 1572 2786 1632; x_wconf 84' lang='lat' dir='ltr'><strong>honore</strong></span> <span class='ocrx_word' id='word_1_545' title='bbox 2819 1581 2919 1633; x_wconf 91' lang='lat' dir='ltr'><strong>suo</strong></span> <span class='ocrx_word' id='word_1_546' title='bbox 2948 1577 3235 1649; x_wconf 81' lang='lat' dir='ltr'><strong>suscipitur</strong></span> <span class='ocrx_word' id='word_1_547' title='bbox 3262 1575 3666 1639; x_wconf 70' lang='lat' dir='ltr'><strong>Maximianista</strong></span> 
     </span>
    </p>
   </div>
   <div class='ocr_carea' id='block_1_70' title="bbox 2058 1657 3663 1731">
    <p class='ocr_par' dir='ltr' id='par_1_70' title="bbox 2058 1657 3663 1731">
     <span class='ocr_line' id='line_1_70' title="bbox 2058 1657 3663 1731; baseline 0.009 -16"><span class='ocrx_word' id='word_1_548' title='bbox 2058 1657 2378 1730; x_wconf 77' lang='lat' dir='ltr'><strong>damnatus,</strong></span> <span class='ocrx_word' id='word_1_549' title='bbox 2412 1667 2467 1720; x_wconf 87' lang='lat' dir='ltr'><strong>et</strong></span> <span class='ocrx_word' id='word_1_550' title='bbox 2504 1661 2787 1722; x_wconf 71' lang='lat' dir='ltr'><strong>da’mnatur</strong></span> <span class='ocrx_word' id='word_1_551' title='bbox 2837 1667 2987 1725; x_wconf 84' lang='lat' dir='ltr'><strong>orbis</strong></span> <span class='ocrx_word' id='word_1_552' title='bbox 3027 1671 3298 1727; x_wconf 85' lang='lat' dir='ltr'><strong>terrarum</strong></span> <span class='ocrx_word' id='word_1_553' title='bbox 3353 1673 3663 1731; x_wconf 82' lang='lat' dir='ltr'><strong>catholicus</strong></span> 
     </span>
    </p>
   </div>
   <div class='ocr_carea' id='block_1_71' title="bbox 2061 1751 3664 1836">
    <p class='ocr_par' dir='ltr' id='par_1_71' title="bbox 2061 1751 3664 1836">
     <span class='ocr_line' id='line_1_71' title="bbox 2061 1751 3664 1836; baseline 0.009 -27"><span class='ocrx_word' id='word_1_554' title='bbox 2061 1755 2374 1812; x_wconf 74' lang='lat' dir='ltr'><strong>inauditus‘t</strong></span> <span class='ocrx_word' id='word_1_555' title='bbox 2401 1751 2515 1826; x_wconf 76' lang='lat' dir='ltr'><strong>Qua</strong></span> <span class='ocrx_word' id='word_1_556' title='bbox 2535 1759 2741 1831; x_wconf 75' lang='lat' dir='ltr'><strong>iustitia</strong></span> <span class='ocrx_word' id='word_1_557' title='bbox 2760 1804 2776 1830; x_wconf 95' lang='lat'><strong>,</strong></span> <span class='ocrx_word' id='word_1_558' title='bbox 2807 1776 2912 1834; x_wconf 90' lang='lat' dir='ltr'><strong>qua</strong></span> <span class='ocrx_word' id='word_1_559' title='bbox 2941 1763 3166 1831; x_wconf 82' lang='lat' dir='ltr'><strong>ratione,</strong></span> <span class='ocrx_word' id='word_1_560' title='bbox 3193 1767 3295 1836; x_wconf 84' lang='lat' dir='ltr'><strong>qua</strong></span> <span class='ocrx_word' id='word_1_561' title='bbox 3342 1751 3537 1822; x_wconf 73' lang='lat' dir='ltr'><strong>fronte</strong></span> <span class='ocrx_word' id='word_1_562' title='bbox 3574 1783 3664 1823; x_wconf 85' lang='lat' dir='ltr'><strong>ca-</strong></span> 
     </span>
    </p>
   </div>
   <div class='ocr_carea' id='block_1_72' title="bbox 2056 1847 3658 1926">
    <p class='ocr_par' dir='ltr' id='par_1_72' title="bbox 2056 1847 3658 1926">
     <span class='ocr_line' id='line_1_72' title="bbox 2056 1847 3658 1926; baseline 0.007 -24"><span class='ocrx_word' id='word_1_563' title='bbox 2056 1847 2293 1905; x_wconf 88' lang='lat' dir='ltr'><strong>vendum</strong></span> <span class='ocrx_word' id='word_1_564' title='bbox 2321 1863 2444 1906; x_wconf 87' lang='lat' dir='ltr'><strong>esse</strong></span> <span class='ocrx_word' id='word_1_565' title='bbox 2463 1849 2661 1920; x_wconf 85' lang='lat' dir='ltr'><strong>dicitis,</strong></span> <span class='ocrx_word' id='word_1_566' title='bbox 2690 1866 2757 1908; x_wconf 91' lang='lat' dir='ltr'><strong>ne</strong></span> <span class='ocrx_word' id='word_1_567' title='bbox 2782 1855 2879 1909; x_wconf 84' lang='lat' dir='ltr'><strong>vos</strong></span> <span class='ocrx_word' id='word_1_568' title='bbox 2901 1854 3143 1926; x_wconf 81' lang='lat' dir='ltr'><strong>inquinet</strong></span> <span class='ocrx_word' id='word_1_569' title='bbox 3167 1853 3500 1913; x_wconf 71' lang='lat' dir='ltr'><strong>Cascilianus</strong></span> <span class='ocrx_word' id='word_1_570' title='bbox 3530 1859 3658 1914; x_wconf 88' lang='lat' dir='ltr'><strong>olim</strong></span> 
     </span>
    </p>
   </div>
   <div class='ocr_carea' id='block_1_73' title="bbox 2055 1937 3657 2019">
    <p class='ocr_par' dir='ltr' id='par_1_73' title="bbox 2055 1937 3657 2019">
     <span class='ocr_line' id='line_1_73' title="bbox 2055 1937 3657 2019; baseline 0.006 -25"><span class='ocrx_word' id='word_1_571' title='bbox 2055 1937 2368 2011; x_wconf 80' lang='lat' dir='ltr'><strong>defunctus,</strong></span> <span class='ocrx_word' id='word_1_572' title='bbox 2395 1941 2652 2013; x_wconf 74' lang='lat' dir='ltr'><strong>vobiSque</strong></span> <span class='ocrx_word' id='word_1_573' title='bbox 2690 1945 2909 2015; x_wconf 83' lang='lat' dir='ltr'><strong>prorsus</strong></span> <span class='ocrx_word' id='word_1_574' title='bbox 2940 1943 3262 2019; x_wconf 77' lang='lat' dir='ltr'><strong>incognitus,</strong></span> <span class='ocrx_word' id='word_1_575' title='bbox 3293 1947 3502 2005; x_wconf 85' lang='lat' dir='ltr'><strong>vestris</strong></span> <span class='ocrx_word' id='word_1_576' title='bbox 3540 1965 3657 2006; x_wconf 81' lang='lat' dir='ltr'><strong>ma-</strong></span> 
     </span>
    </p>
   </div>
   <div class='ocr_carea' id='block_1_74' title="bbox 2050 2029 3660 2114">
    <p class='ocr_par' dir='ltr' id='par_1_74' title="bbox 2050 2029 3660 2114">
     <span class='ocr_line' id='line_1_74' title="bbox 2050 2029 3660 2114; baseline 0.008 -28"><span class='ocrx_word' id='word_1_577' title='bbox 2050 2030 2260 2102; x_wconf 85' lang='lat' dir='ltr'><strong>joribus</strong></span> <span class='ocrx_word' id='word_1_578' title='bbox 2281 2029 2644 2105; x_wconf 76' lang='lat' dir='ltr'><strong>iudicantibus</strong></span> <span class='ocrx_word' id='word_1_579' title='bbox 2672 2036 2842 2093; x_wconf 83' lang='lat' dir='ltr'><strong>semei</strong></span> <span class='ocrx_word' id='word_1_580' title='bbox 2872 2036 3176 2107; x_wconf 84' lang='lat' dir='ltr'><strong>damnatus,</strong></span> <span class='ocrx_word' id='word_1_581' title='bbox 3209 2041 3408 2097; x_wconf 87' lang='lat' dir='ltr'><strong>vestris</strong></span> <span class='ocrx_word' id='word_1_582' title='bbox 3435 2043 3660 2114; x_wconf 83' lang='lat' dir='ltr'><strong>majori-</strong></span> 
     </span>
    </p>
   </div>
   <div class='ocr_carea' id='block_1_75' title="bbox 2052 2121 3659 2206">
    <p class='ocr_par' dir='ltr' id='par_1_75' title="bbox 2052 2121 3659 2206">
     <span class='ocr_line' id='line_1_75' title="bbox 2052 2121 3659 2206; baseline 0.008 -29"><span class='ocrx_word' id='word_1_583' title='bbox 2052 2121 2153 2179; x_wconf 81' lang='lat' dir='ltr'><strong>bus</strong></span> <span class='ocrx_word' id='word_1_584' title='bbox 2182 2123 2555 2182; x_wconf 75' lang='lat' dir='ltr'><strong>accusantibus</strong></span> <span class='ocrx_word' id='word_1_585' title='bbox 2586 2133 2668 2184; x_wconf 64' lang='lat' dir='ltr'><strong>cer</strong></span> <span class='ocrx_word' id='word_1_586' title='bbox 2681 2125 2953 2185; x_wconf 78' lang='lat' dir='ltr'><strong>absolutus</strong></span> <span class='ocrx_word' id='word_1_587' title='bbox 2978 2148 2994 2197; x_wconf 89' lang='lat'><strong>;</strong></span> <span class='ocrx_word' id='word_1_588' title='bbox 3021 2129 3074 2187; x_wconf 77' lang='lat' dir='ltr'><strong>et</strong></span> <span class='ocrx_word' id='word_1_589' title='bbox 3101 2131 3404 2188; x_wconf 78' lang='lat' dir='ltr'><strong>cavendum</strong></span> <span class='ocrx_word' id='word_1_590' title='bbox 3427 2149 3540 2190; x_wconf 91' lang='lat' dir='ltr'><strong>non</strong></span> <span class='ocrx_word' id='word_1_591' title='bbox 3566 2151 3659 2206; x_wconf 83' lang='lat' dir='ltr'><strong>pu-</strong></span> 
     </span>
    </p>
   </div>
   <div class='ocr_carea' id='block_1_76' title="bbox 2053 2215 3658 2292">
    <p class='ocr_par' dir='ltr' id='par_1_76' title="bbox 2053 2215 3658 2292">
     <span class='ocr_line' id='line_1_76' title="bbox 2053 2215 3658 2292; baseline 0.007 -21"><span class='ocrx_word' id='word_1_592' title='bbox 2053 2217 2206 2272; x_wconf 85' lang='lat' dir='ltr'><strong>tastis</strong></span> <span class='ocrx_word' id='word_1_593' title='bbox 2228 2258 2244 2285; x_wconf 95' lang='lat'><strong>,</strong></span> <span class='ocrx_word' id='word_1_594' title='bbox 2274 2223 2342 2274; x_wconf 87' lang='lat' dir='ltr'><strong>ne</strong></span> <span class='ocrx_word' id='word_1_595' title='bbox 2367 2233 2464 2275; x_wconf 88' lang='lat' dir='ltr'><strong>vos</strong></span> <span class='ocrx_word' id='word_1_596' title='bbox 2479 2219 2783 2291; x_wconf 80' lang='lat' dir='ltr'><strong>inquinaret</strong></span> <span class='ocrx_word' id='word_1_597' title='bbox 2813 2215 3136 2292; x_wconf 82' lang='lat' dir='ltr'><strong>Felicianus,</strong></span> <span class='ocrx_word' id='word_1_598' title='bbox 3163 2225 3493 2282; x_wconf 74' lang='lat' dir='ltr'><strong>universalis</strong></span> <span class='ocrx_word' id='word_1_599' title='bbox 3521 2225 3658 2282; x_wconf 81' lang='lat' dir='ltr'><strong>00n-</strong></span> 
     </span>
    </p>
   </div>
   <div class='ocr_carea' id='block_1_77' title="bbox 2049 2301 3652 2389">
    <p class='ocr_par' dir='ltr' id='par_1_77' title="bbox 2049 2301 3652 2389">
     <span class='ocr_line' id='line_1_77' title="bbox 2049 2301 3652 2389; baseline 0.007 -26"><span class='ocrx_word' id='word_1_600' title='bbox 2049 2301 2160 2364; x_wconf 88' lang='lat' dir='ltr'><strong>cilii</strong></span> <span class='ocrx_word' id='word_1_601' title='bbox 2184 2309 2346 2365; x_wconf 89' lang='lat' dir='ltr'><strong>vestri</strong></span> <span class='ocrx_word' id='word_1_602' title='bbox 2379 2311 2473 2366; x_wconf 80' lang='lat' dir='ltr'><strong>ore</strong></span> <span class='ocrx_word' id='word_1_603' title='bbox 2493 2311 2775 2368; x_wconf 75' lang='lat' dir='ltr'><strong>damnatus</strong></span> <span class='ocrx_word' id='word_1_604' title='bbox 2792 2353 2808 2381; x_wconf 91' lang='lat'><strong>,</strong></span> <span class='ocrx_word' id='word_1_605' title='bbox 2836 2311 2888 2369; x_wconf 84' lang='lat' dir='ltr'><strong>et</strong></span> <span class='ocrx_word' id='word_1_606' title='bbox 2917 2314 2985 2369; x_wconf 86' lang='lat' dir='ltr'><strong>ab</strong></span> <span class='ocrx_word' id='word_1_607' title='bbox 3013 2315 3276 2372; x_wconf 82' lang='lat' dir='ltr'><strong>universis</strong></span> <span class='ocrx_word' id='word_1_608' title='bbox 3301 2317 3480 2386; x_wconf 91' lang='lat' dir='ltr'><strong>vobis,</strong></span> <span class='ocrx_word' id='word_1_609' title='bbox 3514 2333 3652 2389; x_wconf 65' lang='lat' dir='ltr'><strong>pra-</strong></span> 
     </span>
    </p>
   </div>
   <div class='ocr_carea' id='block_1_78' title="bbox 2048 2391 3649 2480">
    <p class='ocr_par' dir='ltr' id='par_1_78' title="bbox 2048 2391 3649 2480">
     <span class='ocr_line' id='line_1_78' title="bbox 2048 2391 3649 2480; baseline 0.007 -25"><span class='ocrx_word' id='word_1_610' title='bbox 2048 2400 2205 2472; x_wconf 86' lang='lat' dir='ltr'><strong>cipue</strong></span> <span class='ocrx_word' id='word_1_611' title='bbox 2245 2402 2320 2457; x_wconf 83' lang='lat' dir='ltr'><strong>tui</strong></span> <span class='ocrx_word' id='word_1_612' title='bbox 2361 2402 2775 2474; x_wconf 71' lang='lat' dir='ltr'><strong>priédeCessoris</strong></span> <span class='ocrx_word' id='word_1_613' title='bbox 2825 2395 2906 2478; x_wconf 83' lang='grc' dir='ltr'><strong>(α)</strong></span> <span class='ocrx_word' id='word_1_614' title='bbox 2931 2391 3114 2463; x_wconf 70' lang='lat' dir='ltr'><strong>i’aVore</strong></span> <span class='ocrx_word' id='word_1_615' title='bbox 3154 2408 3488 2480; x_wconf 74' lang='lat' dir='ltr'><strong>suSCept‘us?</strong></span> <span class='ocrx_word' id='word_1_616' title='bbox 3535 2411 3649 2479; x_wconf 83' lang='lat' dir='ltr'><strong>Qua</strong></span> 
     </span>
    </p>
   </div>
   <div class='ocr_carea' id='block_1_79' title="bbox 2043 2491 3648 2574">
    <p class='ocr_par' dir='ltr' id='par_1_79' title="bbox 2043 2491 3648 2574">
     <span class='ocr_line' id='line_1_79' title="bbox 2043 2491 3648 2574; baseline 0.007 -26"><span class='ocrx_word' id='word_1_617' title='bbox 2043 2494 2270 2565; x_wconf 76' lang='lat' dir='ltr'><strong>iustitia,</strong></span> <span class='ocrx_word' id='word_1_618' title='bbox 2296 2491 2400 2566; x_wconf 87' lang='lat' dir='ltr'><strong>qua</strong></span> <span class='ocrx_word' id='word_1_619' title='bbox 2421 2496 2650 2566; x_wconf 86' lang='lat' dir='ltr'><strong>ratione,</strong></span> <span class='ocrx_word' id='word_1_620' title='bbox 2674 2501 2778 2570; x_wconf 87' lang='lat' dir='ltr'><strong>qua</strong></span> <span class='ocrx_word' id='word_1_621' title='bbox 2799 2497 2974 2555; x_wconf 82' lang='lat' dir='ltr'><strong>fronte</strong></span> <span class='ocrx_word' id='word_1_622' title='bbox 2990 2500 3292 2557; x_wconf 81' lang='lat' dir='ltr'><strong>rescinditis</strong></span> <span class='ocrx_word' id='word_1_623' title='bbox 3309 2500 3648 2574; x_wconf 82' lang='lat' dir='ltr'><strong>Baptismum</strong></span> 
     </span>
    </p>
   </div>
   <div class='ocr_carea' id='block_1_80' title="bbox 2045 2581 3648 2664">
    <p class='ocr_par' dir='ltr' id='par_1_80' title="bbox 2045 2581 3648 2664">
     <span class='ocr_line' id='line_1_80' title="bbox 2045 2581 3648 2664; baseline 0.004 -22"><span class='ocrx_word' id='word_1_624' title='bbox 2045 2601 2206 2658; x_wconf 89' lang='lat' dir='ltr'><strong>quem</strong></span> <span class='ocrx_word' id='word_1_625' title='bbox 2250 2581 2382 2642; x_wconf 91' lang='lat' dir='ltr'><strong>dant</strong></span> <span class='ocrx_word' id='word_1_626' title='bbox 2426 2587 2704 2655; x_wconf 60' lang='lat' dir='ltr'><strong>Ecclesiae,</strong></span> <span class='ocrx_word' id='word_1_627' title='bbox 2751 2591 2884 2659; x_wconf 84' lang='lat' dir='ltr'><strong>quas</strong></span> <span class='ocrx_word' id='word_1_628' title='bbox 2917 2589 3190 2647; x_wconf 88' lang='lat' dir='ltr'><strong>laboribus</strong></span> <span class='ocrx_word' id='word_1_629' title='bbox 3239 2591 3351 2647; x_wconf 83' lang='lat' dir='ltr'><strong>suis</strong></span> <span class='ocrx_word' id='word_1_630' title='bbox 3402 2594 3648 2664; x_wconf 83' lang='lat' dir='ltr'><strong>Apostoli</strong></span> 
     </span>
    </p>
   </div>
   <div class='ocr_carea' id='block_1_81' title="bbox 2044 2671 3648 2754">
    <p class='ocr_par' dir='ltr' id='par_1_81' title="bbox 2044 2671 3648 2754">
     <span class='ocr_line' id='line_1_81' title="bbox 2044 2671 3648 2754; baseline 0.006 -21"><span class='ocrx_word' id='word_1_631' title='bbox 2044 2678 2441 2750; x_wconf 85' lang='lat' dir='ltr'><strong>plantaverunt,</strong></span> <span class='ocrx_word' id='word_1_632' title='bbox 2469 2695 2591 2735; x_wconf 91' lang='lat' dir='ltr'><strong>cum</strong></span> <span class='ocrx_word' id='word_1_633' title='bbox 2614 2679 2957 2753; x_wconf 75' lang='lat' dir='ltr'><strong>suSceperitis</strong></span> <span class='ocrx_word' id='word_1_634' title='bbox 2990 2671 3321 2754; x_wconf 85' lang='lat' dir='ltr'><strong>Baptismum</strong></span> <span class='ocrx_word' id='word_1_635' title='bbox 3347 2699 3517 2753; x_wconf 89' lang='lat' dir='ltr'><strong>quem</strong></span> <span class='ocrx_word' id='word_1_636' title='bbox 3548 2683 3648 2742; x_wconf 78' lang='lat' dir='ltr'><strong>Fe-</strong></span> 
     </span>
    </p>
   </div>
   <div class='ocr_carea' id='block_1_82' title="bbox 2043 2767 3643 2850">
    <p class='ocr_par' dir='ltr' id='par_1_82' title="bbox 2043 2767 3643 2850">
     <span class='ocr_line' id='line_1_82' title="bbox 2043 2767 3643 2850; baseline 0.004 -22"><span class='ocrx_word' id='word_1_637' title='bbox 2043 2771 2268 2829; x_wconf 84' lang='lat' dir='ltr'><strong>lieianus</strong></span> <span class='ocrx_word' id='word_1_638' title='bbox 2316 2773 2372 2828; x_wconf 79' lang='lat' dir='ltr'><strong>et</strong></span> <span class='ocrx_word' id='word_1_639' title='bbox 2417 2771 2774 2831; x_wconf 66' lang='lat' dir='ltr'><strong>Praetextatus</strong></span> <span class='ocrx_word' id='word_1_640' title='bbox 2817 2777 2916 2846; x_wconf 86' lang='lat' dir='ltr'><strong>per</strong></span> <span class='ocrx_word' id='word_1_641' title='bbox 2969 2767 3077 2831; x_wconf 78' lang='lat' dir='ltr'><strong>iam</strong></span> <span class='ocrx_word' id='word_1_642' title='bbox 3131 2775 3351 2849; x_wconf 78' lang='lat' dir='ltr'><strong>longum</strong></span> <span class='ocrx_word' id='word_1_643' title='bbox 3410 2787 3643 2850; x_wconf 86' lang='lat' dir='ltr'><strong>tempus,</strong></span> 
     </span>
    </p>
   </div>
   <div class='ocr_carea' id='block_1_83' title="bbox 2042 2863 3644 2939">
    <p class='ocr_par' dir='ltr' id='par_1_83' title="bbox 2042 2863 3644 2939">
     <span class='ocr_line' id='line_1_83' title="bbox 2042 2863 3644 2939; baseline 0.006 -22"><span class='ocrx_word' id='word_1_644' title='bbox 2042 2864 2258 2935; x_wconf 88' lang='lat' dir='ltr'><strong>quando</strong></span> <span class='ocrx_word' id='word_1_645' title='bbox 2288 2873 2475 2921; x_wconf 89' lang='lat' dir='ltr'><strong>contra</strong></span> <span class='ocrx_word' id='word_1_646' title='bbox 2498 2867 2593 2921; x_wconf 86' lang='lat' dir='ltr'><strong>eos</strong></span> <span class='ocrx_word' id='word_1_647' title='bbox 2616 2864 2898 2922; x_wconf 80' lang='lat' dir='ltr'><strong>damnatos</strong></span> <span class='ocrx_word' id='word_1_648' title='bbox 2922 2867 3225 2939; x_wconf 75' lang='lat' dir='ltr'><strong>litigabatis,</strong></span> <span class='ocrx_word' id='word_1_649' title='bbox 3255 2863 3390 2924; x_wconf 83' lang='lat' dir='ltr'><strong>l’oris</strong></span> <span class='ocrx_word' id='word_1_650' title='bbox 3409 2885 3440 2924; x_wconf 91' lang='lat' dir='ltr'><strong>a</strong></span> <span class='ocrx_word' id='word_1_651' title='bbox 3461 2875 3644 2927; x_wconf 81' lang='lat' dir='ltr'><strong>vestra</strong></span> 
     </span>
    </p>
   </div>
   <div class='ocr_carea' id='block_1_84' title="bbox 2041 2953 3645 3028">
    <p class='ocr_par' dir='ltr' id='par_1_84' title="bbox 2041 2953 3645 3028">
     <span class='ocr_line' id='line_1_84' title="bbox 2041 2953 3645 3028; baseline 0.006 -17"><span class='ocrx_word' id='word_1_652' title='bbox 2041 2953 2281 3012; x_wconf 76' lang='lat' dir='ltr'><strong>EcCiesia</strong></span> <span class='ocrx_word' id='word_1_653' title='bbox 2336 2955 2707 3014; x_wconf 82' lang='lat' dir='ltr'><strong>tradiderunt?</strong></span> <span class='ocrx_word' id='word_1_654' title='bbox 2737 2957 2794 3013; x_wconf 89' lang='lat' dir='ltr'><strong>Si</strong></span> <span class='ocrx_word' id='word_1_655' title='bbox 2837 2960 3002 3028; x_wconf 79' lang='lat' dir='ltr'><strong>enim,</strong></span> <span class='ocrx_word' id='word_1_656' title='bbox 3045 2966 3104 3014; x_wconf 89' lang='lat' dir='ltr'><strong>ut</strong></span> <span class='ocrx_word' id='word_1_657' title='bbox 3149 2959 3333 3016; x_wconf 73' lang='lat' dir='ltr'><strong>scietis</strong></span> <span class='ocrx_word' id='word_1_658' title='bbox 3377 2962 3524 3019; x_wconf 78' lang='lat' dir='ltr'><strong>male</strong></span> <span class='ocrx_word' id='word_1_659' title='bbox 3570 2963 3645 3020; x_wconf 81' lang='lat' dir='ltr'><strong>in-</strong></span> 
     </span>
    </p>
   </div>
   <div class='ocr_carea' id='block_1_85' title="bbox 2039 3049 3639 3126">
    <p class='ocr_par' dir='ltr' id='par_1_85' title="bbox 2039 3049 3639 3126">
     <span class='ocr_line' id='line_1_85' title="bbox 2039 3049 3639 3126; baseline 0.004 -20"><span class='ocrx_word' id='word_1_660' title='bbox 2039 3049 2303 3122; x_wconf 77' lang='lat' dir='ltr'><strong>telligere,</strong></span> <span class='ocrx_word' id='word_1_661' title='bbox 2359 3061 2414 3106; x_wconf 88' lang='lat' dir='ltr'><strong>et</strong></span> <span class='ocrx_word' id='word_1_662' title='bbox 2465 3052 2618 3108; x_wconf 88' lang='lat' dir='ltr'><strong>nobis</strong></span> <span class='ocrx_word' id='word_1_663' title='bbox 2671 3050 2924 3122; x_wconf 74' lang='lat' dir='ltr'><strong>objiCere,</strong></span> <span class='ocrx_word' id='word_1_664' title='bbox 2971 3053 3051 3108; x_wconf 86' lang='lat' dir='ltr'><strong>sic</strong></span> <span class='ocrx_word' id='word_1_665' title='bbox 3097 3061 3179 3109; x_wconf 87' lang='lat' dir='ltr'><strong>est</strong></span> <span class='ocrx_word' id='word_1_666' title='bbox 3229 3053 3639 3126; x_wconf 82' lang='lat' dir='ltr'><strong>intelligendum</strong></span> 
     </span>
    </p>
   </div>
   <div class='ocr_carea' id='block_1_86' title="bbox 2039 3141 3636 3220">
    <p class='ocr_par' dir='ltr' id='par_1_86' title="bbox 2039 3141 3636 3220">
     <span class='ocr_line' id='line_1_86' title="bbox 2039 3141 3636 3220; baseline 0.004 -23"><span class='ocrx_word' id='word_1_667' title='bbox 2039 3141 2182 3212; x_wconf 88' lang='lat' dir='ltr'><strong>quod</strong></span> <span class='ocrx_word' id='word_1_668' title='bbox 2205 3141 2460 3214; x_wconf 78' lang='lat' dir='ltr'><strong>Scriptum</strong></span> <span class='ocrx_word' id='word_1_669' title='bbox 2489 3152 2589 3210; x_wconf 89' lang='lat' dir='ltr'><strong>est,</strong></span> <span class='ocrx_word' id='word_1_670' title='bbox 2622 3143 2722 3212; x_wconf 81' lang='lat' dir='ltr'><strong>Qui</strong></span> <span class='ocrx_word' id='word_1_671' title='bbox 2747 3143 3029 3215; x_wconf 77' lang='lat' dir='ltr'><strong>baptizatur</strong></span> <span class='ocrx_word' id='word_1_672' title='bbox 3045 3147 3076 3198; x_wconf 75' lang='grc' dir='ltr'><em>ὰ</em></span> <span class='ocrx_word' id='word_1_673' title='bbox 3097 3147 3294 3200; x_wconf 82' lang='lat' dir='ltr'><strong>mortuo</strong></span> <span class='ocrx_word' id='word_1_674' title='bbox 3323 3147 3452 3217; x_wconf 84' lang='lat' dir='ltr'><strong>quid</strong></span> <span class='ocrx_word' id='word_1_675' title='bbox 3475 3150 3636 3220; x_wconf 71' lang='lat' dir='ltr'><strong>proﬁ-</strong></span> 
     </span>
    </p>
   </div>
   <div class='ocr_carea' id='block_1_87' title="bbox 2037 3223 3636 3311">
    <p class='ocr_par' dir='ltr' id='par_1_87' title="bbox 2037 3223 3636 3311">
     <span class='ocr_line' id='line_1_87' title="bbox 2037 3223 3636 3311; baseline 0.004 -21"><span class='ocrx_word' id='word_1_676' title='bbox 2037 3233 2104 3290; x_wconf 61' lang='lat' dir='ltr'><strong>ci!</strong></span> <span class='ocrx_word' id='word_1_677' title='bbox 2130 3231 2330 3290; x_wconf 77' lang='lat' dir='ltr'><strong>lavacro</strong></span> <span class='ocrx_word' id='word_1_678' title='bbox 2353 3251 2444 3289; x_wconf 78' lang='lat' dir='ltr'><strong>suo</strong></span> <span class='ocrx_word' id='word_1_679' title='bbox 2470 3232 2658 3307; x_wconf 84' lang='lat' dir='ltr'><strong>(Eccli.</strong></span> <span class='ocrx_word' id='word_1_680' title='bbox 2687 3237 2874 3307; x_wconf 75' lang='lat' dir='ltr'><strong>xxxiv,</strong></span> <span class='ocrx_word' id='word_1_681' title='bbox 2905 3223 3032 3307; x_wconf 65' lang='lat'><strong>50)?</strong></span> <span class='ocrx_word' id='word_1_682' title='bbox 3061 3233 3199 3293; x_wconf 87' lang='lat' dir='ltr'><strong>ihter</strong></span> <span class='ocrx_word' id='word_1_683' title='bbox 3225 3235 3349 3294; x_wconf 80' lang='lat' dir='ltr'><strong>illos</strong></span> <span class='ocrx_word' id='word_1_684' title='bbox 3374 3238 3464 3294; x_wconf 87' lang='lat' dir='ltr'><strong>isti</strong></span> <span class='ocrx_word' id='word_1_685' title='bbox 3489 3243 3636 3311; x_wconf 83' lang='lat' dir='ltr'><strong>jace-</strong></span> 
     </span>
    </p>
   </div>
   <div class='ocr_carea' id='block_1_88' title="bbox 2037 3325 3633 3403">
    <p class='ocr_par' dir='ltr' id='par_1_88' title="bbox 2037 3325 3633 3403">
     <span class='ocr_line' id='line_1_88' title="bbox 2037 3325 3633 3403; baseline 0.004 -22"><span class='ocrx_word' id='word_1_686' title='bbox 2037 3325 2168 3382; x_wconf 86' lang='lat' dir='ltr'><strong>bant</strong></span> <span class='ocrx_word' id='word_1_687' title='bbox 2193 3325 2406 3398; x_wconf 87' lang='lat' dir='ltr'><strong>quando</strong></span> <span class='ocrx_word' id='word_1_688' title='bbox 2435 3326 2797 3397; x_wconf 82' lang='lat' dir='ltr'><strong>baptizabant,</strong></span> <span class='ocrx_word' id='word_1_689' title='bbox 2823 3328 2892 3383; x_wconf 82' lang='lat' dir='ltr'><strong>de</strong></span> <span class='ocrx_word' id='word_1_690' title='bbox 2917 3326 3107 3400; x_wconf 81' lang='lat' dir='ltr'><strong>qnibus</strong></span> <span class='ocrx_word' id='word_1_691' title='bbox 3141 3326 3318 3384; x_wconf 68' lang='lat' dir='ltr'><strong>vestra</strong></span> <span class='ocrx_word' id='word_1_692' title='bbox 3347 3329 3633 3403; x_wconf 79' lang='lat' dir='ltr'><strong>Baga&#39;itana</strong></span> 
     </span>
    </p>
   </div>
   <div class='ocr_carea' id='block_1_89' title="bbox 2038 3405 3631 3491">
    <p class='ocr_par' dir='ltr' id='par_1_89' title="bbox 2038 3405 3631 3491">
     <span class='ocr_line' id='line_1_89' title="bbox 2038 3405 3631 3491; baseline 0.003 -18"><span class='ocrx_word' id='word_1_693' title='bbox 2038 3418 2306 3473; x_wconf 87' lang='lat' dir='ltr'><strong>sententia</strong></span> <span class='ocrx_word' id='word_1_694' title='bbox 2338 3424 2485 3472; x_wconf 89' lang='lat' dir='ltr'><strong>tanto</strong></span> <span class='ocrx_word' id='word_1_695' title='bbox 2505 3419 2731 3488; x_wconf 74' lang='lat' dir='ltr'><strong>strepitu</strong></span> <span class='ocrx_word' id='word_1_696' title='bbox 2765 3411 3019 3484; x_wconf 88' lang='lat' dir='ltr'><strong>insonuit,</strong></span> <span class='ocrx_word' id='word_1_697' title='bbox 3049 3405 3424 3491; x_wconf 58' lang='lat' dir='ltr'><strong>Adggptiorum</strong></span> <span class='ocrx_word' id='word_1_698' title='bbox 3452 3423 3631 3478; x_wconf 78' lang='lat' dir='ltr'><strong>admo-</strong></span> 
     </span>
    </p>
   </div>
   <div class='ocr_carea' id='block_1_90' title="bbox 2038 3509 3630 3585">
    <p class='ocr_par' dir='ltr' id='par_1_90' title="bbox 2038 3509 3630 3585">
     <span class='ocr_line' id='line_1_90' title="bbox 2038 3509 3630 3585; baseline 0.004 -21"><span class='ocrx_word' id='word_1_699' title='bbox 2038 3509 2160 3564; x_wconf 73' lang='lat' dir='ltr'><strong>dt&#39;mt</strong></span> <span class='ocrx_word' id='word_1_700' title='bbox 2182 3509 2413 3581; x_wconf 69' lang='lat' dir='ltr'><strong>exemplo</strong></span> <span class='ocrx_word' id='word_1_701' title='bbox 2451 3510 2769 3580; x_wconf 80' lang='lat' dir='ltr'><strong>pereuntium</strong></span> <span class='ocrx_word' id='word_1_702' title='bbox 2795 3512 3060 3585; x_wconf 76' lang='lat' dir='ltr'><strong>funeribus</strong></span> <span class='ocrx_word' id='word_1_703' title='bbox 3090 3512 3240 3582; x_wconf 75' lang='lat' dir='ltr'><strong>pte‘na</strong></span> <span class='ocrx_word' id='word_1_704' title='bbox 3271 3519 3394 3568; x_wconf 80' lang='lat' dir='ltr'><strong>sunt</strong></span> <span class='ocrx_word' id='word_1_705' title='bbox 3421 3514 3630 3571; x_wconf 75' lang='lat' dir='ltr'><strong>littora:</strong></span> 
     </span>
    </p>
   </div>
   <div class='ocr_carea' id='block_1_91' title="bbox 2035 3597 3631 3676">
    <p class='ocr_par' dir='ltr' id='par_1_91' title="bbox 2035 3597 3631 3676">
     <span class='ocr_line' id='line_1_91' title="bbox 2035 3597 3631 3676; baseline 0.004 -20"><span class='ocrx_word' id='word_1_706' title='bbox 2035 3601 2212 3674; x_wconf 81' lang='lat' dir='ltr'><strong>quibus</strong></span> <span class='ocrx_word' id='word_1_707' title='bbox 2239 3601 2295 3655; x_wconf 83' lang='lat' dir='ltr'><strong>in</strong></span> <span class='ocrx_word' id='word_1_708' title='bbox 2321 3599 2435 3671; x_wconf 83' lang='lat' dir='ltr'><strong>ipsa</strong></span> <span class='ocrx_word' id='word_1_709' title='bbox 2462 3609 2620 3657; x_wconf 82' lang='lat' dir='ltr'><strong>morte</strong></span> <span class='ocrx_word' id='word_1_710' title='bbox 2647 3601 2812 3674; x_wconf 87' lang='lat' dir='ltr'><strong>major</strong></span> <span class='ocrx_word' id='word_1_711' title='bbox 2849 3605 2924 3658; x_wconf 82' lang='lat' dir='ltr'><strong>est</strong></span> <span class='ocrx_word' id='word_1_712' title='bbox 2949 3605 3117 3674; x_wconf 59' lang='lat' dir='ltr'><strong>petita,</strong></span> <span class='ocrx_word' id='word_1_713' title='bbox 3146 3597 3281 3674; x_wconf 80' lang='lat' dir='ltr'><strong>quod</strong></span> <span class='ocrx_word' id='word_1_714' title='bbox 3319 3613 3436 3676; x_wconf 86' lang='lat' dir='ltr'><strong>post</strong></span> <span class='ocrx_word' id='word_1_715' title='bbox 3466 3615 3631 3663; x_wconf 66' lang='lat' dir='ltr'><strong>extor-</strong></span> 
     </span>
    </p>
   </div>
   <div class='ocr_carea' id='block_1_92' title="bbox 2037 3689 3630 3766">
    <p class='ocr_par' dir='ltr' id='par_1_92' title="bbox 2037 3689 3630 3766">
     <span class='ocr_line' id='line_1_92' title="bbox 2037 3689 3630 3766; baseline 0.003 -18"><span class='ocrx_word' id='word_1_716' title='bbox 2037 3702 2138 3749; x_wconf 90' lang='lat' dir='ltr'><strong>tam</strong></span> <span class='ocrx_word' id='word_1_717' title='bbox 2178 3692 2324 3765; x_wconf 78' lang='lat' dir='ltr'><strong>aquis</strong></span> <span class='ocrx_word' id='word_1_718' title='bbox 2359 3693 2625 3750; x_wconf 78' lang='lat' dir='ltr'><strong>ultricibus</strong></span> <span class='ocrx_word' id='word_1_719' title='bbox 2651 3695 2897 3764; x_wconf 85' lang='lat' dir='ltr'><strong>animam,</strong></span> <span class='ocrx_word' id='word_1_720' title='bbox 2941 3700 3032 3749; x_wconf 77' lang='lat' dir='ltr'><strong>nec</strong></span> <span class='ocrx_word' id='word_1_721' title='bbox 3059 3693 3224 3766; x_wconf 85' lang='lat' dir='ltr'><strong>ipsam</strong></span> <span class='ocrx_word' id='word_1_722' title='bbox 3247 3689 3513 3752; x_wconf 72' lang='lat' dir='ltr'><strong>inveniunt</strong></span> <span class='ocrx_word' id='word_1_723' title='bbox 3550 3713 3630 3753; x_wconf 76' lang='lat' dir='ltr'><strong>sc-</strong></span> 
     </span>
    </p>
   </div>
   <div class='ocr_carea' id='block_1_93' title="bbox 2035 3779 3628 3858">
    <p class='ocr_par' dir='ltr' id='par_1_93' title="bbox 2035 3779 3628 3858">
     <span class='ocr_line' id='line_1_93' title="bbox 2035 3779 3628 3858; baseline 0.003 -17"><span class='ocrx_word' id='word_1_724' title='bbox 2035 3785 2313 3857; x_wconf 85' lang='lat' dir='ltr'><strong>pulturam.</strong></span> <span class='ocrx_word' id='word_1_725' title='bbox 2336 3779 2476 3858; x_wconf 84' lang='lat' dir='ltr'><strong>Quid</strong></span> <span class='ocrx_word' id='word_1_726' title='bbox 2495 3785 2561 3842; x_wconf 84' lang='lat' dir='ltr'><strong>ad</strong></span> <span class='ocrx_word' id='word_1_727' title='bbox 2585 3787 2701 3842; x_wconf 72' lang='lat' dir='ltr'><strong>haac</strong></span> <span class='ocrx_word' id='word_1_728' title='bbox 2719 3785 2915 3842; x_wconf 88' lang='lat' dir='ltr'><strong>dicturi</strong></span> <span class='ocrx_word' id='word_1_729' title='bbox 2939 3787 3107 3842; x_wconf 87' lang='lat' dir='ltr'><strong>estis?</strong></span> <span class='ocrx_word' id='word_1_730' title='bbox 3137 3786 3275 3843; x_wconf 77' lang='lat' dir='ltr'><strong>Ecce</strong></span> <span class='ocrx_word' id='word_1_731' title='bbox 3299 3790 3504 3844; x_wconf 81' lang='lat' dir='ltr'><strong>mortui</strong></span> <span class='ocrx_word' id='word_1_732' title='bbox 3531 3789 3628 3847; x_wconf 82' lang='lat' dir='ltr'><strong>ba-</strong></span> 
     </span>
    </p>
   </div>
   <div class='ocr_carea' id='block_1_94' title="bbox 2032 3877 3628 3950">
    <p class='ocr_par' dir='ltr' id='par_1_94' title="bbox 2032 3877 3628 3950">
     <span class='ocr_line' id='line_1_94' title="bbox 2032 3877 3628 3950; baseline 0.003 -18"><span class='ocrx_word' id='word_1_733' title='bbox 2032 3878 2238 3950; x_wconf 86' lang='lat' dir='ltr'><strong>ptizant</strong></span> <span class='ocrx_word' id='word_1_734' title='bbox 2261 3892 2356 3935; x_wconf 89' lang='lat' dir='ltr'><strong>eos</strong></span> <span class='ocrx_word' id='word_1_735' title='bbox 2391 3892 2526 3949; x_wconf 90' lang='lat' dir='ltr'><strong>quos</strong></span> <span class='ocrx_word' id='word_1_736' title='bbox 2559 3877 2851 3950; x_wconf 85' lang='lat' dir='ltr'><strong>suscipitis,</strong></span> <span class='ocrx_word' id='word_1_737' title='bbox 2898 3892 2998 3934; x_wconf 91' lang='lat' dir='ltr'><strong>nec</strong></span> <span class='ocrx_word' id='word_1_738' title='bbox 3037 3877 3341 3946; x_wconf 90' lang='lat' dir='ltr'><strong>morimini;</strong></span> <span class='ocrx_word' id='word_1_739' title='bbox 3372 3888 3432 3935; x_wconf 88' lang='lat' dir='ltr'><strong>et</strong></span> <span class='ocrx_word' id='word_1_740' title='bbox 3473 3879 3628 3936; x_wconf 82' lang='lat' dir='ltr'><strong>nobis</strong></span> 
     </span>
    </p>
   </div>
   <div class='ocr_carea' id='block_1_95' title="bbox 2033 3967 3626 4040">
    <p class='ocr_par' dir='ltr' id='par_1_95' title="bbox 2033 3967 3626 4040">
     <span class='ocr_line' id='line_1_95' title="bbox 2033 3967 3626 4040; baseline 0.001 -15"><span class='ocrx_word' id='word_1_741' title='bbox 2033 3977 2285 4040; x_wconf 85' lang='lat' dir='ltr'><strong>tanquam</strong></span> <span class='ocrx_word' id='word_1_742' title='bbox 2325 3967 2552 4025; x_wconf 85' lang='lat' dir='ltr'><strong>mortuis</strong></span> <span class='ocrx_word' id='word_1_743' title='bbox 2581 3967 3003 4038; x_wconf 87' lang='lat' dir='ltr'><strong>calumniamini,</strong></span> <span class='ocrx_word' id='word_1_744' title='bbox 3042 3974 3099 4024; x_wconf 89' lang='lat' dir='ltr'><strong>ut</strong></span> <span class='ocrx_word' id='word_1_745' title='bbox 3125 3967 3409 4026; x_wconf 67' lang='lat' dir='ltr'><strong>catboiicaa</strong></span> <span class='ocrx_word' id='word_1_746' title='bbox 3440 3969 3626 4027; x_wconf 77' lang='lat' dir='ltr'><strong>imitati</strong></span> 
     </span>
    </p>
   </div>
   <div class='ocr_carea' id='block_1_96' title="bbox 2033 4053 3622 4133">
    <p class='ocr_par' dir='ltr' id='par_1_96' title="bbox 2033 4053 3622 4133">
     <span class='ocr_line' id='line_1_96' title="bbox 2033 4053 3622 4133; baseline 0 -13"><span class='ocrx_word' id='word_1_747' title='bbox 2033 4063 2429 4120; x_wconf 78' lang='lat' dir='ltr'><strong>communicare</strong></span> <span class='ocrx_word' id='word_1_748' title='bbox 2466 4061 2710 4119; x_wconf 89' lang='lat' dir='ltr'><strong>nolentes</strong></span> <span class='ocrx_word' id='word_1_749' title='bbox 2757 4062 2953 4118; x_wconf 88' lang='lat' dir='ltr'><strong>vestris</strong></span> <span class='ocrx_word' id='word_1_750' title='bbox 2995 4053 3206 4133; x_wconf 79' lang='lat' dir='ltr'><strong>ignibus</strong></span> <span class='ocrx_word' id='word_1_751' title='bbox 3257 4063 3388 4118; x_wconf 77' lang='lat' dir='ltr'><strong>vere</strong></span> <span class='ocrx_word' id='word_1_752' title='bbox 3424 4064 3622 4120; x_wconf 73' lang='lat' dir='ltr'><strong>moria-</strong></span> 
     </span>
    </p>
   </div>
   <div class='ocr_carea' id='block_1_97' title="bbox 2031 4151 3624 4225">
    <p class='ocr_par' dir='ltr' id='par_1_97' title="bbox 2031 4151 3624 4225">
     <span class='ocr_line' id='line_1_97' title="bbox 2031 4151 3624 4225; baseline 0.001 -16"><span class='ocrx_word' id='word_1_753' title='bbox 2031 4153 2183 4210; x_wconf 92' lang='lat' dir='ltr'><strong>mini.</strong></span> <span class='ocrx_word' id='word_1_754' title='bbox 2227 4151 2512 4225; x_wconf 84' lang='lat' dir='ltr'><strong>Responde</strong></span> <span class='ocrx_word' id='word_1_755' title='bbox 2551 4151 2619 4208; x_wconf 86' lang='lat' dir='ltr'><strong>ad</strong></span> <span class='ocrx_word' id='word_1_756' title='bbox 2648 4152 2750 4207; x_wconf 86' lang='lat' dir='ltr'><strong>ista</strong></span> <span class='ocrx_word' id='word_1_757' title='bbox 2779 4168 2795 4207; x_wconf 90' lang='lat'><strong>:</strong></span> <span class='ocrx_word' id='word_1_758' title='bbox 2819 4160 2975 4208; x_wconf 84' lang='lat' dir='ltr'><strong>vacat</strong></span> <span class='ocrx_word' id='word_1_759' title='bbox 3003 4151 3097 4208; x_wconf 90' lang='lat' dir='ltr'><strong>tibi</strong></span> <span class='ocrx_word' id='word_1_760' title='bbox 3125 4152 3364 4223; x_wconf 76' lang='lat' dir='ltr'><strong>cogitare</strong></span> <span class='ocrx_word' id='word_1_761' title='bbox 3391 4154 3524 4225; x_wconf 85' lang='lat' dir='ltr'><strong>quid</strong></span> <span class='ocrx_word' id='word_1_762' title='bbox 3549 4153 3624 4211; x_wconf 79' lang='lat' dir='ltr'><strong>di-</strong></span> 
     </span>
    </p>
   </div>
   <div class='ocr_carea' id='block_1_98' title="bbox 2030 4241 3618 4316">
    <p class='ocr_par' dir='ltr' id='par_1_98' title="bbox 2030 4241 3618 4316">
     <span class='ocr_line' id='line_1_98' title="bbox 2030 4241 3618 4316; baseline 0.001 -14"><span class='ocrx_word' id='word_1_763' title='bbox 2030 4253 2142 4302; x_wconf 79' lang='lat' dir='ltr'><strong>cas.</strong></span> <span class='ocrx_word' id='word_1_764' title='bbox 2182 4243 2381 4303; x_wconf 85' lang='lat' dir='ltr'><strong>Saltem</strong></span> <span class='ocrx_word' id='word_1_765' title='bbox 2406 4244 2464 4300; x_wconf 86' lang='lat' dir='ltr'><strong>in</strong></span> <span class='ocrx_word' id='word_1_766' title='bbox 2489 4241 2594 4300; x_wconf 88' lang='lat' dir='ltr'><strong>hoc</strong></span> <span class='ocrx_word' id='word_1_767' title='bbox 2621 4243 2836 4316; x_wconf 87' lang='lat' dir='ltr'><strong>aliquod</strong></span> <span class='ocrx_word' id='word_1_768' title='bbox 2880 4243 2974 4301; x_wconf 88' lang='lat' dir='ltr'><strong>tibi</strong></span> <span class='ocrx_word' id='word_1_769' title='bbox 3014 4243 3332 4300; x_wconf 82' lang='lat' dir='ltr'><strong>beneﬁcium</strong></span> <span class='ocrx_word' id='word_1_770' title='bbox 3371 4245 3618 4303; x_wconf 78' lang='lat' dir='ltr'><strong>confera-</strong></span> 
     </span>
    </p>
   </div>
   <div class='ocr_carea' id='block_1_99' title="bbox 2031 4331 3619 4407">
    <p class='ocr_par' dir='ltr' id='par_1_99' title="bbox 2031 4331 3619 4407">
     <span class='ocr_line' id='line_1_99' title="bbox 2031 4331 3619 4407; baseline 0.001 -15"><span class='ocrx_word' id='word_1_771' title='bbox 2031 4351 2172 4404; x_wconf 92' lang='lat' dir='ltr'><strong>mus,</strong></span> <span class='ocrx_word' id='word_1_772' title='bbox 2224 4337 2284 4391; x_wconf 88' lang='lat' dir='ltr'><strong>ut</strong></span> <span class='ocrx_word' id='word_1_773' title='bbox 2307 4333 2435 4392; x_wconf 90' lang='lat' dir='ltr'><strong>dum</strong></span> <span class='ocrx_word' id='word_1_774' title='bbox 2465 4335 2669 4406; x_wconf 78' lang='lat' dir='ltr'><strong>cogitas</strong></span> <span class='ocrx_word' id='word_1_775' title='bbox 2695 4331 2964 4407; x_wconf 89' lang='lat' dir='ltr'><strong>quomodo</strong></span> <span class='ocrx_word' id='word_1_776' title='bbox 3000 4334 3347 4407; x_wconf 85' lang='lat' dir='ltr'><strong>respondeas,</strong></span> <span class='ocrx_word' id='word_1_777' title='bbox 3399 4337 3619 4394; x_wconf 86' lang='lat' dir='ltr'><strong>minime</strong></span> 
     </span>
    </p>
   </div>
   <div class='ocr_carea' id='block_1_100' title="bbox 2027 4421 3616 4501">
    <p class='ocr_par' dir='ltr' id='par_1_100' title="bbox 2027 4421 3616 4501">
     <span class='ocr_line' id='line_1_100' title="bbox 2027 4421 3616 4501; baseline 0.001 -16"><span class='ocrx_word' id='word_1_778' title='bbox 2027 4425 2231 4499; x_wconf 77' lang='lat' dir='ltr'><strong>cogites</strong></span> <span class='ocrx_word' id='word_1_779' title='bbox 2259 4425 2529 4498; x_wconf 89' lang='lat' dir='ltr'><strong>quomodo</strong></span> <span class='ocrx_word' id='word_1_780' title='bbox 2561 4426 2771 4482; x_wconf 86' lang='lat' dir='ltr'><strong>ardeas.</strong></span> <span class='ocrx_word' id='word_1_781' title='bbox 2801 4425 2908 4484; x_wconf 88' lang='lat' dir='ltr'><strong>Sed</strong></span> <span class='ocrx_word' id='word_1_782' title='bbox 2935 4421 3183 4484; x_wconf 85' lang='lat' dir='ltr'><strong>nolumus</strong></span> <span class='ocrx_word' id='word_1_783' title='bbox 3221 4437 3280 4484; x_wconf 89' lang='lat' dir='ltr'><strong>ut</strong></span> <span class='ocrx_word' id='word_1_784' title='bbox 3316 4428 3502 4501; x_wconf 88' lang='lat' dir='ltr'><strong>inopia</strong></span> <span class='ocrx_word' id='word_1_785' title='bbox 3531 4444 3616 4486; x_wconf 78' lang='lat' dir='ltr'><strong>re-</strong></span> 
     </span>
    </p>
   </div>
   <div class='ocr_carea' id='block_1_101' title="bbox 2026 4513 3618 4592">
    <p class='ocr_par' dir='ltr' id='par_1_101' title="bbox 2026 4513 3618 4592">
     <span class='ocr_line' id='line_1_101' title="bbox 2026 4513 3618 4592; baseline -0.001 -15"><span class='ocrx_word' id='word_1_786' title='bbox 2026 4519 2324 4592; x_wconf 87' lang='lat' dir='ltr'><strong>spondendi</strong></span> <span class='ocrx_word' id='word_1_787' title='bbox 2353 4519 2550 4575; x_wconf 82' lang='lat' dir='ltr'><strong>lassum</strong></span> <span class='ocrx_word' id='word_1_788' title='bbox 2577 4513 2706 4576; x_wconf 78' lang='lat' dir='ltr'><strong>illud</strong></span> <span class='ocrx_word' id='word_1_789' title='bbox 2731 4519 2787 4576; x_wconf 83' lang='lat' dir='ltr'><strong>et</strong></span> <span class='ocrx_word' id='word_1_790' title='bbox 2813 4523 3085 4590; x_wconf 80' lang='lat' dir='ltr'><strong>quassum,</strong></span> <span class='ocrx_word' id='word_1_791' title='bbox 3115 4518 3257 4591; x_wconf 76' lang='lat' dir='ltr'><strong>quod</strong></span> <span class='ocrx_word' id='word_1_792' title='bbox 3281 4519 3469 4576; x_wconf 80' lang='lat' dir='ltr'><strong>dicere</strong></span> <span class='ocrx_word' id='word_1_793' title='bbox 3495 4533 3618 4578; x_wconf 81' lang='lat' dir='ltr'><strong>con-</strong></span> 
     </span>
    </p>
   </div>
   <div class='ocr_carea' id='block_1_102' title="bbox 2026 4609 3618 4682">
    <p class='ocr_par' dir='ltr' id='par_1_102' title="bbox 2026 4609 3618 4682">
     <span class='ocr_line' id='line_1_102' title="bbox 2026 4609 3618 4682; baseline -0.001 -11"><span class='ocrx_word' id='word_1_794' title='bbox 2026 4614 2296 4682; x_wconf 88' lang='lat' dir='ltr'><strong>suevistis,</strong></span> <span class='ocrx_word' id='word_1_795' title='bbox 2317 4609 2491 4669; x_wconf 87' lang='lat' dir='ltr'><strong>adhuc</strong></span> <span class='ocrx_word' id='word_1_796' title='bbox 2512 4609 2607 4669; x_wconf 87' lang='lat' dir='ltr'><strong>tibi</strong></span> <span class='ocrx_word' id='word_1_797' title='bbox 2633 4611 2908 4669; x_wconf 84' lang='lat' dir='ltr'><strong>existimes</strong></span> <span class='ocrx_word' id='word_1_798' title='bbox 2937 4621 3058 4670; x_wconf 86' lang='lat' dir='ltr'><strong>esse</strong></span> <span class='ocrx_word' id='word_1_799' title='bbox 3083 4609 3384 4682; x_wconf 77' lang='lat' dir='ltr'><strong>dicendum,</strong></span> <span class='ocrx_word' id='word_1_800' title='bbox 3413 4613 3482 4670; x_wconf 83' lang='lat' dir='ltr'><strong>Si</strong></span> <span class='ocrx_word' id='word_1_801' title='bbox 3499 4615 3618 4670; x_wconf 67' lang='lat' dir='ltr'><strong>tates</strong></span> 
     </span>
    </p>
   </div>
   <div class='ocr_carea' id='block_1_103' title="bbox 2025 4701 3614 4781">
    <p class='ocr_par' dir='ltr' id='par_1_103' title="bbox 2025 4701 3614 4781">
     <span class='ocr_line' id='line_1_103' title="bbox 2025 4701 3614 4781; baseline 0.001 -19"><span class='ocrx_word' id='word_1_802' title='bbox 2025 4723 2224 4776; x_wconf 86' lang='lat' dir='ltr'><strong>sumus,</strong></span> <span class='ocrx_word' id='word_1_803' title='bbox 2255 4723 2411 4778; x_wconf 89' lang='lat' dir='ltr'><strong>quare</strong></span> <span class='ocrx_word' id='word_1_804' title='bbox 2438 4710 2529 4762; x_wconf 78' lang='lat' dir='ltr'><strong>nas</strong></span> <span class='ocrx_word' id='word_1_805' title='bbox 2563 4705 2828 4781; x_wconf 72' lang='lat' dir='ltr'><strong>quwritis?</strong></span> <span class='ocrx_word' id='word_1_806' title='bbox 2853 4701 3260 4778; x_wconf 78' lang='lat' dir='ltr'><strong>Respondemus</strong></span> <span class='ocrx_word' id='word_1_807' title='bbox 3285 4709 3431 4762; x_wconf 78' lang='lat' dir='ltr'><strong>enim</strong></span> <span class='ocrx_word' id='word_1_808' title='bbox 3461 4726 3476 4762; x_wconf 92' lang='lat'><strong>:</strong></span> <span class='ocrx_word' id='word_1_809' title='bbox 3505 4705 3614 4764; x_wconf 77' lang='lat' dir='ltr'><strong>Ma-</strong></span> 
     </span>
    </p>
   </div>
   <div class='ocr_carea' id='block_1_104' title="bbox 2025 4791 3613 4872">
    <p class='ocr_par' dir='ltr' id='par_1_104' title="bbox 2025 4791 3613 4872">
     <span class='ocr_line' id='line_1_104' title="bbox 2025 4791 3613 4872; baseline 0.002 -18"><span class='ocrx_word' id='word_1_810' title='bbox 2025 4799 2106 4871; x_wconf 78' lang='lat' dir='ltr'><strong>gis</strong></span> <span class='ocrx_word' id='word_1_811' title='bbox 2133 4813 2229 4855; x_wconf 78' lang='lat' dir='ltr'><strong>vos</strong></span> <span class='ocrx_word' id='word_1_812' title='bbox 2256 4795 2518 4856; x_wconf 89' lang='lat' dir='ltr'><strong>catholica</strong></span> <span class='ocrx_word' id='word_1_813' title='bbox 2554 4791 2793 4856; x_wconf 80' lang='lat' dir='ltr'><strong>Ecclesia</strong></span> <span class='ocrx_word' id='word_1_814' title='bbox 2822 4793 2982 4858; x_wconf 86' lang='lat' dir='ltr'><strong>debet</strong></span> <span class='ocrx_word' id='word_1_815' title='bbox 3019 4803 3282 4872; x_wconf 69' lang='lat' dir='ltr'><strong>quaerere,</strong></span> <span class='ocrx_word' id='word_1_816' title='bbox 3312 4801 3440 4871; x_wconf 76' lang='lat' dir='ltr'><strong>quia</strong></span> <span class='ocrx_word' id='word_1_817' title='bbox 3471 4795 3613 4872; x_wconf 77' lang='lat' dir='ltr'><strong>peri-</strong></span> 
     </span>
    </p>
   </div>
   <div class='ocr_carea' id='block_1_105' title="bbox 2023 4887 3612 4964">
    <p class='ocr_par' dir='ltr' id='par_1_105' title="bbox 2023 4887 3612 4964">
     <span class='ocr_line' id='line_1_105' title="bbox 2023 4887 3612 4964; baseline 0 -16"><span class='ocrx_word' id='word_1_818' title='bbox 2023 4893 2141 4961; x_wconf 88' lang='lat' dir='ltr'><strong>stis,</strong></span> <span class='ocrx_word' id='word_1_819' title='bbox 2170 4891 2216 4947; x_wconf 92' lang='lat' dir='ltr'><strong>si</strong></span> <span class='ocrx_word' id='word_1_820' title='bbox 2241 4905 2337 4949; x_wconf 89' lang='lat' dir='ltr'><strong>vos</strong></span> <span class='ocrx_word' id='word_1_821' title='bbox 2364 4887 2780 4948; x_wconf 80' lang='lat' dir='ltr'><strong>Maximianistas</strong></span> <span class='ocrx_word' id='word_1_822' title='bbox 2811 4891 3002 4963; x_wconf 83' lang='lat' dir='ltr'><strong>perditi</strong></span> <span class='ocrx_word' id='word_1_823' title='bbox 3029 4891 3267 4964; x_wconf 90' lang='lat' dir='ltr'><strong>perditos</strong></span> <span class='ocrx_word' id='word_1_824' title='bbox 3294 4887 3612 4963; x_wconf 84' lang='lat' dir='ltr'><strong>inquisistis.</strong></span> 
     </span>
    </p>
   </div>
   <div class='ocr_carea' id='block_1_106' title="bbox 2024 4983 3613 5058">
    <p class='ocr_par' dir='ltr' id='par_1_106' title="bbox 2024 4983 3613 5058">
     <span class='ocr_line' id='line_1_106' title="bbox 2024 4983 3613 5058; baseline -0.003 -14"><span class='ocrx_word' id='word_1_825' title='bbox 2024 4987 2104 5044; x_wconf 88' lang='lat' dir='ltr'><strong>De</strong></span> <span class='ocrx_word' id='word_1_826' title='bbox 2145 4986 2310 5044; x_wconf 89' lang='lat' dir='ltr'><strong>corde</strong></span> <span class='ocrx_word' id='word_1_827' title='bbox 2351 4986 2494 5042; x_wconf 89' lang='lat' dir='ltr'><strong>enim</strong></span> <span class='ocrx_word' id='word_1_828' title='bbox 2522 4985 2704 5042; x_wconf 84' lang='lat' dir='ltr'><strong>vestro</strong></span> <span class='ocrx_word' id='word_1_829' title='bbox 2747 4983 2903 5042; x_wconf 88' lang='lat' dir='ltr'><strong>nobis</strong></span> <span class='ocrx_word' id='word_1_830' title='bbox 2931 4985 3127 5054; x_wconf 88' lang='lat' dir='ltr'><strong>dicitis,</strong></span> <span class='ocrx_word' id='word_1_831' title='bbox 3180 4983 3351 5053; x_wconf 80' lang='lat' dir='ltr'><strong>Quare</strong></span> <span class='ocrx_word' id='word_1_832' title='bbox 3391 4984 3613 5058; x_wconf 64' lang='lat' dir='ltr'><strong>queritis</strong></span> 
     </span>
    </p>
   </div>
   <div class='ocr_carea' id='block_1_107' title="bbox 2024 5071 3613 5150">
    <p class='ocr_par' dir='ltr' id='par_1_107' title="bbox 2024 5071 3613 5150">
     <span class='ocr_line' id='line_1_107' title="bbox 2024 5071 3613 5150; baseline -0.003 -15"><span class='ocrx_word' id='word_1_833' title='bbox 2024 5088 2095 5135; x_wconf 86' lang='lat' dir='ltr'><strong>tot</strong></span> <span class='ocrx_word' id='word_1_834' title='bbox 2120 5089 2469 5150; x_wconf 85' lang='lat' dir='ltr'><strong>tantorumque</strong></span> <span class='ocrx_word' id='word_1_835' title='bbox 2493 5094 2604 5133; x_wconf 84' lang='lat' dir='ltr'><strong>reos</strong></span> <span class='ocrx_word' id='word_1_836' title='bbox 2629 5071 2937 5132; x_wconf 72' lang='lat' dir='ltr'><strong>criminum?</strong></span> <span class='ocrx_word' id='word_1_837' title='bbox 2963 5075 3067 5134; x_wconf 79' lang='lat' dir='ltr'><strong>sed</strong></span> <span class='ocrx_word' id='word_1_838' title='bbox 3089 5075 3155 5133; x_wconf 86' lang='lat' dir='ltr'><strong>de</strong></span> <span class='ocrx_word' id='word_1_839' title='bbox 3181 5073 3319 5133; x_wconf 69' lang='lat' dir='ltr'><strong>libro</strong></span> <span class='ocrx_word' id='word_1_840' title='bbox 3346 5075 3445 5132; x_wconf 88' lang='lat' dir='ltr'><strong>Dei</strong></span> <span class='ocrx_word' id='word_1_841' title='bbox 3465 5074 3613 5132; x_wconf 82' lang='lat' dir='ltr'><strong>vobis</strong></span> 
     </span>
    </p>
   </div>
   <div class='ocr_carea' id='block_1_108' title="bbox 2024 5169 3611 5245">
    <p class='ocr_par' dir='ltr' id='par_1_108' title="bbox 2024 5169 3611 5245">
     <span class='ocr_line' id='line_1_108' title="bbox 2024 5169 3611 5245; baseline -0.001 -17"><span class='ocrx_word' id='word_1_842' title='bbox 2024 5171 2446 5243; x_wconf 89' lang='lat' dir='ltr'><strong>respondemus,</strong></span> <span class='ocrx_word' id='word_1_843' title='bbox 2502 5173 2626 5243; x_wconf 87' lang='lat' dir='ltr'><strong>quia</strong></span> <span class='ocrx_word' id='word_1_844' title='bbox 2687 5171 2911 5229; x_wconf 78' lang='lat' dir='ltr'><strong>charitas</strong></span> <span class='ocrx_word' id='word_1_845' title='bbox 2965 5171 3187 5245; x_wconf 79' lang='lat' dir='ltr'><strong>cooperit</strong></span> <span class='ocrx_word' id='word_1_846' title='bbox 3240 5169 3611 5227; x_wconf 59' lang='lat' dir='ltr'><strong>multitudinea</strong></span> 
     </span>
    </p>
   </div>
   <div class='ocr_carea' id='block_1_109' title="bbox 2022 5259 2793 5339">
    <p class='ocr_par' dir='ltr' id='par_1_109' title="bbox 2022 5259 2793 5339">
     <span class='ocr_line' id='line_1_109' title="bbox 2022 5259 2793 5339; baseline 0.003 -18"><span class='ocrx_word' id='word_1_847' title='bbox 2022 5273 2342 5337; x_wconf 86' lang='lat' dir='ltr'><strong>peccatorum</strong></span> <span class='ocrx_word' id='word_1_848' title='bbox 2368 5259 2412 5338; x_wconf 86' lang='grc' dir='ltr'>(Ι</span> <span class='ocrx_word' id='word_1_849' title='bbox 2437 5261 2580 5321; x_wconf 84' lang='lat' dir='ltr'><strong>Petr.</strong></span> <span class='ocrx_word' id='word_1_850' title='bbox 2607 5267 2682 5337; x_wconf 78' lang='lat' dir='ltr'><strong>iv,</strong></span> <span class='ocrx_word' id='word_1_851' title='bbox 2715 5264 2793 5339; x_wconf 90' lang='lat'><strong>8).</strong></span> 
     </span>
    </p>
   </div>
   <div class='ocr_carea' id='block_1_110' title="bbox 390 5338 848 5399">
    <p class='ocr_par' dir='ltr' id='par_1_110' title="bbox 390 5338 848 5399">
     <span class='ocr_line' id='line_1_110' title="bbox 390 5338 848 5399; baseline -0.002 -11"><span class='ocrx_word' id='word_1_852' title='bbox 390 5339 410 5371; x_wconf 73' lang='grc' dir='ltr'>ι</span> <span class='ocrx_word' id='word_1_853' title='bbox 445 5348 569 5399; x_wconf 82' lang='grc' dir='ltr'><strong>Αω.,</strong></span> <span class='ocrx_word' id='word_1_854' title='bbox 591 5350 677 5390; x_wconf 80' lang='lat' dir='ltr'><strong>nos</strong></span> <span class='ocrx_word' id='word_1_855' title='bbox 695 5338 848 5390; x_wconf 84' lang='lat' dir='ltr'><strong>mites.</strong></span> 
     </span>
    </p>
   </div>
   <div class='ocr_carea' id='block_1_111' title="bbox 389 5399 1447 5461">
    <p class='ocr_par' dir='ltr' id='par_1_111' title="bbox 389 5399 1447 5461">
     <span class='ocr_line' id='line_1_111' title="bbox 389 5399 1447 5461; baseline 0.001 -13"><span class='ocrx_word' id='word_1_856' title='bbox 389 5401 410 5433; x_wconf 77' lang='grc'>³</span> <span class='ocrx_word' id='word_1_857' title='bbox 443 5407 542 5450; x_wconf 79' lang='lat' dir='ltr'><strong>Am.</strong></span> <span class='ocrx_word' id='word_1_858' title='bbox 563 5407 637 5450; x_wconf 82' lang='lat' dir='ltr'><strong>Er.</strong></span> <span class='ocrx_word' id='word_1_859' title='bbox 659 5407 711 5450; x_wconf 91' lang='lat' dir='ltr'><strong>et</strong></span> <span class='ocrx_word' id='word_1_860' title='bbox 727 5402 976 5451; x_wconf 85' lang='lat' dir='ltr'><strong>Parcensis</strong></span> <span class='ocrx_word' id='word_1_861' title='bbox 991 5408 1098 5461; x_wconf 65' lang='lat' dir='ltr'><strong>Ms,</strong></span> <span class='ocrx_word' id='word_1_862' title='bbox 1121 5399 1447 5451; x_wconf 70' lang='lat' dir='ltr'><strong>inmanitatis.</strong></span> 
     </span>
    </p>
   </div>
   <div class='ocr_carea' id='block_1_112' title="bbox 391 5462 2630 5551">
    <p class='ocr_par' dir='ltr' id='par_1_112' title="bbox 391 5462 2630 5551">
     <span class='ocr_line' id='line_1_112' title="bbox 391 5462 2630 5551; baseline -0.001 0"><span class='ocrx_word' id='word_1_863' title='bbox 391 5462 415 5551; x_wconf 74' lang='grc' dir='ltr'><strong>ἶ</strong></span> <span class='ocrx_word' id='word_1_864' title='bbox 445 5463 1679 5551; x_wconf 46' lang='grc' dir='ltr'><strong>ἕξεθΞΡξιίὶὲοίέηπηίέτα.Μαξσ.ἰῗὲευενέπ·</strong></span> <span class='ocrx_word' id='word_1_865' title='bbox 2083 5485 2158 5551; x_wconf 79' lang='grc' dir='ltr'><strong>(α)</strong></span> <span class='ocrx_word' id='word_1_866' title='bbox 2192 5489 2349 5551; x_wconf 69' lang='lat' dir='ltr'><strong>optati</strong></span> <span class='ocrx_word' id='word_1_867' title='bbox 2369 5485 2630 5540; x_wconf 64' lang='lat' dir='ltr'><strong>cadant-ni</strong></span> 
     </span>
    </p>
   </div>
   <div class='ocr_carea' id='block_1_113' title="bbox 387 5521 2648 5591">
    <p class='ocr_par' dir='ltr' id='par_1_113' title="bbox 387 5521 2648 5591">
     <span class='ocr_line' id='line_1_113' title="bbox 387 5521 2648 5591; baseline -0.025 1"><span class='ocrx_word' id='word_1_868' title='bbox 387 5521 415 5557; x_wconf 76' lang='grc'>⁸</span> <span class='ocrx_word' id='word_1_869' title='bbox 444 5523 580 5589; x_wconf 63' lang='grc' dir='ltr'>ᾹΜ</span> <span class='ocrx_word' id='word_1_870' title='bbox 597 5530 677 5579; x_wconf 76' lang='lat' dir='ltr'><strong>Es.</strong></span> <span class='ocrx_word' id='word_1_871' title='bbox 696 5521 849 5591; x_wconf 55' lang='lat' dir='ltr'><strong>mea.</strong></span> <span class='ocrx_word' id='word_1_872' title='bbox 871 5531 929 5578; x_wconf 84' lang='lat' dir='ltr'><strong>et</strong></span> <span class='ocrx_word' id='word_1_873' title='bbox 947 5530 1088 5589; x_wconf 64' lang='lat' dir='ltr'><strong>item,</strong></span> <span class='ocrx_word' id='word_1_874' title='bbox 1111 5521 1489 5590; x_wconf 62' lang='grc' dir='ltr'><strong>νξιρσηαεναέε,</strong></span> <span class='ocrx_word' id='word_1_875' title='bbox 1572 5532 1632 5578; x_wconf 79' lang='grc' dir='ltr'><strong>ιι,</strong></span> <span class='ocrx_word' id='word_1_876' title='bbox 2085 5521 2158 5551; x_wconf 73' lang='lat' dir='ltr'>w</span> <span class='ocrx_word' id='word_1_877' title='bbox 2193 5521 2349 5551; x_wconf 73' lang='grc' dir='ltr'><strong>νιν-κ</strong></span> <span class='ocrx_word' id='word_1_878' title='bbox 2370 5521 2648 5540; x_wconf 57' lang='grc' dir='ltr'><strong>πωπω-ι..</strong></span> 
     </span>
    </p>
   </div>
  </div>
