3816 6164
354 245 465 307 765

353 355 505 414 nium
531 351 783 428 Cypriani
808 348 1114 426 posuimus,
1154 356 1335 407 etnec
1377 359 1564 422 aperte
1593 347 1670 405 illi
1697 347 1950 405 resistere

364 451 484 506 ausi
509 449 639 507 estis
664 491 680 518 ,
710 463 811 505 nec
852 457 1030 503 tamen
1072 442 1382 502 consentire
1426 443 1704 500 voluistis?
1744 441 1951 512 Nempe

357 556 502 599 nunc
527 541 713 597 saltem
743 538 1153 610 expergisceris,
1185 535 1338 593 audis
1357 579 1373 606 ,
1401 535 1641 592 advertis
1663 577 1681 605 ,
1710 535 1831 607 quia
1859 533 1951 588 etsi

299 635 307 703 ξ
355 635 584 690 uidcntur
607 633 661 687 in
702 629 936 687 Ecclesia
974 647 1080 686 esse
1111 630 1344 697 zizania,
1374 645 1478 684 non
1507 638 1676 684 tamen
1715 625 1951 697 impediri

299 710 318 793 ξ
354 725 497 780 debet
523 732 612 778 aut
634 723 784 793 ﬁdes,
810 731 898 778 aut
925 722 1150 779 charitas
1175 731 1386 789 nostra;
1410 730 1466 776 ut
1486 721 1726 791 quoniam
1753 717 1954 773 zizania

306 796 317 896 ἶ
354 833 458 873 csse
483 817 536 870 in
565 815 792 871 Ecclesia
821 816 1093 882 cernimus,
1125 815 1227 888 ipsi
1272 814 1335 869 de
1363 811 1599 868 Ecclesia
1635 813 1948 868 recedamus.

353 907 532 976 Quare
572 922 702 978 ergo
739 921 838 963 vos
879 907 949 963 ab
993 908 1200 964 unitate
1244 906 1401 978 hujus
1445 905 1704 963 Ecclesiae
1747 905 1952 962 nefario

356 999 649 1055 schismate
685 997 999 1066 disceditis,
1045 1009 1101 1054 et
1145 998 1393 1054 haeretica
1438 997 1854 1069 praesumptione
1897 996 1952 1051 in

360 1089 549 1148 eadem
579 1090 895 1146 discissione
925 1089 1251 1161 persistitis?
1298 1089 1437 1144 Ecce
1465 1088 1558 1144 tibi
1601 1087 1902 1159 Cyprianus
1927 1129 1944 1156 ,

361 1183 608 1241 eonsenti
637 1183 712 1238 illi
733 1225 748 1251 ,
778 1193 871 1238 aut
896 1183 1163 1253 responde
1189 1182 1284 1238 illi.
1313 1181 1477 1238 Vides
1503 1180 1952 1253 quemadmodum

359 1278 445 1334 his
469 1277 668 1345 verbis,
696 1276 889 1348 quibus
916 1276 1046 1332 dicit
1075 1291 1199 1332 esse
1223 1275 1276 1330 in
1304 1275 1542 1332 Ecclesia
1591 1275 1848 1346 cernique
1876 1275 1953 1330 zi-

358 1371 531 1438 zania,
563 1384 664 1426 nec
690 1378 871 1425 tamen
895 1368 963 1424 ab
986 1368 1073 1424 illa
1117 1376 1398 1440 propterea
1428 1367 1626 1424 debere
1653 1367 1953 1436 discedere,

359 1463 502 1519 delet
534 1477 721 1518 omnes
755 1471 965 1518 tuorum
1010 1461 1331 1531 scriptorum
1374 1459 1709 1516 calumnias?
1751 1459 1955 1527 Quibus

359 1556 521 1612 etiam
551 1557 605 1611 in
634 1563 782 1611 tanta
809 1554 1030 1626 abrupta
1053 1567 1364 1624 progressus
1388 1567 1467 1618 es,
1499 1561 1554 1608 et
1575 1561 1627 1607 te
1654 1566 1804 1607 more
1855 1565 1956 1607 ve-

359 1655 474 1704 stro
519 1647 936 1717 praecipitasti‘,
962 1655 1022 1700 ut
1050 1645 1286 1710 diceres,
1315 1645 1474 1701 etiam
1519 1645 1824 1701 nescientes
1863 1643 1955 1714 qui

363 1745 729 1809 peccaverunt
752 1737 818 1793 de
849 1737 1097 1793 universo
1123 1736 1344 1805 mundo,
1373 1737 1609 1807 peccatis
1644 1736 1833 1791 alienis
1862 1749 1958 1806 po-

360 1831 529 1885 tuisse
558 1830 732 1900 perire
751 1827 1119 1894 Christianos;
1148 1829 1270 1899 quia
1292 1827 1497 1884 scilicet
1531 1828 1724 1899 legitur
1745 1828 1798 1882 in
1829 1841 1958 1904 sane

361 1922 463 1978 ctis
487 1920 799 1991 Scripturis,
830 1937 992 1976 unum
1023 1921 1091 1977 de
1125 1921 1465 1978 anathemate
1504 1921 1669 1978 fuisse
1697 1919 1953 1990 furatum,

364 2019 421 2068 et
440 2026 538 2083 pro
562 2011 664 2066 isto
689 2020 908 2081 peccato
927 2012 1157 2068 alienum
1178 2014 1429 2083 populum
1446 2012 1773 2068 nescientem
1795 2011 1958 2069 fuisse

363 2103 612 2175 punitum
643 2101 842 2174 (Iosue
864 2104 971 2172 vn)
999 2121 1012 2158 :
1036 2103 1289 2174 ignorans
1329 2103 1449 2158 illas
1490 2102 1796 2158 mortalium
1837 2117 1959 2159 cor-

363 2211 554 2268 porum
585 2209 790 2266 ptenas,
822 2195 924 2251 hoc
949 2204 1051 2262 est,
1084 2195 1463 2251 moriturorum
1489 2202 1690 2250 mortes
1712 2235 1726 2262 ,
1757 2193 1822 2248 ad
1850 2196 1958 2249 uti-

362 2289 475 2344 lem
519 2296 778 2343 terrorem
822 2287 1019 2358 populo
1062 2288 1331 2354 valuisse;
1378 2303 1485 2342 non
1533 2297 1711 2344 tamen
1754 2288 1959 2345 eisdem

363 2380 593 2437 mortuis
617 2379 684 2434 ad
722 2379 938 2449 aliquod
962 2380 1340 2435 detrimentum
1369 2379 1560 2435 futurae
1601 2380 1750 2447 vitae,
1785 2379 1960 2436 aliena

364 2479 604 2542 peccata,
635 2471 931 2540 praesertim
955 2485 1075 2540 quae
1103 2471 1438 2536 nescierunt,
1467 2471 1666 2542 aliquid
1694 2470 1955 2529 obfuisse.

366 2562 519 2618 Itane
546 2570 603 2616 ut
629 2561 731 2617 hoc
755 2561 980 2629 diceres,
1010 2561 1154 2618 itane
1197 2571 1258 2617 ut
1301 2564 1535 2634 peccatis
1579 2563 1772 2620 alienis
1796 2565 1957 2620 etiam

365 2655 669 2727 incognitis,
701 2655 881 2726 perire
909 2657 1019 2712 Deo
1047 2671 1368 2727 quemquam
1390 2699 1404 2724 ,
1437 2656 1664 2714 credere
1692 2665 1746 2714 et
1774 2657 1961 2716 dicere

368 2747 615 2814 auderes,
643 2763 744 2803 nec
772 2748 960 2804 saltem
991 2749 1136 2819 ipsos
1173 2749 1393 2805 timuisti
1423 2751 1654 2821 collegas
1682 2759 1802 2807 tuos
1821 2794 1836 2821 ,
1869 2752 1961 2823 qui

366 2847 421 2896 te
444 2841 497 2896 in
526 2850 707 2897 nostra
736 2840 1030 2898 Collatione
1050 2843 1341 2910 reticente,
1372 2853 1427 2899 et
1451 2843 1678 2901 fortasse
1704 2860 1826 2900 cum
1857 2844 1960 2900 hoc

363 2931 474 3004 jam
517 2933 745 2988 sentires
785 2948 893 2987 non
923 2933 1187 3002 audente,
1221 2936 1384 2990 tantis
1410 2935 1858 3007 disceptationum
1884 2937 1962 2994 la-

368 3022 576 3079 teribus
599 3035 1003 3095 pugnaverunt,
1033 3025 1205 3096 pisces
1244 3027 1416 3082 malos
1445 3028 1499 3082 in
1527 3028 1807 3085 dominicis
1834 3031 1962 3087 reti-

368 3116 473 3172 bus
517 3132 550 3171 a
591 3115 946 3187 piscatoribus
997 3120 1267 3189 ignorari,
1319 3134 1388 3176 ne
1432 3120 1681 3178 videlicet
1723 3124 1963 3194 perirent

368 3222 556 3263 eorum
593 3209 907 3280 contagione
934 3251 950 3279 ,
979 3210 1025 3265 si
1070 3211 1314 3267 scirent?
1364 3211 1551 3268 Nonne
1579 3213 1672 3269 tibi
1717 3216 1863 3271 venit
1906 3217 1958 3273 in

366 3309 602 3359 mentem
623 3344 640 3370 ,
668 3301 735 3358 de
763 3303 914 3374 palea
943 3303 1223 3360 dominica:
1250 3321 1424 3374 areae;
1453 3305 1506 3361 id
1534 3314 1650 3374 est,
1680 3307 1958 3380 Ecclesiae,

368 3407 539 3465 usque
566 3393 633 3449 ad
660 3401 869 3466 tempus
893 3396 1252 3452 ventilationis
1281 3397 1335 3452 in
1361 3411 1467 3452 una
1490 3397 1852 3468 permixtione
1880 3409 1964 3456 to-

368 3485 626 3554 leranda,
668 3486 1060 3557 disputantibus
1085 3490 1105 3520 ²
1129 3529 1146 3556 ,
1187 3503 1310 3545 cum
1347 3488 1616 3544 Emeritus
1660 3502 1959 3563 urgeretur,

368 3592 594 3648 negasse
611 3577 759 3633 illum
780 3586 936 3650 atque
951 3579 1178 3648 dixisse,
1203 3579 1321 3634 Non
1340 3581 1462 3652 legis
1487 3597 1656 3636 aream
1674 3581 1882 3652 (Collat.
1905 3586 1958 3651 5,

375 3684 495 3740 cap.
526 3668 680 3741 262).
712 3669 812 3737 Qui
841 3685 960 3725 cum
988 3679 1042 3725 et
1065 3685 1095 3724 a
1139 3671 1248 3726 suis
1277 3673 1534 3728 secretius
1559 3672 1956 3742 admoneretur,

371 3768 429 3816 et
453 3776 484 3815 a
511 3759 666 3816 nobis
709 3761 944 3831 apertius
970 3761 1514 3818 commemorantibus
1538 3779 1604 3818 ex
1631 3763 1922 3836 Evangelio
1940 3807 1957 3834 ,

369 3849 657 3906 Dominum
700 3864 822 3904 esse
866 3858 1148 3905 venturum
1197 3850 1454 3906 ferentem
1498 3853 1852 3909 ventilabrum
1905 3855 1960 3911 in

370 3954 537 3998 manu
565 3953 682 4006 sua,
714 3940 803 4010 qui
835 3939 1110 3996 mundabit
1136 3955 1316 3997 aream
1347 3957 1518 4009 suam,
1554 3952 1608 3998 et
1634 3944 1959 4001 frumentum

369 4031 628 4090 recondet
652 4033 705 4088 in
737 4033 952 4101 horreo,
980 4034 1187 4104 paleam
1212 4050 1341 4091 vero
1365 4035 1646 4092 comburet
1676 4037 1784 4108 igni
1813 4038 1961 4094 inex-

365 4124 662 4196 stinguibili
688 4123 898 4197 (Matth.
933 4141 1014 4192 ιιι,
1064 4126 1152 4197 12)
1172 4168 1185 4192 ,
1218 4127 1469 4183 continuo
1495 4129 1794 4186 correxisse
1823 4130 1960 4187 obli-

371 4218 544 4276 vionis
570 4233 826 4286 errorem,
860 4234 965 4290 quo
1013 4229 1297 4290 negaverat
1332 4220 1622 4292 scriptum;
1657 4237 1756 4278 nec
1784 4233 1960 4280 tamen

370 4309 677 4366 bmraticam
705 4310 790 4365 vel
830 4310 1226 4366 schismaticam
1269 4313 1598 4369 convertisse
1632 4316 1958 4385 perversita-

370 4411 504 4472 tem,
536 4418 637 4474 qua
682 4402 911 4474 negabat
949 4404 1117 4459 malos
1145 4419 1174 4457 a
1212 4403 1366 4460 bonis
1394 4405 1590 4461 debere
1632 4423 1729 4478 pro
1761 4409 1961 4466 unitate

369 4494 629 4552 Ecclesia:
651 4495 900 4551 sustineri
926 4513 938 4549 :
957 4495 1316 4567 continuoque
1336 4496 1554 4565 dixisse,
1579 4499 1721 4569 quod
1744 4500 1959 4557 nomine

374 4586 564 4659 paleae,
593 4587 720 4641 mali
749 4586 1177 4658 significarentur
1202 4588 1432 4656 occulti,
1461 4597 1521 4643 ut
1545 4588 1632 4644 hic
1662 4605 1837 4646 causae
1862 4607 1957 4648 ve-

367 4686 497 4734 titrae
543 4676 807 4748 praecipua
854 4677 1124 4748 diligentia
1172 4679 1458 4734 servaretis
1486 4721 1502 4744 ,
1549 4680 1690 4750 quod
1732 4681 1959 4753 ignorati

370 4768 498 4824 mali
524 4769 918 4825 commaculare
959 4769 1224 4826 bonorum
1253 4771 1522 4827 neminem
1549 4783 1789 4843 possent.
1822 4775 1958 4832 Ecce

368 4859 538 4932 partis
576 4869 765 4916 vestrae
804 4869 1059 4932 patronus
1088 4863 1332 4933 egregius
1369 4863 1633 4934 perdidit,
1668 4873 1721 4921 te
1764 4865 1957 4923 adver-

369 4960 544 5018 sante,
575 4951 785 5008 labores
814 4967 959 5009 suos.
984 4953 1079 5010 Ille
1104 4954 1301 5026 quippe
1321 4962 1379 5010 ut
1407 4956 1670 5011 custodiat
1692 4956 1957 5014 bonorum

370 5045 632 5116 salutem,
679 5062 898 5118 prorsus
927 5048 981 5103 in
1028 5048 1268 5105 Ecclesia
1310 5050 1480 5105 malos
1523 5061 1897 5120 permanentes
1926 5067 1955 5108 a

366 5139 526 5198 bonis
565 5138 808 5211 perhibet
852 5141 1116 5213 ignorari,
1163 5129 1241 5198 ne
1274 5141 1498 5214 perdant
1532 5157 1624 5199 eos
1667 5143 1712 5198 si
1760 5141 1958 5200 fuerint

369 5231 568 5305 cogniti
598 5241 652 5288 et
674 5230 884 5288 tolerati
910 5251 922 5287 :
950 5244 1006 5289 tu
1035 5243 1208 5289 autem
1249 5235 1408 5289 etiam
1448 5235 1810 5305 ignoratorum
1840 5250 1956 5291 ma-

371 5327 547 5385 lorum
594 5324 842 5396 contagio
870 5324 1040 5381 bonos
1083 5326 1260 5396 perire
1287 5325 1490 5380 dixisti.
1516 5325 1698 5396 Neque
1736 5325 1958 5382 timuisti

429 5461 448 5497 ι
483 5458 620 5520 Editi,
647 5464 693 5510 et
707 5464 891 5522 tumore
905 5465 1062 5522 uestro
1081 5457 1429 5522 principitasti:
1453 5458 1688 5522 mendose
1705 5471 1808 5520 pro,
1847 5467 1894 5511 et
1915 5467 1961 5513 te

364 5534 498 5572 more
521 5518 674 5571 vestro
706 5518 1037 5584 praecipitasti.
1064 5518 1266 5584 tiulchr'e
1289 5518 1457 5584 alludit
1479 5521 1540 5570 ad
1559 5518 1743 5584 morem
1763 5525 1960 5574 Donati-

367 5591 566 5648 starum,
591 5581 716 5646 quos
730 5581 883 5648 supra
918 5581 1042 5648 libro
1066 5584 1112 5643 1,
1135 5596 1185 5632 n.
1209 5583 1288 5646 30,
1316 5583 1584 5647 redarguit,
1610 5583 1740 5648 quod
1762 5596 1878 5638 sese
1899 5585 1959 5639 ad

366 5646 571 5711 exitium
589 5642 902 5711 praecipitare
912 5642 1154 5711 solerent.

424 5707 454 5778 ξ
475 5703 632 5796 Forte,
659 5703 1010 5806 disputantibus
1028 5706 1178 5772 nobis.

1357 234 1633 295 CONTRA
1661 220 2135 296 GAUDENTIUM,
2175 224 2236 285 S.
2275 225 2646 289 AUGUSTINI

3552 223 3669 286 τω

2059 353 2169 402 tam
2195 344 2392 402 multos
2417 345 2486 402 ab
2512 345 2664 402 initio
2687 353 2896 404 vestros
2918 343 3144 404 latentes
3171 344 3491 419 flagitiosae,
3517 344 3667 403 faci-

2057 452 2284 495 norosos
2309 447 2470 510 atque
2496 439 2692 510 impios
2714 481 2730 508 ,
2757 438 2851 511 qui
2879 438 3123 511 profecto
3159 439 3460 497 secundum
3497 449 3662 496 tuam

2057 533 2373 588 sententiam
2389 572 2405 599 ,
2441 542 2492 588 te
2519 542 2678 604 atque
2703 548 2894 590 omnes
2922 542 3072 601 tuos,
3099 533 3254 590 vobis
3283 534 3667 591 nescientibus

2056 624 2424 696 perdiderunt.
2452 625 2558 682 Sed
2577 640 2720 682 nunc
2738 640 2951 698 quoque
2972 626 3120 683 nullo
3141 641 3343 698 pavore
3365 627 3666 695 tremuisti,

2057 732 2126 776 ne
2164 716 2303 774 forte
2348 717 2612 790 quispiam
2639 726 2875 774 vestrum
2903 727 2955 774 te
2991 719 3267 776 nesciente
3295 729 3586 791 peccaret,
3616 729 3671 775 et

2057 819 2112 867 te
2136 809 2264 866 dum
2295 809 2398 865 ista
2425 809 2662 880 loqueris
2689 809 2958 882 perderet.
2985 811 3070 867 An
3098 810 3236 868 forte
3275 809 3404 867 dum
3427 811 3671 884 cognitis

2058 903 2164 958 tuis
2211 901 2364 958 factis
2406 902 2614 973 perisse
2642 910 2695 958 te
2740 902 2995 974 intelligis
3020 942 3036 970 ,
3067 911 3297 975 pr0pter
3335 902 3443 960 hoc
3465 903 3672 960 alienis

2059 993 2343 1065 incognitis
2371 993 2547 1065 perire
2571 1008 2681 1050 non
2706 994 2938 1050 metuis?

2129 1083 2356 1143 CAPUT
2402 1085 2553 1142 V.—
2577 1087 2630 1143 5.
2672 1086 2813 1155 Quid
2840 1087 2937 1143 tibi
2966 1097 3168 1159 Optem,
3198 1088 3302 1144 nisi
3331 1096 3391 1144 ut
3419 1096 3473 1144 te
3502 1088 3674 1143 nobis

2060 1179 2219 1234 liceat
2247 1179 2510 1246 invenire,
2537 1195 2606 1236 ne
2635 1180 2804 1238 libeat
2836 1189 2891 1238 te
2915 1182 3133 1253 perire?
3174 1181 3315 1249 Quid
3357 1183 3502 1239 enim
3544 1182 3671 1253 spei

2059 1273 2378 1340 remanebit,
2409 1288 2518 1329 non
2540 1275 2712 1331 solum
2732 1275 2885 1332 nobis
2904 1276 2994 1347 qui
3013 1275 3242 1332 Domino
3265 1274 3504 1342 Christo,
3530 1277 3672 1332 Pro-

2059 1364 2256 1435 phetis,
2297 1367 2590 1438 Apostolis,
2623 1376 2914 1440 sanctoque
2955 1368 3226 1440 Cypriane
3265 1369 3668 1434 consentimus,

2059 1457 2221 1514 etiam
2251 1458 2492 1529 cognitos
2520 1459 2712 1526 malos,
2743 1460 2789 1516 si
2819 1474 2915 1516 eos
2933 1474 3032 1516 nec
3047 1460 3321 1532 corrigere
3345 1475 3668 1532 possumus,

2060 1565 2160 1607 nec
2187 1552 2396 1622 punire,
2430 1567 2529 1624 pro
2555 1553 2776 1609 unitatis
2815 1553 3030 1609 vinculo
3065 1553 3442 1621 sustinendos;
3473 1569 3673 1610 verum

2060 1643 2221 1698 etiam
2249 1642 2420 1712 vobis,
2450 1643 2644 1715 quibus
2682 1653 2807 1701 ante
2837 1654 3046 1717 tempus
3089 1647 3306 1712 messis,
3352 1645 3672 1701 ventilatio-

2060 1733 2163 1801 nis,
2193 1743 2247 1790 et
2271 1735 2488 1803 littoris,
2517 1737 2692 1808 placet
2711 1753 2741 1791 a
2773 1739 2928 1794 malis
2957 1739 3226 1809 separatio
3252 1738 3559 1810 corporalis
3583 1757 3596 1792 :
3617 1739 3666 1794 si

2061 1825 2243 1897 opinio
2263 1835 2353 1882 tua
2376 1841 2504 1883 vera
2534 1838 2636 1896 est,
2665 1844 2768 1900 qua
2787 1839 2943 1900 putas
2969 1839 3016 1884 et
3039 1831 3146 1884 suis
3165 1832 3386 1902 peccatis
3411 1847 3672 1904 qumque

2062 1917 2228 1989 perire
2249 1919 2337 1988 qui
2360 1918 2501 1989 facit,
2543 1929 2591 1974 et
2628 1920 2806 1975 alienis
2835 1921 2920 1985 qui
2945 1931 3113 1975 utrum
3144 1921 3283 1991 facta
3325 1923 3429 1976 sint
3465 1923 3678 1978 nescit?

2063 2009 2120 2066 Si
2146 2011 2290 2065 enim
2318 2011 2420 2066 hoc
2440 2011 2510 2066 ita
2537 2020 2637 2077 est,
2670 2012 2907 2083 profecto
2929 2021 2983 2068 et
2999 2013 3231 2083 majores
3250 2013 3441 2081 vestri,
3468 2014 3672 2086 quise,

2062 2102 2198 2157 sicut
2224 2103 2443 2173 putatis,
2469 2118 2499 2159 a
2528 2104 2756 2175 cognitis
2783 2105 2938 2159 malis
2966 2115 3374 2176 separaverunt,
3401 2105 3470 2162 de
3509 2107 3672 2162 inco-

2063 2195 2223 2266 gnitis
2253 2196 2546 2266 perierunt.
2577 2196 2696 2252 Non
2726 2197 2898 2253 solum
2929 2208 3109 2255 autem
3153 2199 3273 2267 tibi,
3301 2201 3395 2273 qui
3424 2215 3549 2257 cum
3583 2201 3669 2258 di-

2063 2286 2140 2341 cis
2168 2285 2358 2343 alienis
2376 2287 2687 2342 criminibus
2715 2288 2891 2358 perire
2921 2288 3217 2357 hominem,
3242 2291 3357 2346 sive
3377 2291 3467 2347 illa
3491 2293 3671 2348 scien-

2065 2384 2196 2445 tem,
2219 2379 2332 2434 sive
2360 2380 2711 2448 nescientem,
2742 2380 2946 2436 nullum
2983 2383 3173 2453 procul
3193 2381 3359 2439 dubio
3379 2399 3672 2443 remanere

2064 2471 2263 2540 pateris
2293 2470 2667 2537 innocentem;
2689 2471 2783 2528 sed
2803 2472 2966 2528 etiam
2997 2473 3096 2545 ipsi
3115 2473 3380 2541 Emerito,
3399 2477 3490 2547 qui
3509 2475 3670 2548 longe

2066 2561 2394 2617 tolerabilius
2421 2563 2678 2628 sentiens,
2704 2566 2757 2619 in
2784 2565 3166 2621 communione
3185 2564 3670 2624 Sacramentorum

2064 2655 2255 2711 alienis
2279 2655 2516 2726 peccatis
2542 2657 2909 2714 tantummodo
2947 2658 3174 2729 cognitis
3205 2659 3456 2716 homines
3507 2661 3667 2719 inne-

2064 2747 2178 2813 ctit,
2207 2747 2274 2802 ab
2312 2747 2594 2817 incognitis
2641 2747 2819 2818 solvit,
2873 2749 3043 2805 multo
3084 2751 3295 2807 veriore
3340 2752 3670 2810 venerabilis

2062 2838 2360 2911 Cyprianus
2387 2855 2518 2896 voce
2546 2840 2847 2911 respondit,
2875 2843 3033 2898 simul
3074 2845 3372 2914 crescentia
3405 2861 3516 2902 non
3546 2861 3670 2919 per-

2064 2931 2144 2986 ire
2172 2931 2458 3000 frumenta,
2502 2932 2721 2988 zizaniis
2783 2948 2891 2990 non
2933 2943 3087 2992 extra
3129 2934 3451 3005 Ecclesiam,
3487 2938 3584 2995 sed
3614 2939 3669 2996 in

2066 3022 2307 3078 Ecclesia
2332 3024 2656 3090 constitutis,
2680 3038 2782 3080 nec
2801 3025 3026 3081 occultis
3046 3035 3205 3098 atque
3225 3027 3538 3100 incognitis,
3571 3028 3669 3086 sed

2064 3107 2222 3187 plane
2248 3116 2390 3172 notis
2409 3131 2473 3172 ac
2502 3116 2819 3188 perspicuis.
2841 3115 2980 3174 Puto
2999 3118 3141 3174 enim
3162 3118 3306 3190 quod
3333 3134 3445 3175 non
3471 3120 3529 3176 in
3549 3135 3671 3177 car-

2065 3222 2155 3274 ne,
2186 3207 2280 3262 sed
2309 3207 2362 3262 in
2407 3208 2522 3278 ipsa
2546 3216 2730 3265 mente
2755 3219 3008 3277 caecatur,
3039 3209 3131 3280 qui
3174 3211 3458 3267 contendit
3498 3212 3669 3270 latere

2065 3299 2207 3370 quod
2234 3300 2490 3357 cernitur.
2518 3300 2652 3357 Cum
2672 3310 2853 3357 autem
2884 3311 3068 3359 monet
3085 3302 3436 3360 beatissimus
3463 3304 3576 3373 ille,
3598 3320 3669 3364 ne

2067 3399 2282 3461 propter
2306 3391 2506 3447 zizania
2527 3408 2646 3464 quae
2671 3394 2725 3449 in
2746 3408 2810 3450 ea
2830 3402 2975 3462 sunt,
2999 3393 3068 3449 ab
3091 3394 3335 3452 Ecclesia
3357 3397 3662 3468 recedatur;

2067 3498 2173 3536 non
2203 3491 2385 3539 monet
2412 3493 2632 3555 propter
2664 3485 2755 3541 illa
2783 3501 2904 3558 quae
2931 3487 3288 3556 occultantur,
3318 3489 3415 3545 sed
3445 3501 3666 3563 propter

2065 3574 2153 3630 illa
2178 3575 2354 3646 potius
2383 3592 2501 3647 quae
2525 3587 2840 3633 cernuntur.
2871 3577 2986 3649 Ipsa
3024 3579 3169 3634 enim
3202 3589 3348 3645 sunt,
3393 3597 3516 3652 quae
3540 3597 3663 3654 pos-

2067 3675 2189 3721 sunt
2217 3667 2532 3737 perturbare
2575 3677 2878 3736 cernentes,
2931 3669 3036 3728 nisi
3076 3685 3171 3726 eos
3210 3671 3369 3727 iaciat
3397 3673 3662 3744 sapientia

2067 3757 2350 3827 patientes.
2378 3757 2508 3815 Nam
2536 3759 2806 3830 quomodo
2829 3768 3049 3830 propter
3073 3763 3280 3817 occulta
3310 3777 3412 3819 nos
3438 3780 3546 3820 non
3571 3764 3663 3822 de-

2066 3850 2195 3906 bere
2225 3851 2483 3907 recedere
2509 3852 2860 3920 disceremus,
2903 3867 3023 3923 quae
3065 3854 3286 3909 omnino
3315 3869 3440 3912 esse
3481 3857 3660 3913 nesci-

2066 3943 2220 3998 mus?
2241 3941 2347 3997 Etsi
2370 3943 2618 4010 videntur,
2643 3944 2832 4014 inquit,
2855 3945 2910 3998 in
2934 3943 3167 3999 Ecclesia
3186 3961 3294 4000 esse
3319 3947 3538 4001 zizania.
3578 3945 3659 4002 Vi-

2067 4041 2266 4104 dentur,
2300 4037 2392 4102 ait,
2422 4052 2530 4092 non
2559 4038 2918 4108 suspicatione
2955 4036 3267 4094 creduntur.
3315 4038 3384 4094 Et
3420 4055 3488 4096 ne
3516 4039 3663 4111 quis-

2065 4146 2221 4203 quam
2251 4139 2463 4203 putaret
2488 4131 2561 4186 ita
2588 4131 2810 4198 dictum,
2839 4131 3071 4186 videntur
3099 4148 3225 4200 esse,
3270 4141 3525 4204 tanquam
3554 4147 3659 4189 non

2067 4232 2266 4290 essent,
2297 4223 2389 4280 sed
2428 4237 2548 4280 esse
2592 4224 2929 4290 viderentur;
2962 4224 3139 4281 verbis
3181 4225 3657 4296 consequentibus,

2063 4317 2191 4390 quid
2221 4318 2435 4385 dixerit,
2480 4319 2683 4389 aperit:
2713 4317 2837 4374 Non
2866 4329 3032 4374 tamen
3060 4320 3320 4388 impediri,
3346 4321 3541 4392 inquit,
3569 4323 3659 4377 de-

2065 4410 2162 4476 bet,
2193 4419 2280 4464 aut
2307 4410 2456 4479 ﬁdes,
2495 4421 2582 4465 aut
2621 4411 2844 4467 charitas
2882 4421 3055 4467 nostra
3067 4428 3089 4477 ,'
3113 4421 3171 4466 ut
3188 4413 3429 4484 quoniam
3462 4415 3661 4470 zizania

2065 4517 2172 4555 esse
2197 4502 2251 4555 in
2291 4500 2520 4557 Ecclesia
2549 4503 2819 4572 cernimus,
2858 4504 2956 4575 ipsi
2982 4504 3046 4559 de
3074 4503 3304 4560 Ecclesia
3341 4507 3656 4563 recedamus.

2064 4591 2180 4647 Non
2204 4594 2299 4659 ait,
2331 4593 2694 4664 Suspieamur,
2728 4603 2997 4664 putamus,
3020 4594 3310 4663 credimus,
3343 4597 3657 4669 opinamur;

2064 4683 2179 4750 sed,
2208 4685 2479 4740 cernimus.
2510 4685 2588 4740 Ea
2616 4685 2812 4757 quippe
2837 4687 3000 4742 etiam
3032 4687 3109 4742 illi
3155 4702 3264 4744 non
3307 4700 3494 4760 operta
3537 4705 3658 4746 cre-
3711 4737 3714 4740 .

2064 4779 2284 4844 dehant,
2317 4779 2408 4835 sed
2435 4789 2618 4852 aperta
2650 4780 2964 4849 cernebant,
2988 4782 3079 4852 qui
3101 4782 3349 4839 dixerunt
3369 4783 3660 4854 patrifami-

2064 4871 2179 4937 lias,
2219 4871 2322 4938 Vis,
2345 4871 2497 4939 imus,
2526 4880 2573 4926 et
2593 4871 2874 4943 colligimus
2889 4888 2948 4926 ea
2965 4873 2990 4926 ?
3007 4872 3076 4928 de
3092 4875 3287 4944 quibus
3302 4874 3503 4931 dictum
3519 4885 3654 4943 erat,

2065 4961 2190 5018 Cum
2228 4964 2457 5020 crevisset
2486 4963 2658 5031 herba,
2689 4973 2735 5019 et
2751 4964 2975 5035 fructum
3000 4965 3216 5038 fecisset,
3260 4977 3382 5022 tunc
3408 4983 3658 5038 apparue-

2063 5064 2181 5110 runt
2203 5065 2250 5110 et
2269 5055 2483 5110 zizania.
2517 5056 2721 5124 Quibus
2744 5057 3042 5127 respondit,
3085 5057 3241 5123 Non;
3269 5077 3332 5114 ne
3355 5059 3504 5130 forte,
3535 5061 3657 5114 dum

2064 5150 2212 5224 uultis
2248 5149 2482 5221 colligere
2506 5149 2724 5217 zizania,
2759 5150 2913 5204 simul
2937 5149 3199 5206 cradicctis
3226 5160 3273 5205 et
3298 5151 3552 5218 triticum;
3579 5161 3656 5219 et,

2067 5242 2231 5299 Sinite
2275 5252 2484 5309 utraque
2535 5240 2754 5298 crescere
2796 5260 2957 5314 usque
3004 5246 3073 5299 ad
3119 5262 3330 5301 messem
3383 5244 3496 5315 (Id.
3538 5261 3656 5312 xm,

2063 5334 2275 5406 26-30).
2331 5334 2398 5390 Et
2435 5343 2612 5390 tamen
2652 5343 2707 5390 tu
2769 5334 2905 5390 dicis
2949 5335 3088 5409 (ubi
3133 5337 3262 5410 quid
3311 5336 3456 5393 aliud
3498 5353 3656 5410 quam

2065 5428 2290 5484 Domino
2314 5429 2694 5501 contradicis?)
2723 5430 2834 5484 sola
2875 5446 2968 5502 per
3001 5431 3250 5486 mundum
3278 5419 3496 5488 creuisse
3517 5433 3655 5487 ziza-

2065 5521 2170 5586 nia,
2199 5530 2245 5575 et
2265 5529 2366 5575 toto
2391 5536 2517 5591 pene
2544 5521 2731 5575 mundo
2754 5521 3002 5577 diminuta
3022 5525 3210 5595 perisse
3227 5515 3657 5594 [tamentamen

2064 5613 2130 5670 ad
2157 5613 2359 5685 aliquas
2387 5613 2575 5684 gentes
2602 5611 2839 5672 nondum
2868 5614 3109 5674 Ecclesia
3141 5599 3434 5686 crescendo
3467 5633 3656 5692 perve-

2067 5703 2225 5808 nerit.
2253 5699 2489 5807 necesse
2508 5715 2592 5774 est
2616 5715 2800 5806 autem
2825 5717 2884 5806 ut
2915 5705 3216 5806 pervenias
3243 5720 3304 5804 et
3338 5711 3662 5808 μπαῑκιηλ
