3816 6144
122 201 228 264 ’1ιὸ

125 322 467 397 Evangelium
491 320 549 378 in
576 319 828 378 universo
854 316 1073 387 mundo,
1114 323 1173 376 et
1201 323 1332 375 tunc
1357 314 1539 372 veniat
1563 311 1704 370 linis.

125 414 272 485 Quod
301 413 535 471 futurum
564 427 706 478 esse,
757 411 1014 468 Dominus
1060 411 1177 468 sine
1215 410 1318 466 ulla
1362 405 1710 478 ambiguitate

128 507 385 582 praedixit.

190 598 420 657 CAPUT
459 596 548 653 Vl.
574 626 649 640 ——
675 597 728 654 6.
772 597 935 653 Vides
956 595 1252 652 Ecclesiam
1279 589 1586 650 testimonio
1610 592 1714 662 Cy-

128 690 315 766 priani,
358 698 411 746 et
438 706 470 744 a
493 698 605 746 toto
629 689 949 746 catholicam
977 688 1196 754 dictam,
1222 693 1281 743 et
1314 702 1418 740 non
1448 699 1567 740 esse
1597 683 1712 740 sine

127 784 420 841 manifestis
463 783 638 850 malis,
690 790 907 853 propter
942 796 1077 853 quos
1108 790 1283 836 tamen
1313 778 1566 835 admonet
1605 793 1710 832 non

128 874 546 948 relinquendam.
576 874 632 931 ln
659 889 722 930 ea
746 883 873 930 sunt
897 873 1042 936 boni,
1072 887 1168 944 per
1187 886 1247 927 se
1267 872 1412 940 ipsos
1442 869 1628 925 multi:
1657 867 1712 924 in

127 969 521 1040 comparatione
548 975 726 1023 autem
776 967 1102 1022 zizaniorum
1142 964 1228 1020 vel
1256 964 1442 1034 paleae,
1477 961 1713 1032 profecto

129 1063 298 1134 pauci.
323 1062 437 1119 Non
465 1062 608 1118 enim
637 1071 832 1132 praeter
852 1061 1017 1124 illam,
1047 1059 1139 1115 sed
1171 1059 1221 1112 in
1260 1073 1320 1114 ea
1349 1059 1544 1128 agitur,
1572 1055 1713 1127 quod

130 1156 240 1226 ipse
270 1154 525 1210 Dominus
563 1153 714 1220 dicit,
751 1151 1005 1219 Quoniam
1045 1150 1318 1205 abundavit
1347 1149 1604 1214 iniquitas,
1634 1164 1716 1202 re-

133 1249 360 1320 frigescet
380 1247 601 1301 charitas
625 1245 896 1300 multorum
911 1243 1121 1316 (Matth.
1138 1241 1512 1311 xxiv,12).Sed
1537 1241 1606 1296 ibi
1633 1251 1715 1296 est

131 1349 182 1396 et
205 1339 432 1412 populus
459 1339 656 1409 ubique
678 1338 922 1399 diffusus.
953 1338 1036 1392 cui
1063 1335 1279 1402 dicitur,
1315 1335 1416 1403 Qui
1438 1351 1715 1405 persevera-

133 1433 250 1488 ocrit
272 1448 429 1504 usque
447 1431 500 1484 in
525 1431 698 1501 ﬁnem,
729 1429 809 1484 hic
828 1429 999 1484 salvus
1027 1429 1120 1482 erit
1147 1425 1256 1497 (Id.
1287 1442 1343 1488 κ,
1366 1425 1484 1497 ΞΞ).
1507 1425 1607 1494 Qui
1631 1440 1715 1478 au-

134 1532 234 1579 tem
278 1523 513 1580 habeant
565 1521 722 1577 fidem
769 1531 1018 1590 tanquam
1067 1535 1288 1591 granum
1339 1518 1557 1586 sinapis,
1609 1532 1714 1586 qua

135 1623 336 1671 montes
363 1614 523 1670 etiam
556 1612 944 1669 transferantur
985 1611 1097 1684 (Id.
1131 1627 1259 1675 xvn,
1291 1608 1403 1680 l9),
1457 1608 1714 1664 rarissimi

135 1706 344 1762 omnino
367 1715 513 1760 sunt.
540 1705 612 1759 De
641 1707 729 1758 tali
753 1705 893 1758 cnim
922 1703 1024 1758 title
1060 1703 1315 1758 Dominus
1340 1700 1573 1764 dicebat,
1601 1699 1714 1754 Pu—

138 1807 226 1863 tas,
248 1797 404 1852 veniet
428 1795 594 1851 Filius
611 1796 848 1861 hominis,
870 1805 915 1850 et
934 1795 1145 1849 inveniet
1166 1794 1318 1863 ﬁdem
1341 1793 1391 1847 in
1413 1803 1546 1847 terra
1562 1791 1711 1863 (Luc.

137 1905 279 1954 ινιιι,
304 1889 399 1962 8)?
444 1905 550 1944 non
579 1889 642 1942 de
670 1889 926 1960 apostasia
953 1889 1104 1942 totius
1131 1888 1285 1956 orbis,
1318 1887 1456 1944 sicut
1494 1896 1550 1942 tu
1590 1901 1714 1956 per-

137 1982 430 2040 versissime
449 1981 719 2051 intelligis.
1136 1976 1143 1981 ⁷

203 2073 424 2132 CAPUT
457 2073 564 2129 νη.
592 2103 664 2114 -
693 2075 744 2126 7.
786 2073 953 2128 Porro
981 2072 1049 2126 de
1076 2071 1368 2141 Baptismo.
1421 2086 1577 2138 quem
1609 2085 1713 2126 non

140 2176 284 2238 putas
305 2182 428 2223 esse
453 2167 554 2223 nisi
598 2167 648 2220 in
685 2165 944 2226 Ecclesia.
973 2174 1028 2220 et
1072 2163 1193 2219 ideo
1224 2178 1320 2218 nos
1342 2165 1540 2233 arguis,
1571 2161 1711 2232 quod

140 2276 200 2316 ex
226 2259 520 2316 hazresibus
543 2259 836 2324 venientes,
868 2257 912 2313 si
935 2256 1046 2326 jam
1073 2255 1326 2327 baptizati
1349 2263 1494 2318 sunt,
1523 2255 1714 2309 iterum

142 2369 238 2410 non
263 2369 384 2411 esse
401 2351 750 2424 baptizandos
770 2365 1084 2414 censemus;
1109 2347 1323 2415 sufficit,
1344 2347 1485 2419 quod
1506 2361 1719 2417 respou-

143 2443 262 2500 dere
303 2445 526 2500 minime
564 2443 803 2515 potuisti,
834 2439 1105 2512 quomodo
1133 2439 1416 2495 damnatus
1444 2439 1718 2510 baptizare

145 2538 362 2606 potuerit
376 2536 698 2602 Felicianus,
723 2535 856 2591 foris
870 2550 899 2589 a
914 2544 1090 2590 vestra
1113 2532 1351 2590 Ecclesia
1377 2533 1715 2587 constitutus:

145 2649 288 2705 quem
316 2633 515 2690 frustra
548 2648 746 2702 ponere
768 2631 979 2686 voluisti
1004 2631 1143 2686 inter
1169 2644 1263 2684 eos
1287 2628 1481 2699 quibus
1505 2626 1720 2681 dilatio-

145 2739 254 2782 nem
274 2725 516 2784 dedistis.
538 2725 681 2797 Lege
703 2725 1043 2795 Bagaitanam
1068 2721 1232 2778 vestri
1259 2720 1470 2776 concilii
1499 2727 1718 2775 senten—

147 2821 281 2887 tiam,
328 2822 379 2875 in
426 2835 532 2892 qua
562 2818 768 2876 scilicet
810 2827 933 2888 post
959 2817 1126 2872 multa
1152 2813 1492 2871 acerbissima
1522 2827 1642 2884 quae
1667 2811 1720 2866 in

147 2913 255 2972 illos
278 2915 416 2971 dicta
446 2921 592 2980 sunt,
622 2921 678 2970 et
704 2913 860 2984 lmige
900 2910 1148 2983 graviora
1191 2923 1350 2980 quam
1380 2907 1432 2962 in
1475 2904 1721 2961 Cxecilia-

148 3022 282 3072 num,
310 3007 526 3079 quando
551 3022 673 3063 eum
706 3005 941 3074 majores
966 3003 1128 3059 vestri
1154 3002 1431 3058 absentem
1461 3001 1722 3056 innocen-

149 3107 342 3174 temque.
368 3101 724 3162 damnarunt;
755 3099 828 3154 ita
847 3096 1090 3168 subjecta
1117 3103 1200 3152 est
1229 3110 1414 3152 eorum
1439 3093 1723 3152 manifesta

149 3201 198 3250 et
238 3194 528 3251 indubitata
569 3193 842 3249 damnatio
872 3208 886 3244 :
917 3189 1131 3244 Famosi
1177 3203 1298 3259 ergo
1342 3187 1566 3242 criminis
1611 3201 1724 3242 reos

158 3283 487 3344 Victorianum
511 3284 981 3350 Carcabianensem,
1018 3280 1334 3336 Martiarum:
1361 3280 1720 3347 Sallentinum,

152 3375 376 3435 Bcianum
401 3379 759 3445 Baianensem,
789 3376 1022 3432 Salvium
1059 3373 1461 3446 Ausaphensem,
1488 3371 1725 3426 Theodo-

152 3485 252 3524 rum
299 3469 602 3527 Usulensem
625 3511 640 3534 ,
691 3469 949 3524 Donatum
997 3467 1385 3536 Sabratensem,
1436 3466 1726 3537 Miggenem

154 3558 660 3633 Elephantariensem,
687 3560 1056 3617 Prwteattatum
1079 3558 1456 3626 Assuritanum,
1490 3557 1726 3614 Salvium

159 3649 585 3710 Mcmbresitanum
611 3693 625 3720 ,
687 3652 942 3708 Valerium
985 3650 1317 3706 Melzitanum
1342 3692 1358 3717 ,
1407 3649 1724 3707 Felicianum

157 3739 497 3813 Ilustitanum,
543 3755 590 3801 et
637 3745 929 3801 Martialem
982 3743 1354 3812 Pertusensem,
1401 3744 1488 3816 qui
1530 3745 1726 3814 funesto

158 3851 290 3910 opere
326 3841 626 3911 perditionis
653 3855 741 3894 vas
765 3839 1029 3894 sordidum
1057 3836 1271 3893 collecta
1299 3837 1585 3907 [mutantia
1608 3839 1725 3910 glu-

160 3928 456 3998 tinarcrunt;
481 3933 570 3988 sed
589 3943 635 3986 et
656 3932 862 3987 clericos
890 3929 1166 4003 aliquando
1186 3927 1430 3986 Ecclesia:
1453 3929 1725 4002 Carthagi-

160 4019 246 4086 nis,
266 4025 345 4094 qui
381 4024 508 4078 dum
540 4024 756 4096 facinori
779 4024 1046 4090 intersunt,
1086 4021 1265 4077 illicito
1288 4022 1500 4078 incestui
1535 4023 1726 4078 lenoci-

160 4111 283 4167 nium
307 4117 655 4186 prwbuerunt;
686 4116 781 4172 Dei
825 4115 1140 4188 prtesidentis
1168 4114 1401 4184 arbitrio,
1429 4116 1726 4172 universalis

158 4207 337 4262 concilii
360 4227 448 4265 ore
469 4209 686 4264 veridico
711 4209 978 4265 damnatos
995 4225 1104 4264 esse
1121 4209 1422 4281 cognoscite.
1441 4207 1508 4264 Et
1532 4207 1729 4266 deinde

161 4295 328 4370 incipit
345 4303 555 4358 czeteris
577 4301 763 4357 dilatio
785 4300 1058 4374 prorogari
1082 4299 1168 4356 his
1187 4299 1401 4357 verbis:
1432 4298 1538 4355 Eos
1555 4309 1726 4355 autem

160 4405 269 4458 quos
295 4395 528 4466 sacrilegi
555 4395 746 4450 surculi
785 4411 888 4450 non
926 4394 1152 4466 polluere
1191 4393 1467 4466 plantaria,
1511 4395 1608 4450 hoc
1631 4406 1722 4464 est,

160 4483 237 4549 qui
261 4501 290 4536 a
314 4485 618 4541 Maximiani
647 4487 812 4556 capite
834 4487 1068 4558 proprias
1096 4503 1275 4542 manus
1303 4486 1584 4541 verecundo
1606 4487 1731 4557 ﬁdei

163 4577 336 4642 pudore
357 4590 693 4646 retraxerunt,
719 4579 787 4634 ad
814 4587 1026 4635 matrem
1047 4577 1328 4635 Ecclesiam
1345 4577 1511 4633 redire
1538 4582 1728 4652 permi-

161 4667 319 4724 simus.
345 4671 462 4727 lam
492 4672 560 4728 de
588 4672 670 4727 his
699 4671 845 4743 quod
890 4670 1172 4726 dicendum
1217 4671 1334 4740 fuit,
1363 4682 1417 4728 et
1445 4674 1500 4729 in
1530 4674 1730 4744 priori-

162 4757 247 4814 bus
273 4764 332 4816 ad
364 4773 415 4820 te
440 4763 578 4820 datis
604 4763 797 4820 litteris
819 4761 956 4820 meis
979 4763 1108 4820 satis
1133 4761 1332 4819 dictum
1363 4773 1464 4822 est.
1486 4763 1584 4822 Cui
1609 4767 1730 4823 loco

163 4857 206 4904 te
231 4867 440 4922 prorsus
467 4857 794 4930 respondere
820 4873 928 4914 non
947 4857 1186 4928 potuisse
1207 4860 1448 4931 quisquis
1472 4859 1732 4934 legeritet

163 4957 432 5020 parumper
461 4951 773 5018 adverterit,
801 4951 1046 5008 dubitare
1074 4967 1182 5009 non
1202 4953 1419 5026 poterit.

225 5038 439 5101 CAPUT
489 5044 620 5102 Vlll.
661 5074 734 5086 —
781 5044 835 5102 8.
877 5043 1098 5101 Frustra
1138 5045 1320 5116 itaque
1358 5045 1452 5101 tibi
1499 5045 1728 5116 videtur,

166 5129 411 5207 Agrippini
441 5148 488 5195 et
512 5139 757 5213 Cypriani
777 5138 996 5196 concilia
1017 5140 1072 5195 in
1092 5139 1189 5194 hac
1225 5139 1503 5213 quastione
1526 5157 1633 5196 esse
1652 5159 1732 5198 se-

167 5228 335 5284 ctanda
368 5247 387 5288 :
422 5249 544 5290 cum
593 5249 690 5291 vos
717 5249 782 5291 ea
811 5234 1173 5308 neglexeritis,
1203 5239 1415 5308 quando
1441 5248 1588 5296 extra
1634 5253 1728 5296 ve-

167 5327 314 5379 stram
355 5329 782 5385 communionem
827 5329 1128 5400 baptizatos
1155 5348 1186 5389 a
1211 5333 1497 5401 damnatis,
1543 5342 1728 5389 contra

163 5425 289 5481 quos
313 5415 379 5474 de
403 5419 634 5477 basilicis
661 5421 1023 5480 excludendos
1049 5423 1355 5498 litigabatis,
1386 5425 1502 5482 sine
1524 5425 1628 5482 ulla
1644 5442 1729 5482 re-

170 5504 406 5570 petitione
430 5511 769 5584 Baptismatis
811 5514 1142 5586 suscepistis.
1190 5517 1266 5574 De
1303 5518 1567 5574 sententia
1605 5533 1730 5574 vero

174 5600 424 5678 Cypriani,
456 5616 539 5671 vel
570 5617 896 5688 collegarum
943 5615 1080 5687 ejus,
1123 5616 1315 5688 quibus
1357 5625 1483 5674 tunc
1509 5615 1726 5688 placuit,

170 5699 424 5762 venientes
449 5708 514 5762 ah
541 5709 805 5766 lnereticis
831 5709 1102 5778 baptizare
1121 5720 1388 5782 Oportere,
1415 5711 1631 5783 longum
1646 5717 1734 5769 est

430 5803 631 5868 Saxum
697 5809 965 5866 AUGUST.
995 5803 1110 5864 1X.

1407 186 1613 251 LIBER
1647 180 2029 247 SECUNDUS.

3299 191 3407 254 746

1820 315 1879 360 ιιι
1905 321 2000 376 pro
2029 307 2219 365 merito
2244 307 2529 381 disputem.
2557 311 2662 369 Sed
2692 313 2846 369 istam
2872 321 2927 372 tu
2946 316 3099 386 mihi,
3131 317 3178 375 si
3224 328 3402 391 potes,

1819 394 2036 453 brevem
2077 399 2226 456 solve
2253 407 2619 472 quaestionem.
2645 406 2869 475 Quando
2897 409 3261 480 rebaptizabat
3289 412 3402 487 Cy-

1818 489 2037 559 prianus
2077 491 2146 547 ab
2194 491 2456 551 haereticis
2493 498 2793 568 venientes,
2844 501 3100 559 Ecclesiae
3131 503 3410 576 Carthagi-

1818 584 2000 639 neusis
2036 585 2338 658 episcopus,
2370 599 2495 646 tunc
2525 592 2777 649 Ecclesiae
2822 596 3076 654 Romanae
3105 600 3412 671 Stephanus

1818 676 2101 747 episcopus
2130 679 2183 734 in
2207 681 2394 736 eodem
2425 683 2696 754 Baptismo
2725 703 2883 758 quem
2912 690 3039 746 foris
3064 706 3406 763 acceperant,

1820 769 2147 840 suscipiebat
2163 771 2473 842 haereticos;
2498 786 2554 833 et
2575 779 2734 835 ambo
2759 780 2874 836 haec
2899 782 3108 840 diversa
3127 785 3404 854 facientes,

1820 863 1874 919 in
1923 865 2121 923 unitate
2166 868 2426 926 catholica
2475 875 2876 942 permanebant.
2909 877 3002 934 Dic
3041 881 3195 947 mihi,
3230 891 3408 940 utrum

1820 956 1912 1012 illo
1932 965 2170 1028 tempore
2193 960 2454 1029 Ecclesia,
2477 966 2688 1035 quando
2709 970 3000 1026 secundum
3028 987 3142 1038 vos,
3167 975 3406 1030 omnium

1820 1049 2105 1105 criminum
2138 1068 2262 1109 reos
2287 1055 2402 1109 sine
2444 1056 2715 1127 Baptismo
2743 1061 3034 1132 recipiebat
3060 1081 3154 1134 per
3176 1066 3408 1138 Stepha-

1820 1156 1947 1195 num
1995 1150 2050 1198 et
2078 1143 2195 1213 ejus
2223 1145 2639 1205 innumerabiles
2685 1159 2797 1206 toto
2840 1155 2969 1211 orbe
3013 1157 3265 1229 collegas,
3316 1161 3409 1231 qui

1823 1232 2065 1302 ejusdem
2098 1238 2376 1293 sententia:
2407 1242 2692 1313 participes
2735 1255 2906 1311 erant,
2939 1249 3199 1305 malorum
3223 1262 3413 1306 conta-

1819 1325 1979 1396 gione
2024 1328 2272 1396 perierat,
2321 1345 2389 1386 an
2435 1349 2539 1388 non
2594 1335 2858 1406 perierat?
2894 1338 3078 1410 Neque
3107 1343 3247 1396 enim
3279 1344 3412 1399 istos

1821 1418 1993 1474 malos
2021 1420 2219 1488 poteris
2238 1420 2422 1478 dicere
2444 1426 2714 1482 occultos:
2744 1430 2986 1499 quamvis
3015 1440 3065 1484 tu
3094 1447 3303 1489 asseras
3325 1450 3415 1490 no-

1821 1523 1944 1566 cere
1967 1525 2030 1567 ac
2055 1513 2377 1571 mortificare
2397 1526 2450 1571 et
2475 1519 2732 1575 occultos.
2778 1521 3027 1593 Quisquis
3053 1525 3213 1596 igitur
3242 1528 3413 1584 homi-

1822 1600 1963 1667 cida,
1992 1603 2077 1658 vel
2101 1605 2262 1660 etiam
2292 1609 2574 1677 parricida,
2604 1611 2830 1679 adulter,
2861 1615 3168 1683 incestator,
3198 1621 3415 1678 idololar

1821 1697 1922 1784 tra,
1947 1693 2188 1751 codicum
2211 1697 2440 1769 denique
2467 1711 2771 1760 sanctorum
2793 1722 2897 1761 non
2931 1708 3145 1764 timidus
3169 1712 3414 1784 traditor,

1821 1783 1920 1840 sed
1948 1796 2006 1840 ut
2025 1787 2362 1846 traderentur
2380 1793 2612 1850 crudelis
2644 1805 2832 1866 tortor,
2866 1809 2921 1854 et
2951 1801 3212 1860 violentus
3233 1815 3416 1861 extoro

1823 1885 1909 1931 tor
1927 1885 1983 1934 et
2005 1879 2160 1949 jussu
2197 1883 2282 1938 vel
2308 1899 2469 1940 manu
2495 1878 2765 1944 extremus
2796 1889 3062 1957 incensor,
3088 1896 3224 1966 apud
3249 1897 3419 1956 haere-

1823 1969 1961 2027 ticos
1983 1971 2302 2044 baptizatus,
2335 1979 2401 2033 ad
2429 1977 2754 2050 Stephanum
2795 1992 2849 2038 et
2890 1984 3006 2053 ejus
3031 1987 3205 2044 socios
3243 1992 3414 2061 venit,

1822 2064 2114 2120 secundum
2167 2083 2261 2123 vos
2305 2070 2424 2126 sine
2475 2071 2746 2142 Baptismo
2787 2086 3039 2147 exceptus
3079 2087 3180 2134 est.
3228 2080 3420 2138 Cernis

1823 2155 1987 2227 igitur
2014 2160 2194 2215 omnia
2225 2161 2500 2219 hominum
2529 2165 2772 2235 crimina,
2804 2169 2847 2223 si
2880 2186 3061 2225 verum
3085 2181 3167 2227 est
3191 2174 3331 2244 quod
3348 2176 3417 2231 de

1825 2248 2101 2319 Baptismo
2143 2253 2374 2321 sentitis,
2427 2264 2553 2311 tunc
2595 2257 2649 2311 in
2694 2259 2929 2315 Ecclesia
2981 2262 3096 2318 sine
3144 2265 3417 2336 Baptismo

1823 2344 2180 2413 congregata?
2201 2344 2487 2415 Responde
2513 2357 2690 2404 utrum
2713 2350 2798 2406 his
2816 2353 3128 2412 criminibus
3150 2356 3202 2412 in
3223 2358 3414 2416 eadem

1824 2433 2032 2490 unitate
2073 2435 2370 2492 maculatus
2412 2438 2571 2495 fuerit
2597 2441 2914 2514 Cyprianus,
2945 2449 3211 2518 responde
3236 2460 3418 2508 utrum

1826 2523 2071 2582 Ecclesia
2098 2529 2335 2596 perierit,
2363 2545 2430 2584 an
2457 2547 2562 2587 non
2587 2535 2823 2603 perierit.
2857 2538 3005 2609 Elige
3028 2541 3170 2611 quod
3198 2554 3420 2614 putave-

1826 2616 1922 2672 ris.
1955 2616 2011 2672 Si
2035 2617 2146 2688 jam
2193 2630 2316 2675 tunc
2359 2623 2610 2691 perierat,
2645 2625 2910 2683 Donatum
2942 2645 3061 2700 qua:
3093 2636 3330 2704 peperit?
3356 2635 3417 2693 Si

1829 2717 2012 2766 autem
2036 2720 2113 2765 tot
2135 2712 2186 2766 in
2209 2728 2325 2768 eam
2343 2718 2456 2770 sine
2480 2715 2751 2786 Baptismo
2777 2724 3096 2792 aggregatis,
3119 2728 3292 2795 perire
3311 2744 3418 2786 non

1828 2803 2021 2873 potuit,
2049 2807 2316 2876 responde
2341 2823 2544 2878 quaeso,
2576 2819 2634 2864 ut
2661 2811 2728 2866 ab
2756 2827 2818 2867 ea
2845 2829 2924 2879 se,
2969 2824 3218 2887 tanquam
3248 2821 3422 2875 malo-

1828 2909 1948 2950 rum
1974 2898 2405 2955 communionem
2433 2900 2696 2968 devitans,
2736 2919 2858 2974 pars
2889 2907 3077 2964 Donati
3123 2923 3416 2982 separaret,

1835 3000 1956 3057 quae
1979 2987 2248 3044 dementia
2279 2993 2562 3061 persuasit.

1901 3078 1959 3135 9.
1999 3081 2152 3136 Absit
2177 3091 2377 3149 autem,
2405 3094 2460 3138 ut
2483 3086 2733 3154 quoniam
2758 3088 3094 3147 beatissimus
3122 3093 3420 3166 Cyprianus

1830 3170 1900 3228 de
1922 3171 2197 3243 Baptismo
2221 3176 2376 3230 aliter
2400 3178 2588 3243 sensit,
2624 3194 2782 3249 quam
2809 3184 3004 3238 veritas
3033 3194 3087 3240 et
3111 3197 3264 3241 antea
3287 3204 3420 3245 con-

1829 3268 2113 3325 suetudine
2131 3278 2186 3324 et
2208 3280 2389 3339 postea
2411 3283 2688 3342 perspecta
2710 3275 3017 3345 diligentius
3043 3280 3249 3336 ratione
3266 3297 3422 3338 mon-

1828 3361 2039 3427 stravit,
2089 3371 2370 3432 propterea
2400 3364 2678 3434 quisquam
2727 3377 2987 3436 nostrum,
3018 3373 3104 3440 qui
3137 3372 3239 3428 hoc
3275 3375 3420 3445 quod

1831 3453 1924 3510 ille
1949 3470 2058 3510 non
2085 3454 2340 3526 sapimus,
2389 3456 2438 3510 ei
2486 3472 2544 3512 se
2587 3458 2778 3513 audeat
2821 3472 3166 3532 antepmiere.
3215 3465 3421 3524 Cretera

1831 3549 1975 3607 enim
2000 3549 2166 3605 multa
2196 3557 2252 3605 et
2278 3565 2466 3620 magna
2508 3551 2624 3622 ejus
2653 3555 2862 3620 merita,
2890 3564 2944 3610 et
2971 3557 3180 3612 animus
3227 3561 3422 3629 praeci-

1833 3658 1938 3716 pua
1965 3643 2225 3698 charitate
2253 3642 2616 3714 plenissimus,
2643 3661 2737 3714 per
2757 3663 2913 3717 quem
2935 3664 3054 3704 cum
3086 3653 3302 3722 collegis
3327 3654 3416 3708 di-

1833 3750 1988 3790 versa
2015 3735 2366 3790 sentientibus
2392 3737 2766 3805 pacatissimus
2812 3743 3024 3811 mansit,
3054 3752 3108 3798 et
3137 3745 3188 3798 in
3222 3747 3426 3804 unitate

1835 3827 2090 3883 Ecclesiae
2111 3827 2287 3896 passio
2302 3827 2555 3899 gloriosa,
2589 3831 2718 3885 satis
2744 3835 3091 3891 ostenderunt
3112 3853 3231 3892 eum
3260 3838 3426 3896 fuisse

1833 3928 2164 3975 sarmentum
2193 3919 2246 3974 in
2280 3919 2478 3976 Christi
2506 3925 2684 3979 radice
2715 3925 3062 3993 fructuosum,
3095 3933 3234 4000 quod
3269 3933 3428 3990 Pater

1835 4015 1996 4070 etiam
2020 4015 2088 4070 ab
2113 4015 2213 4069 ista
2243 4015 2658 4087 reprehensione
2678 4034 2943 4090 purgaret,
2968 4035 3022 4076 ut
3049 4024 3276 4080 fructum
3301 4043 3426 4096 pose

1837 4115 1924 4163 set
1947 4106 2142 4162 aﬂ'erre
2166 4107 2445 4176 majorem.
2485 4109 2574 4164 Sic
2615 4110 2756 4164 enim
2801 4113 2876 4166 ait
2923 4117 3034 4182 ipse
3076 4115 3266 4171 Jesus:
3296 4119 3427 4173 Sar-

1835 4211 2056 4256 mentum
2089 4200 2222 4268 quod
2247 4202 2299 4253 in
2338 4217 2418 4254 me
2453 4203 2542 4254 dat
2587 4205 2828 4272 fructum,
2879 4217 3061 4276 purgat
3105 4208 3238 4261 illud
3265 4209 3426 4266 Pater

1836 4307 1996 4358 meus,
2022 4302 2077 4345 ut
2097 4292 2339 4362 majorem
2362 4294 2581 4362 fructum
2607 4290 2787 4358 afferat
2809 4294 2984 4364 (.loan.
3011 4313 3098 4364 xv,
3128 4299 3206 4370 2).
3230 4300 3426 4357 Osten—

1836 4383 1973 4440 dens
2018 4383 2178 4439 etiam
2219 4383 2273 4436 in
2305 4382 2435 4452 ipsis
2465 4381 2772 4452 fructuosis,
2803 4387 3087 4456 agricolam
3119 4391 3208 4460 qui
3256 4403 3337 4446 est
3363 4394 3416 4450 in

1837 4477 2013 4545 caelis,
2040 4475 2235 4545 aliquid
2267 4476 2502 4530 invenire
2544 4475 2686 4546 quod
2722 4488 2928 4548 purget.
2970 4481 3098 4548 Quis
3139 4484 3277 4536 enim
3319 4500 3422 4538 no-

1838 4575 2008 4624 strum
2036 4566 2194 4621 Petro
2219 4567 2460 4635 apostolo
2487 4569 2784 4636 comparari
2814 4580 3006 4637 μοιδεῖ,
3029 4573 3270 4640 quamvis
3289 4590 3420 4629 min-

1839 4675 1999 4732 quam
2027 4667 2213 4729 gentes
2241 4657 2523 4714 Judaizare
2565 4661 2919 4730 coegerimus,
2967 4664 3103 4731 quod
3138 4665 3226 4718 ille
3257 4665 3415 4720 facie-

1837 4752 1949 4818 bat,
2003 4749 2214 4822 quando
2263 4765 2368 4803 non
2417 4759 2560 4805 recte
2609 4750 3000 4820 ingrediebatur
3028 4753 3092 4808 ad
3143 4757 3422 4810 veritatem

1839 4842 2145 4914 Evangelii?
2167 4841 2306 4896 unde
2333 4855 2362 4894 a
2391 4855 2487 4896 suo
2514 4843 2808 4911 posteriore
2833 4845 3075 4914 apostolo
3099 4846 3263 4901 Paulo
3287 4888 3302 4915 ,
3332 4864 3421 4904 sa-

1838 4935 1974 4990 lubri
2005 4934 2365 4990 admonitione
2392 4945 2664 4989 correctus
2685 4935 2878 5008 (Colat.
2911 4954 2967 5001 ιι,
3001 4939 3206 5010 11-14),
3241 4941 3424 4995 utilius

1838 5031 2068 5101 posteris
2098 5027 2412 5086 humilitatis
2436 5030 2660 5099 praebuit
2686 5031 3008 5101 exemplum,
3042 5050 3198 5104 quant
3221 5037 3268 5091 si
3291 5038 3422 5092 nihil

1837 5124 1892 5179 in
1919 5123 2009 5179 illo
2030 5123 2282 5178 existeret
2305 5123 2700 5195 corrigendum.

1907 5240 2134 5298 CAPUT
2173 5239 2262 5295 IX.
2301 5269 2375 5282 —
2411 5240 2497 5296 10.
2540 5239 2596 5294 ln
2625 5241 2724 5295 hac
2753 5255 2878 5311 ergo
2905 5241 3145 5300 Ecclesia
3175 5247 3433 5302 constitu-

1837 5336 1896 5400 ti,
1920 5351 2038 5405 quae
2085 5333 2344 5389 malorum
2380 5332 2492 5388 sive
2520 5332 2850 5388 occultorum
2875 5374 2891 5400 ,
2921 5335 3030 5390 sive
3060 5338 3219 5392 etiam
3252 5338 3426 5390 mani-

1836 5430 2112 5496 festorum,
2140 5442 2239 5482 nec
2278 5427 2467 5497 potuit,
2519 5440 2620 5482 nec
2669 5427 2861 5496 poterit
2915 5430 3088 5497 perire
3139 5430 3424 5500 contagio,

1839 5523 2010 5579 nullas
2035 5522 2102 5579 de
2135 5521 2457 5593 quibuslibet
2500 5520 2802 5577 hominibus
2838 5522 3132 5576 calumnias
3173 5521 3426 5578 formida-

1838 5633 1978 5674 mus.
2011 5616 2066 5672 Si
2092 5616 2233 5672 enim
2275 5614 2398 5669 mali
2426 5623 2586 5680 sunt,
2616 5615 2798 5685 procul
2823 5614 2984 5668 dubio
3013 5627 3106 5668 eos
3144 5625 3237 5668 aut
3278 5615 3422 5687 igno-

1767 5775 1782 5782 ο
1841 5720 1962 5769 rant
1990 5711 2137 5778 boni,
2167 5719 2255 5765 aut
2288 5707 2399 5766 suis
2419 5707 2633 5780 judiciis
2657 5706 3026 5764 manifestatos
3051 5707 3429 5764 ecclesiasticis

2679 5804 2712 5884 ί
2723 5804 3225 5884 Vingt-quatre.)
