3804 6132
143 305 250 376 ’749

153 433 243 492 sed
277 433 326 487 in
357 429 602 491 veritate,
639 427 859 500 propria
900 419 1170 482 locutione
1222 421 1447 479 dicatur.
1505 419 1736 476 Proinde

155 524 433 584 sectindum
468 523 604 576 hanc
630 518 1015 590 expositionem
1045 527 1208 583 tuam,
1241 529 1400 571 verus
1425 513 1525 570 ‘Dei
1557 513 1733 568 cultus

153 618 370 688 religio,
403 615 562 669 falsus
614 624 791 669 autem
839 611 1146 683 superstitio
1186 617 1541 677 nuncupatur.
1600 603 1737 660 Audi

150 724 275 780 Ergo
309 718 355 763 te
377 708 570 776 ipsum,
602 705 794 761 obaudi
827 704 919 759 tibi
953 705 1050 774 ipsi
1083 721 1096 757 :
1131 711 1186 758 et
1216 715 1314 757 nos
1337 699 1489 769 sequi
1517 698 1736 753 minime

142 801 436 858 recusabis.
464 797 717 855 Scriberis
747 813 974 868 namque
1005 796 1069 852 ad
1099 795 1346 852 eumdem
1363 792 1658 850 Tribunum
1681 791 1736 847 in

141 895 330 966 primae
360 894 596 964 epismlce
635 901 738 947 tum
769 893 883 962 ipso
911 891 1133 946 exordio
1163 888 1412 961 posuisti,
1458 897 1615 958 atque
1654 885 1736 942 di-

139 985 288 1050 xisti,
352 983 671 1047 Hanordbili,
723 1001 782 1038 ac
825 983 1034 1037 nimium
1081 983 1244 1046 nobis,
1300 981 1346 1036 si
1383 981 1454 1035 sic
1483 979 1730 1048 volueris,

140 1075 480 1132 desiderando
533 1075 759 1130 Dulcitio
799 1075 998 1130 tribuno
1055 1082 1102 1128 et
1155 1074 1372 1135 notario,
1419 1069 1734 1126 Gaudentius

137 1167 406 1238 episcopus
432 1178 524 1223 :et
549 1167 802 1221 continuo
831 1165 1106 1235 subjeciin
1138 1205 1149 1229 ,
1174 1163 1454 1234 Religionis
1479 1170 1578 1217 tua:
1606 1163 1735 1217 scri-

138 1269 228 1330 pta
257 1259 476 1330 percepi.
505 1258 640 1326 Quid
663 1257 821 1329 igitur
845 1257 910 1313 ad
936 1271 1034 1313 nos
1065 1255 1250 1311 venire
1277 1254 1452 1310 adhuc
1479 1253 1732 1308 dubitas?

135 1350 282 1408 Ecce
309 1353 551 1407 tribunus
591 1349 848 1405 Dulcitius
872 1364 992 1404 cum
1021 1349 1090 1404 sit
1132 1348 1295 1402 homo
1339 1346 1733 1402 communionis

137 1453 361 1509 nostrae,
419 1453 596 1498 tamen
643 1441 937 1498 secundum
992 1443 1352 1498 testimonium
1397 1449 1569 1506 tuum,
1621 1451 1731 1494 non

138 1535 567 1607 superstitiosus,
613 1535 708 1591 sed
734 1535 1014 1606 religiosus
1038 1542 1120 1590 est
1158 1551 1172 1590 :
1201 1547 1265 1588 ac
1291 1545 1385 1605 per
1410 1532 1511 1587 hoc
1536 1545 1730 1587 secuti--

138 1629 266 1685 dum
325 1629 713 1699 expositionem
768 1637 934 1694 tuam,
982 1638 1086 1683 non
1137 1625 1350 1689 falsum,
1397 1626 1493 1681 sed
1546 1637 1732 1681 verum

137 1721 234 1778 Dei
263 1722 463 1777 cultum
489 1730 654 1777 tenet.
685 1720 804 1792 Ipse
839 1733 966 1792 ergo
996 1728 1078 1776 est
1125 1721 1177 1774 in
1233 1719 1503 1774 Catholica
1556 1719 1733 1788 potius

138 1827 297 1885 quam
321 1821 386 1869 ‘tu
416 1817 703 1884 :quoniam
747 1822 803 1868 tu
846 1814 898 1868 in
930 1814 1030 1867 hoc
1056 1813 1222 1867 verbo
1251 1818 1421 1882 usque
1449 1811 1582 1866 adeo
1623 1823 1733 1867 non

139 1907 354 1971 errasti,
412 1917 467 1961 ut
517 1907 677 1962 etiam
725 1919 1045 1977 exponeres,
1094 1914 1298 1960 tantum
1342 1905 1651 1976 religionem
1701 1919 1733 1961 a

142 1998 522 2068 superstitione
541 1998 758 2064 distare,
784 2008 1038 2069 quantum
1069 2011 1103 2050 ‘a
1140 1996 1370 2053 falsitate
1402 1998 1599 2052 veritas
1646 1995 1732 2050 di—

141 2103 264 2148 stat.
299 2093 395 2148 Ille
433 2101 614 2147 autem
647 2092 828 2153 homo.
857 2101 918 2148 ut
952 2092 1060 2162 jam
1100 2087 1230 2156 dixi,
1273 2089 1534 2154 militaris,
1574 2099 1627 2144 et.
1679 2090 1733 2146 in

143 2185 258 2239 iStls
289 2185 575 2240 verborum
624 2184 1244 2256 prOprietatibus'minus
1297 2182 1558 2249 eruditus,
1609 2181 1734 2250 quid

140 2286 281 2332 esset
306 2277 497 2347 religio
524 2277 814 2332 nesciebat.
844 2276 996 2330 'Absit
1026 2275 1168 2330 enim
1200 2282 1257 2330 ut
1275 2276 1468 2340 dicam,
1498 2275 1575 2329 Te
1600 2273 1732 2329 adu-

143 2370 302 2426 lando
326 2369 560 2425 fallebat.
584 2369 664 2425 'l‘u
693 2383 822 2425 vero
839 2370 930 2441 qui
972 2385 1065 2425 eos
1093 2379 1279 2424 contra
1307 2371 1441 2440 ques
1469 2367 1742 2442 disputas,

144 2465 324 2535 arguis
350 2479 411 2519 ex
441 2462 700 2534 propheta
727 2471 782 2518 et
807 2463 1026 2525 clamas,
1057 2459 1148 2517 Vn:
1173 2463 1250 2516 his
1271 2462 1356 2532 qui
1387 2462 1561 2515 dicunt
1582 2475 1729 2514 amu-

143 2569 254 2612 rum
284 2557 453 2620 dulce,
484 2567 530 2610 et
552 2556 698 2610 dulce
723 2569 951 2608 amarum
972 2554 1092 2619 ;qni
1107 2555 1281 2608 dicunt
1301 2555 1460 2608 lucem
1488 2551 1730 2617 tenebras,

144 2658 191 2701 et
221 2649 452 2704 tenebras
473 2648 636 2700 lucem
666 2645 875 2716 (Isaiv,
902 2645 996 2717 20)
1026 2646 1039 2699 !
1073 2646 1446 2716 si'superstitio
1469 2653 1553 2699 ρει
1577 2655 1733 2714 quam

147 2740 424 2795 nobiscum
456 2747 604 2794 tenet
647 2738 928 2802 Dulcitius,
972 2753 1068 2792 cur
1097 2752 1215 2792 eam
1263 2737 1572 2807 religionem
1617 2749 1738 2790 esse

143 2833 366 2888 dixisti?
393 2832 451 2887 Si
485 2839 667 2887 autem
711 2845 895 2885 verum
930 2829 1133 2896 dixisti,
1165 2844 1264 2884 cur
1307 2828 1612 2883 haereticam
1655 2836 1737 2882 te-

148 2923 326 2980 nendo
347 2922 803 2992 superstitionem,
825 2920 1034 2991 reSpuis
1049 2919 1366 2974 catholicam
1389 2917 1732 2990 religionem?

148 3016 388 3087 Sequere
418 3016 576 3086 igitur
614 3013 977 3070 testimonium
1005 3022 1154 3068 tuum
1192 3031 1205 3067 :
1245 3011 1478 3068 maxime
1518 3011 1642 3083 quia
1683 3018 1740 3068 et

152 3108 248 3178 ipsi
271 3109 460 3174 vestri,
486 3123 606 3163 cum
633 3106 1016 3178 cognoverint,
1049 3121 1155 3160 non
1191 3104 1287 3160 tibi
1329 3105 1554 3160 fortasse
1586 3119 1738 3159 com-

140 3201 523 3265 ‘t'ntmicabunt;
554 3201 802 3271 quoniam
837 3199 1050 3254 tribuno
1095 3197 1324 3254 Dulcitio
1363 3213 1456 3268 per
1487 3199 1587 3254 hoc
1611 3207 1736 3255 ver-

134 3291 270 3349 ‘bum
300 3293 730 3349 communicasti.
757 3290 878 3356 ‘Eia,
896 3293 1061 3346 frater
1075 3290 1359 3358 Gaudenti,
1380 3291 1486 3346 noli
1511 3290 1740 3361 perdere

148 3389 483 3444 oecasionem
507 3431 520 3451 ,
551 3403 707 3457 quam
741 3386 835 3441 tibi
861 3386 1022 3441 etiam
1053 3400 1148 3454 per
1176 3393 1320 3440 tuam
1352 3384 1586 3456 linguam
1627 3385 1737 3442 Do-

148 3481 322 3536 minus
349 3477 517 3536 dedit.
551 3482 631 3534 An
663 3479 799 3536 forte
825 3479 891 3533 ad
917 3479 1018 3534 hoc
1045 3479 1313 3546 irasceris,
1343 3479 1485 3550 quod
1511 3478 1733 3535 fratrem

147 3575 321 3630 Voce?
347 3571 458 3628 Hoc
483 3573 624 3628 enim
648 3584 845 3626 nomen
875 3586 904 3625 a
932 3570 1086 3625 nobis
1111 3571 1270 3625 etiam
1310 3571 1365 3625 in
1401 3579 1584 3626 nostra
1612 3570 1738 3624 Col-

150 3667 347 3721 latione
378 3666 658 3737 respuistis
688 3665 768 3735 (a)
810 3682 824 3717 :
864 3665 952 3719 ubi
981 3662 1290 3719 ostendistis
1323 3677 1418 3717 nos
1449 3675 1590 3727 esse,
1615 3663 1738 3733 qui~

151 3759 245 3815 bus
267 3759 527 3815 Dominus
557 3757 808 3828 pra-cepit
854 3772 949 3827 per
989 3755 1304 3827 prophetam
1327 3799 1341 3823 ,
1373 3755 1570 3823 Dicite,
1604 3752 1739 3809 Fra-

154 3861 246 3905 tres
258 3851 421 3904 nostri
442 3852 577 3915 estis,
602 3851 672 3902 eis
693 3850 778 3918 qui
802 3864 887 3901 vos
907 3847 1140 3914 oderunt,
1160 3856 1204 3900 ct
1225 3846 1312 3918 qui
1326 3861 1410 3902 vos
1430 3849 1742 3900 detestantur

153 3942 255 4013 (Id.
274 3959 415 4002 LXVI.
436 3944 470 3999 5
514 3960 611 3996 sec.
632 3939 820 4009 LXX);
837 3955 933 3995 vos
946 3954 1072 3996 vero
1086 3941 1137 3994 in
1159 3953 1380 3994 numero
1398 3955 1582 3994 eorum
1597 3953 1737 4005 esse,

154 4039 238 4106 qui
266 4039 399 4092 istos
424 4036 615 4105 quibus
637 4035 738 4089 hoc
762 4033 1016 4089 Dominus
1047 4031 1197 4096 dicit,
1245 4032 1481 4087 oderunt
1516 4039 1568 4085 et
1583 4029 1742 4086 dete-

155 4140 380 4184 stantur.
402 4129 616 4200 'Nt-gare
641 4137 785 4184 certe
805 4142 906 4180 non
937 4137 1108 4196 potes,
1145 4135 1194 4180 te
1221 4123 1537 4193 religionem
1565 4119 1740 4178 dixis-

157 4237 230 4286 se,
263 4223 318 4278 in
349 4239 452 4293 qna
479 4233 560 4278 est
591 4222 829 4276 tribunus
858 4219 1137 4274 Dulcitius.
1169 4217 1461 4288 Propterea
1485 4217 1631 4270 illam
1661 4215 1741 4269 'ti-

155 4314 207 4368 bi
238 4316 520 4386 epistolam
551 4314 719 4381 misit,
760 4313 944 4383 utique
988 4319 1049 4366 ut
1093 4320 1144 4365 te
1187 4326 1293 4365 non
1346 4308 1640 4376 occideres,
1689 4315 1746 4364 et

159 4405 233 4461 illi
264 4408 540 4475 Ecclesiae,
572 4406 624 4462 in
653 4419 753 4476 qua
785 4414 866 4460 est
893 4404 1026 4474 ipse,
1049 4403 1500 4459 communieares.
1532 4400 1588 4455 Si
1614 4413 1743 4471 ergo

161 4501 321 4571 ipsius
348 4502 533 4573 religio
574 4510 674 4567 est,
701 4510 788 4556 tua
827 4499 1137 4570 superstitio
1179 4507 1278 4554 εει.
1309 4496 1562 4564 Quamvis
1599 4497 1742 4551 enim

163 4595 314 4650 ambo
336 4594 482 4649 vobis
504 4596 606 4648 hoc
633 4593 857 4647 invicem
887 4591 1127 4646 dixeritis
1153 4609 1165 4644 :
1187 4591 1338 4661 eligis
1366 4597 1542 4644 tamen
1569 4587 1742 4657 ipsum

160 4687 332 4755 potius
361 4684 554 4740 falsum
587 4685 808 4750 dixisse,
829 4699 987 4754 quam
1013 4692 1083 4738 te.

229 4777 450 4834 CAPUT
499 4777 616 4833 XII.
666 4806 738 4818 -——
762 4776 849 4832 i5.
878 4774 1236 4842 Quamobrem
1257 4773 1550 4829 secundum
1577 4771 1747 4827 veris-

164 4871 484 4926 simum'hoc
515 4880 661 4925 tuum
693 4868 1055 4924 testiinonium
1079 4910 1092 4934 ,
1125 4876 1179 4923 et
1222 4875 1368 4921 tuam
1412 4865 1746 4922 verissimam

165 4964 582 5034 expositionem,
615 4965 864 5035 quoniam
911 4961 1099 5032 religio
1144 4972 1227 5017 est
1271 4976 1428 5033 quam
1493 4960 1748 5016 Dulcitius

166 5056 407 5110 tribunus
451 5065 634 5120 tenet;
663 5054 902 5125 profecto
933 5052 1120 5123 religio
1170 5061 1286 5120 est,
1328 5070 1429 5124 qua
1461 5062 1510 5108 te
1555 5052 1619 5107 ad
1647 5063 1746 5105 no-

165 5155 325 5202 stram
357 5148 783 5203 communionem
814 5155 1136 5216 praeceptum
1167 5144 1511 5214 Imperatoris
1557 5144 1748 5214 impel-

167 5238 242 5293 lit.
269 5239 424 5296 Unde
454 5239 511 5294 lit
535 5255 864 5310 consequens
895 5249 949 5294 tit
980 5237 1166 5308 religio
1182 5237 1251 5290 sit
1273 5236 1453 5299 etiam,
1475 5251 1574 5305 qua
1605 5236 1751 5291 chri-

169 5333 369 5388 stianos
399 5334 687 5403 imperator
713 5331 778 5386 ad
808 5346 990 5386 curam
1034 5345 1183 5385 suam
1214 5328 1416 5399 judicat
1443 5333 1713 5399 pertinere
1732 5371 1749 5396 ,

171 5439 235 5478 ne
264 5427 313 5479 in
343 5440 428 5480 res
462 5424 667 5479 divinas
696 5429 912 5493 impune
946 5430 1197 5492 peccetur
1225 5439 1237 5474 ς
1269 5438 1297 5473 a
1325 5435 1431 5490 quo
1458 5429 1510 5473 tu
1544 5435 1647 5474 non
1676 5421 1753 5475 vis

174 5517 343 5571 ein-ari
396 5517 495 5572 nisi
542 5531 603 5570 ea
635 5531 751 5586 qua:
803 5522 1014 5568 terrena
1065 5511 1337 5582 republica
1391 5513 1749 5566 cuntinentnr.

232 5652 303 5714 (a)
339 5661 386 5702 In
409 5652 668 5703 titillatione
707 5649 754 5709 ‘2,
792 5662 897 5714 cap.
926 5647 1008 5708 49,
1043 5661 1155 5714 mm
1202 5649 1488 5714 Augustinus
1520 5647 1754 5714 dixisset,

181 5732 202 5760 ι
222 5709 313 5765 Non
339 5722 417 5766 est
439 5724 598 5766 nostra
624 5725 766 5762 causa
790 5709 981 5768 fautum,
1006 5710 1133 5774 quod
1158 5709 1488 5774 noliisivolunt
1519 5711 1756 5774 imputare

171 5791 206 5838 ir
225 5777 396 5828 fratres
407 5779 568 5827 moesti
593 5789 622 5825 e
657 5775 861 5838 diverso
889 5770 1146 5834 sistamus;
1170 5770 1478 5824 r'Petiiinnus

173 5836 309 5903 dixit,
333 5861 356 5891 ι
376 5841 596 5906 Iniuriam
619 5838 758 5890 nobis
780 5836 910 5888 lacis.
932 5851 956 5884 ι

1482 296 1690 363 LIBER
1726 300 2102 366 SECUNDUS.

3331 324 3438 381 750

1847 419 1998 477 Unde
2021 431 2074 478 et
2097 437 2277 494 regem
2309 423 2656 481 Ninivitarum
2679 467 2692 492 ,
2721 424 2918 484 oblitus
2945 431 3070 501 quid
3095 431 3308 508 legeris,
3334 457 3435 512 po-

1846 516 2051 586 pulode
2075 519 2278 589 agenda
2304 521 2610 591 poenitentia
2637 539 2741 580 non
2772 527 3052 583 mandasse
3071 529 3276 588 dixisti.
3309 532 3433 590 Haec

1843 609 1987 693 enim
2019 608 2178 663 verba
2226 619 2311 666 tua
2363 621 2489 669 sunt
2515 614 2584 670 ad
2617 632 2704 673 me
2739 636 2750 672 :
2787 617 2956 687 Quid,
2988 621 3193 693 inquis,
3222 625 3432 681 miseros

1844 692 2078 769 decipis?
2103 695 2255 757 Iona:
2279 702 2420 760 Deus
2462 709 2724 780 precepit,
2759 692 3072 783 prophetam,
3091 713 3342 772 Dominus
3367 734 3431 772 ar-

1844 792 2090 864 p0pulum
2112 795 2280 862 misit;
2301 797 2432 852 nihil
2461 800 2564 855 tale
2586 801 2694 873 regi
2721 803 3002 859 mandauit.
3036 807 3271 864 Adverte
3300 825 3431 882 ergo

1842 885 1968 955 quid
1994 887 2253 959 scriptum
2279 890 2388 960 sit,
2419 901 2474 948 et
2517 893 2625 950 noli
2652 895 2809 952 irasci
2846 898 2940 954 tibi
2980 898 3080 970 ipsi
3120 903 3163 969 ί,
3215 903 3308 974 qui
3349 904 3434 961 vel

1841 977 2019 1035 divina
2046 983 2242 1053 scripta
2273 1000 2378 1040 non
2409 987 2603 1044 recolis
2631 1006 2646 1044 :
2673 990 2758 1045 vel
2781 999 2836 1046 tu
2868 993 3049 1063 potius
3075 995 3304 1053 miseros
3332 997 3430 1056 de-

1840 1070 1994 1140 cipis.
2024 1073 2260 1130 Surrexit
2291 1075 2456 1133 Jonas
2475 1121 2491 1146 ,
2521 1090 2568 1134 et
2597 1082 2717 1136 abiit
2741 1083 2795 1138 in
2826 1082 3066 1142 Ninivem
3087 1129 3103 1156 ,
3130 1089 3258 1144 sicut
3284 1089 3429 1146 locu-
3486 1086 3492 1089 ⁷

1833 1171 1922 1218 tus
1971 1175 2042 1220 est
2093 1165 2362 1225 Dominus.
2417 1169 2605 1228 Ninive
2643 1184 2814 1230 autem
2856 1178 3032 1235 civitas
3068 1197 3254 1255 magna
3277 1193 3425 1252 erat,

1839 1259 1982 1327 quasi
2028 1260 2123 1314 sia:
2169 1263 2344 1318 tridui.
2377 1261 2445 1318 Et
2491 1267 2639 1338 capit
2686 1267 2850 1325 Jonas
2899 1271 3096 1344 ingredi
3133 1275 3387 1332 civitatem
3411 1319 3430 1347 ,

1838 1352 1983 1419 quasi
2006 1354 2157 1409 unius
2201 1357 2303 1410 diei
2349 1358 2463 1426 iter,
2492 1369 2539 1415 et
2567 1363 2860 1433 praedicavit
2893 1379 2941 1420 et
2972 1368 3044 1422 ait
3070 1384 3089 1422 :
3110 1368 3291 1426 Adhuc
3339 1371 3434 1426 tri-

1839 1445 2018 1511 duum,
2045 1457 2094 1502 et
2118 1447 2304 1505 Ninive
2329 1451 2659 1511 subuertetur.
2694 1455 2761 1511 Et
2799 1460 3124 1517 crediderunt
3148 1465 3244 1518 viri
3270 1463 3432 1520 Nini-

1840 1537 1952 1591 vitw
1982 1537 2201 1596 Domino
2224 1584 2240 1608 ,
2274 1552 2320 1597 et
2345 1543 2638 1601 indixerunt
2654 1547 2909 1621 jejunium
2928 1593 2943 1618 ,
2975 1562 3023 1606 et
3063 1571 3237 1611 saccos
3257 1555 3436 1612 indue-

1838 1640 1985 1697 runt,
2020 1648 2052 1683 a
2077 1634 2270 1703 majore
2295 1651 2452 1703 usque
2488 1638 2558 1692 ad
2593 1641 2855 1696 minorem.
2881 1642 3105 1716 Cumque
3128 1652 3436 1718 pervenisset

1838 1737 1999 1779 sermo
2035 1724 2105 1779 ad
2140 1743 2306 1798 regem
2343 1729 2558 1787 civitatis
2583 1730 2788 1802 Ninive,
2820 1738 3036 1792 surrexit
3073 1738 3138 1794 de
3166 1741 3283 1796 sede
3312 1759 3430 1813 sua,

1839 1824 1884 1870 et
1909 1816 2126 1873 detraxit
2145 1819 2238 1874 sibi
2253 1822 2565 1890 uestimenta,
2587 1835 2633 1878 et
2649 1826 3035 1884 secircumdedit
3051 1847 3217 1898 sacco,
3239 1842 3288 1888 et
3311 1851 3434 1890 con-

1837 1911 1965 1967 sedit
1993 1914 2045 1967 in
2062 1915 2245 1970 cinere.
2267 1915 2684 1991 Prtedicaturque
2702 1937 2734 1973 a
2753 1938 2869 1994 rege
2894 1932 2942 1977 et
2967 1941 2998 1978 a
3019 1925 3321 1997 potentibus,
3349 1927 3432 1982 di-

1839 2018 1954 2058 cens
1980 2021 1998 2058 :
2022 2003 2266 2062 Homines
2290 2017 2336 2061 et
2364 2009 2609 2078 iumenta,
2637 2019 2682 2064 et
2705 2027 2818 2066 oves
2844 2023 2891 2067 et
2911 2013 3075 2082 boves,
3110 2033 3210 2072 non
3233 2028 3434 2088 gustent

1837 2097 2132 2171 quidquam,
2153 2115 2242 2154 nec
2254 2113 2543 2172 pascantur,
2567 2112 2614 2158 et
2643 2121 2830 2178 aquam
2855 2124 2953 2162 non
2975 2109 3164 2165 bibant.
3184 2110 3252 2167 Et
3268 2113 3433 2168 induti

1841 2200 1959 2244 sunt
1986 2208 2158 2246 saccos
2186 2193 2434 2262 homines,
2456 2205 2504 2249 et
2518 2202 2756 2268 jumcnta
2781 2201 3217 2271 proclamaverunt
3238 2205 3306 2258 ad
3323 2205 3434 2261 Da-

1840 2282 2031 2336 minum
2049 2284 2270 2356 impense
2283 2301 2304 2340 :
2317 2296 2365 2341 et
2379 2303 2584 2344 aversus
2601 2299 2673 2346 est
2689 2292 3030 2364 unusquisque
3042 2311 3074 2348 a
3099 2295 3180 2350 via
3200 2298 3433 2367 nequitia:

1840 2389 1944 2427 sum
1957 2385 2004 2428 et
2017 2376 2294 2447 iniquitatis
2309 2395 2459 2450 quam
2471 2381 2524 2435 in
2543 2383 2772 2440 inanibus
2787 2385 3000 2440 habebat
3021 2386 3194 2461 (Jortin
3205 2404 3282 2458 tu,
3295 2391 3430 2464 5-8).

1841 2467 2079 2526 Audisne
2123 2471 2333 2528 tandem
2359 2489 2538 2546 regem
2584 2493 2835 2547 curasse,
2868 2480 3009 2551 quod
3030 2481 3098 2537 ad
3129 2499 3311 2553 regum
3341 2499 3434 2540 cu-

1839 2573 1955 2615 ram
1983 2561 2078 2617 tibi
2120 2562 2401 2633 diSpliceat
2432 2569 2919 2636 pertitiereYCerte
2954 2583 3010 2629 ut
3045 2574 3286 2644 impense
3307 2592 3438 2647 age-

1841 2663 2008 2716 retur,
2043 2655 2184 2723 quod
2222 2658 2396 2713 minus
2426 2675 2585 2730 quam
2634 2670 2975 2732 oportuerat,
3007 2664 3279 2735 agebatur.
3307 2667 3434 2724 Ideo

1841 2759 1968 2818 ergo
2009 2746 2252 2806 Ninivitaa
2305 2768 2408 2807 non
2437 2765 2559 2809 sunt
2592 2757 3061 2826 eXSpoliationibus
3092 2761 3437 2831 proscriptio-

1827 2839 2107 2912 nibusque
2135 2844 2219 2898 vel
2259 2853 2470 2902 terrore
2519 2847 2751 2904 militum
2806 2849 2872 2906 ad
2919 2852 3288 2923 paenitentiam
3335 2855 3437 2910 im-

1845 2931 1992 3000 perio
2031 2933 2170 3004 regis
2216 2936 2404 2990 arctati
2429 2979 2444 3005 ,
2471 2938 2593 3008 quia
2638 2939 3119 3013 obedientcrjussa
3169 2943 3432 3001 fecerunt.

1835 3023 1961 3083 Non
2010 3028 2187 3099 itaque
2233 3031 2566 3087 ostendimus
2610 3035 2880 3104 populum
2940 3037 3040 3092 ista
3081 3053 3432 3109 perpessum,

1843 3119 1967 3191 quia
1988 3135 2090 3176 nec
2121 3130 2175 3176 tu
2203 3122 2442 3178 ostendis
2468 3140 2648 3195 regem
2677 3125 2843 3182 fuisse
2881 3137 3264 3200 contemptum.
3299 3131 3436 3187 Pro-

1844 3211 1966 3268 inde
1990 3227 2112 3269 cum
2137 3214 2351 3285 regibus
2373 3231 2436 3270 ea
2473 3233 2592 3288 qua:
2620 3220 2915 3274 secundum
2954 3219 3123 3274 Deum
3159 3231 3283 3275 sunt
3304 3223 3435 3276 reli-

1843 3305 1994 3376 gioso
2021 3306 2217 3362 "timore
2260 3307 2569 3377 jubentibus
2595 3311 2818 3380 quisque
2857 3311 3219 3382 obtemperat,
3244 3313 3437 3369 timore

1844 3397 2103 3469 incipiens
2128 3405 2195 3455 et
2218 3397 2288 3454 ad
2325 3399 2667 3456 dilectionem
2692 3402 3000 3473 proﬁciens,
3026 3418 3057 3458 a
3089 3403 3313 3459 Domino
3341 3420 3436 3460 ac-

1844 3488 1972 3560 cipit
1995 3503 2179 3559 pacem
2215 3509 2227 3545 :
2260 3507 2364 3546 non
2387 3491 2525 3547 sicut
2553 3508 2739 3564 pacem
2766 3492 2858 3549 dat
2875 3493 3152 3563 smculum;
3185 3496 3437 3566 quoniam

1844 3583 2098 3638 smculum
2142 3582 2236 3640 dat
2277 3600 2461 3656 pacem
2486 3596 2703 3659 propter
2738 3588 3084 3659 temporalem
3111 3588 3392 3646 utilitatem
3417 3631 3434 3658 ,

1845 3673 2104 3732 Dominus
2130 3686 2308 3734 autem
2337 3689 2555 3751 propter
2587 3689 2843 3736 aeternam
2873 3681 3118 3738 salutem.
3145 3681 3291 3754 Ergo
3313 3684 3440 3754 quia

1844 3772 1945 3829 ista
1969 3769 2156 3845 religio
2181 3783 2260 3830 est
2284 3816 2300 3843 ,
2328 3775 2382 3830 in
2409 3791 2511 3846 qua
2549 3785 2634 3832 est
2676 3775 2920 3832 tribunus
2964 3776 3220 3833 Dulcitius
3241 3776 3440 3852 (neque

1845 3868 1986 3924 enim
2012 3867 2173 3924 verba
2197 3878 2284 3925 tua
2308 3879 2597 3942 negaturus
2613 3871 2716 3944 es);
2739 3873 3048 3944 superstitio
3075 3882 3157 3930 est
3186 3888 3309 3944 pars
3335 3875 3437 3929 Do-

1845 3962 1987 4028 nati,
2015 3961 2157 4020 unde
2185 3972 2237 4019 te
2267 3963 2383 4019 vult
2408 3965 2523 4019 erui
2555 3963 2713 4036 hujus
2743 3965 2956 4036 religio:
2988 3968 3295 4038 superstitio
3315 3976 3396 4022 est
3419 4009 3437 4036 ,

1845 4053 1988 4124 quod
2015 4062 2067 4109 te
2096 4054 2292 4124 quaeris
2317 4055 2566 4110 occidere
2589 4096 2605 4122 ,
2637 4055 2778 4125 quod
2805 4055 2959 4110 valde
3003 4057 3255 4126 prohibet
3279 4057 3439 4126 hujus

1846 4145 2031 4216 religio
2056 4163 2067 4198 :
2101 4146 2410 4215 superstitio
2431 4146 2688 4216 est,quod
2715 4161 2841 4216 erga
2867 4147 2964 4200 ista
3000 4161 3182 4201 curam
3200 4145 3439 4216 Impera-

1849 4237 1976 4290 toris
1994 4235 2372 4306 reprehendis,
2397 4251 2556 4308 quam
2587 4237 2823 4306 suscepit
2859 4237 3256 4307 exsequendum
3277 4236 3438 4309 hujus

1847 4329 2053 4401 religio.

1918 4419 2141 4478 CAPUT
2166 4419 2301 4478 XIII.
2322 4451 2396 4464 —
2424 4422 2511 4478 14.
2534 4420 2716 4492 Itaque
2739 4422 2860 4492 quia
2893 4422 3056 4478 verbo
3087 4431 3178 4478 tuo
3197 4437 3355 4479 causa
3383 4424 3443 4479 ll-

1849 4518 1956 4572 nita
1975 4526 2078 4584 est,
2097 4517 2320 4572 obsecro
2349 4533 2443 4587 per
2470 4517 2635 4572 Deum
2664 4516 2955 4588 religionis,
2975 4516 3144 4574 Deum
3173 4517 3440 4588 veritatis,

1850 4623 1908 4667 ut
1932 4613 2094 4668 etiam
2127 4622 2246 4667 tuus
2288 4627 2439 4668 error
2465 4610 2756 4682 aliquando
2783 4611 3014 4666 ﬁniatur.
3041 4608 3162 4684 Ipsa
3192 4621 3303 4674 est,
3331 4611 3438 4666 fra-

1737 4702 1758 4723 ’
1853 4715 1952 4770 ter,
1984 4704 2220 4761 Ecclesia
2257 4703 2484 4770 Christi,
2515 4719 2634 4774 quae
2671 4701 2774 4760 hoc
2816 4712 3058 4773 tempore
3080 4745 3097 4772 ,
3126 4709 3238 4758 toto
3266 4708 3441 4757 terra-

1850 4814 1968 4853 rum
1995 4797 2125 4853 orbe
2149 4795 2440 4852 crescendo
2488 4795 2760 4861 dilatatur,
2783 4795 3065 4852 continens
3093 4803 3148 4850 et
3172 4793 3347 4849 malos
3387 4804 3440 4849 et

1852 4895 2057 4959 bonos,
2089 4891 2438 4947 ventilatione
2481 4889 2664 4944 ultima
2709 4887 3057 4958 separandos.
3091 4887 3266 4958 Atque
3307 4897 3364 4942 ut
3387 4896 3442 4943 te

1853 4989 1917 5042 ad
1965 4997 2262 5042 extremum
2299 4985 2440 5040 illius
2460 4983 2646 5054 potius
2675 4983 2850 5038 verbis
2876 4982 3140 5052 alloquar,
3169 4997 3326 5052 quem
3361 4993 3443 5038 te-

1855 5092 1988 5138 stem
2037 5079 2283 5135 catholici
2330 5077 2562 5134 nominis
2607 5075 2865 5132 adhibere
2913 5075 3125 5131 voluisti
3155 5091 3170 5129 :
3197 5073 3327 5147 Ipsa
3374 5084 3446 5130 est

1855 5192 1968 5244 qua:
1995 5175 2197 5228 Domini
2217 5173 2330 5227 luce
2357 5171 2563 5242 perfusa
2583 5211 2598 5237 ,
2633 5187 2720 5240 per
2743 5168 2912 5224 orbem
2931 5177 3091 5223 totum
3130 5169 3304 5223 radios
3329 5183 3445 5222 suos

1857 5270 2069 5342 porrigit
2098 5284 2115 5322 :
2141 5270 2252 5339 ipsa
2299 5278 2371 5320 est
2397 5279 2509 5336 quia
2537 5279 2705 5318 ramos
2743 5278 2860 5317 suos
2899 5278 2989 5334 per
3029 5261 3316 5316 universam
3342 5269 3447 5312 ter-

1858 5382 1968 5420 ram
2009 5363 2156 5433 copia
2185 5361 2431 5417 ubertatis
2475 5358 2696 5414 extendit
2740 5355 3049 5431 (Cyprianus
3072 5396 3088 5422 ,
3134 5354 3198 5407 de
3243 5351 3448 5408 Unitate

1861 5457 2144 5524 Ecclesia).
2167 5452 2397 5509 Proinde
2417 5452 2508 5506 etsi
2521 5450 2753 5506 videntur
2783 5450 2836 5503 in
2851 5449 2944 5503 illa
2967 5462 3075 5502 esse
3110 5444 3326 5508 zizania,
3347 5459 3446 5497 non

1863 5565 2028 5606 tamen
2051 5548 2283 5620 impediri
2322 5547 2464 5602 debet
2489 5553 2576 5600 aut
2601 5546 2733 5616 ﬁdes
2754 5584 2771 5612 ,
2803 5551 2891 5597 aut
2917 5541 3138 5596 Charitas
3159 5547 3370 5599 nostra;
3394 5544 3449 5588 ut

1859 5643 2098 5716 quoniam
2119 5642 2318 5697 sisania
2354 5655 2462 5697 esse
2487 5639 2542 5694 in
2565 5637 2800 5712 Ecclesia
2819 5633 3070 5692 cernimus
3093 5671 3110 5703 ,
3136 5630 3236 5704 ipsi
3263 5629 3326 5684 de
3352 5626 3451 5682 Ec-

1927 5831 1944 5866 ί
1971 5835 2131 5891 Forte,
2148 5821 2296 5879 irasci
2316 5819 2412 5875 nisi
2431 5817 2518 5876 ωω
2537 5815 2653 5883 ipsi.
