3816 6174
375 293 481 354 751

376 407 535 465 etesia
558 405 863 460 recedamus.
902 399 1065 456 Nobis
1107 401 1454 455 tantummodo
1493 400 1822 454 laborandum
1845 410 1918 453 est
1946 440 1962 463 ,

378 512 435 556 ut
460 502 764 571 frumentum
794 512 898 552 esse
928 496 1196 566 possimus,
1228 505 1279 547 ut
1300 511 1413 547 cum
1432 494 1738 563 frumentum
1764 492 1968 563 coeperit

380 594 650 648 dominicis
695 592 885 646 horreis
914 590 1098 657 condi,
1131 593 1351 662 fructum
1390 606 1481 659 pro
1525 605 1674 659 opere
1704 597 1872 643 nostro
1921 594 1969 641 et

375 687 551 741 labore
577 685 856 753 capiamus.
882 683 1157 752 Apostolus
1185 681 1239 735 in
1265 680 1499 751 Epistola
1524 697 1615 734 sua
1640 680 1760 734 dicit
1792 694 1810 733 :
1843 697 1862 730 ι
1898 676 1969 733 In

370 780 531 834 domo
561 788 727 831 autem
755 792 939 848 magna
957 819 972 843 ,
995 792 1096 830 non
1124 774 1287 829 solum
1322 790 1444 828 vasa
1480 784 1596 828 sunt
1624 790 1779 828 aurea
1804 780 1850 826 et
1876 788 1967 826 ar-

366 882 558 943 'geutea
584 913 596 933 ,
626 870 713 924 sed
740 878 785 923 et
813 869 979 940 lignea
1008 877 1055 923 et
1083 866 1284 937 ﬁctilia;
1315 876 1360 921 et
1385 868 1619 937 quadam
1643 865 1844 935 quidem
1869 865 1965 919 Ito-

370 973 575 1025 norata,
594 962 827 1034 quwdam
857 978 970 1016 vero
997 962 1299 1016 inhonorata
1334 979 1352 1012 ι
1375 959 1452 1029 (ll
1477 958 1608 1013 Tim.
1636 974 1692 1025 ιι,
1711 957 1822 1029 20).
1856 956 1969 1012 Nos

377 1073 587 1127 operam
617 1055 810 1117 demus,
836 1062 883 1107 et
901 1063 1143 1123 quantum
1170 1068 1440 1122 possumus
1466 1049 1769 1116 laboremus,
1797 1056 1853 1104 ut
1880 1066 1969 1104 vas

374 1163 584 1199 aureum
607 1146 682 1199 vel
708 1155 999 1215 argenteum
1025 1146 1201 1197 simus.
1225 1141 1474 1197 Craterum
1495 1141 1676 1211 ﬁctilia
1704 1157 1824 1195 vasa
1848 1156 1970 1194 con-

378 1238 620 1309 friugcre,
652 1236 868 1290 Domino
893 1237 986 1291 soli
1012 1252 1304 1290 concessum
1326 1242 1429 1302 est,
1460 1235 1542 1289 cui
1570 1243 1617 1288 et
1646 1235 1786 1306 virga
1807 1235 1970 1306 ferrea

378 1327 499 1380 data
544 1341 614 1381 est
645 1326 814 1395 (Psal.
850 1342 923 1390 ιι,
949 1327 1029 1394 9).
1062 1325 1189 1380 Esse
1216 1342 1318 1380 non
1355 1334 1516 1397 potest
1556 1326 1719 1397 major
1750 1324 1967 1380 Domino

376 1434 469 1469 suo
497 1434 665 1471 servus
698 1433 716 1469 :
746 1434 834 1471 nec
861 1418 1126 1487 quisquam
1166 1416 1299 1484 sibi,
1331 1416 1466 1487 quod
1504 1417 1602 1472 soli
1641 1415 1778 1471 Filio
1809 1415 1969 1472 Pater

378 1508 586 1575 tribuit,
610 1509 876 1562 vindicarit
899 1550 914 1575 ,
944 1518 999 1562 ut
1019 1525 1071 1563 se
1095 1516 1234 1579 putet
1254 1549 1268 1571 ,
1300 1517 1389 1562 aut
1416 1507 1485 1561 ad
1523 1524 1693 1562 aream
1719 1508 1968 1563 ventilan-

378 1598 499 1651 dam
522 1608 569 1651 et
610 1598 964 1669 purgandam,
991 1597 1163 1668 palam
1180 1599 1295 1670 jam
1328 1599 1462 1669 ferre
1486 1615 1656 1668 posse,
1685 1606 1771 1653 aut
1792 1615 1823 1653 a
1851 1599 1967 1668 fru-

376 1702 543 1742 mento
574 1689 804 1742 miivcrsa
847 1689 1044 1742 zizania
1090 1689 1312 1743 humano
1331 1688 1533 1760 judicio
1576 1704 1833 1760 separare.
1865 1689 1969 1745 Su-

376 1781 530 1851 perba
558 1789 632 1834 est
661 1780 756 1834 ista
776 1779 1044 1834 obstinatio
1066 1789 1111 1834 et
1149 1780 1399 1851 sacrilega
1427 1781 1754 1851 prccsumptio
1774 1822 1790 1844 ,
1817 1797 1968 1852 quam

310 1912 339 1940 ,
374 1871 471 1925 sibi
493 1870 636 1941 furor
665 1888 848 1940 pravus
874 1872 1104 1925 assumit.
1135 1870 1205 1924 Et
1234 1870 1352 1925 dum
1377 1869 1472 1925 sibi
1518 1887 1714 1942 semper
1743 1871 1969 1941 quidam

360 1964 491 2034 plus
516 1981 667 2035 quam
689 1966 822 2019 mitis
841 1965 1035 2034 iustitia
1075 1964 1317 2035 deposcit,
1340 1972 1623 2032 assumunt,
1652 1963 1714 2019 de
1740 1963 1969 2019 Ecclesia

377 2067 677 2129 pereunt:et
705 2058 825 2112 dum
845 2076 896 2112 se
917 2058 1192 2113 insolenter
1217 2057 1484 2125 extollunt,
1517 2058 1629 2129 ipso
1653 2074 1746 2113 suo
1774 2066 1968 2114 tumore

373 2153 552 2206 cwcati
574 2194 588 2217 ,
620 2152 843 2207 veritatis
871 2152 1040 2206 lumen
1066 2152 1304 2206 amittunt
1328 2151 1521 2222 (Epist.
1548 2151 1617 2205 ad
1637 2150 1965 2223 Maximum).

373 2242 675 2300 Beatissimi
706 2244 956 2314 Cypriani
999 2252 1124 2300 sunt
1163 2244 1325 2300 verba
1355 2245 1456 2300 ista
1476 2285 1490 2309 ,
1524 2260 1631 2299 non
1665 2259 1781 2300 mea
1812 2263 1825 2298 :
1854 2245 1969 2316 ejus

372 2334 625 2390 videlicet
649 2335 810 2390 verba
848 2344 1000 2399 sunt,
1031 2351 1189 2406 quem
1220 2344 1274 2390 tu
1309 2335 1464 2391 nobis
1510 2336 1858 2393 lectissimum
1885 2343 1968 2393 te-

376 2432 517 2483 stem
543 2426 791 2482 catholici
819 2427 1049 2482 nominis
1071 2469 1085 2492 ,
1115 2428 1170 2482 in
1199 2436 1408 2483 tuorum
1433 2425 1768 2499 Scriptorum
1812 2436 1968 2485 exor-

377 2518 471 2573 dio
498 2518 748 2588 posuisti,
778 2527 833 2573 et
850 2533 947 2589 per
969 2519 1131 2574 multa
1158 2520 1526 2589 copiosissime
1555 2520 1965 2589 commendasti;

374 2609 487 2665 imo
509 2624 604 2678 per
622 2609 793 2679 ipsum
818 2608 1094 2680 (quoniam
1112 2625 1231 2666 vera
1259 2619 1418 2682 atque
1435 2611 1619 2667 divina
1636 2619 1762 2668 sunt
1780 2612 1964 2684 verba)

374 2710 502 2757 sunt
536 2700 653 2756 Dei.
685 2701 826 2758 Ecce
851 2702 993 2774 quod
1035 2702 1157 2759 audi
1177 2745 1194 2771 ,
1228 2717 1356 2760 ecce
1377 2704 1520 2774 quod
1549 2720 1712 2771 cave,
1736 2714 1794 2761 ut
1816 2705 1969 2776 adju-

416 2843 716 2892 Ξ

1268 286 1634 343 ΑΒΜΟΝΙΤΙΟ
1674 283 1738 343 ΙΝ
1764 278 2315 354 SUBSEQUENTEM
2353 279 2746 342 SERMONEM.

3569 277 3680 339 τες

2074 406 2232 452 vante
2261 395 2623 453 misericordia
2651 394 2980 462 Salvatoris,
3024 392 3182 450 simul
3225 390 3548 450 cnaritatem
3586 406 3680 448 ca-

2074 492 2322 548 tholicam
2355 500 2629 547 teneamus
2651 531 2665 555 ,
2698 490 2858 544 simul
2904 503 3090 560 pacem
3118 488 3441 544 catholicam
3477 485 3679 558 diliga-

2072 602 2209 650 mus,
2244 585 2400 641 simul
2430 600 2552 640 cum
2580 584 2697 655 ejus
2728 583 3011 639 frumentis
3038 594 3424 653 usquequaque
3446 593 3673 635 cresca~

2072 693 2214 745 nius,
2240 678 2401 733 simul
2425 692 2596 749 usque
2637 676 2705 733 ad
2731 677 2891 733 tinem
2920 676 3122 731 zizania
3167 674 3479 739 toleremus,
3509 672 3679 728 simul

2072 771 2126 825 in
2156 769 2353 825 horreo
2377 769 2494 825 sine
2540 768 2650 824 ﬁne
2693 769 2955 824 vivamus.
2983 766 3147 822 Vides
3176 780 3376 835 nempe
3418 764 3541 820 sine
3568 762 3680 818 ulla

2072 860 2385 918 defensione
2412 859 2684 917 (ἳωοίιίληὶ
2704 901 2721 926 ,
2743 860 2827 915 vel
2852 857 3211 930 quorumlibet
3232 855 3512 911 hominum
3538 869 3681 924 quos

2073 954 2405 1012 accusandos
2430 954 2632 1025 putatis
2650 995 2666 1021 ,
2698 951 3024 1009 Catholicam
3054 965 3155 1007 suo
3183 949 3382 1007 robore
3408 963 3473 1004 ac
3493 947 3681 1004 ﬁrmi-

2074 1057 2183 1104 tate
2222 1047 2544 1105 consistere.
2576 1046 2833 1115 Quamvis
2864 1053 2923 1102 et
2945 1043 3218 1101 Caeciliani
3244 1057 3463 1098 causam
3492 1040 3680 1098 Colla-

2074 1142 2149 1197 tio
2178 1149 2356 1197 nostra
2403 1139 2708 1212 purgaverit
2736 1156 2749 1193 :
2778 1146 2833 1193 et
2873 1137 3099 1193 aliorum
3124 1176 3141 1204 ,
3172 1136 3241 1193 de
3289 1136 3482 1208 quibus
3523 1136 3680 1191 calu-

2073 1231 2369 1297 mniamini,
2387 1240 2480 1287 aut
2501 1230 2661 1287 dubia
2686 1230 2756 1285 sit
2769 1228 3090 1293 criminatio,
3112 1237 3206 1283 aut
3231 1226 3431 1298 injust:
3448 1226 3682 1282 damna-

2074 1327 2170 1382 tio.
2191 1327 2295 1383 Sed
2321 1325 2474 1382 valde
2498 1324 2716 1382 stultum
2747 1331 2831 1379 est
2870 1331 2931 1377 ut
2963 1320 3224 1378 Ecclesiae
3258 1334 3477 1376 causam
3498 1361 3519 1384 ,
3543 1318 3683 1376 divi—

2073 1418 2160 1475 nis
2185 1418 2505 1475 testimoniis
2548 1417 2741 1474 fultam
2763 1425 2926 1486 atque
2968 1413 3266 1482 minutam,
3293 1413 3348 1468 in
3378 1412 3681 1469 hominum

2073 1510 2249 1567 causis
2277 1508 2485 1566 ratione
2529 1508 2866 1564 exorbitante
2918 1520 3182 1577 ponamus
3230 1522 3244 1560 :
3294 1521 3418 1562 cum
3458 1506 3683 1563 etiamsi

2073 1603 2194 1660 illos
2221 1602 2393 1659 malos
2418 1601 2857 1657 manifestissime
2884 1600 3212 1665 videremus,
3236 1614 3338 1656 nec
3356 1599 3470 1670 jam
3508 1614 3680 1671 sepa-

2072 1702 2195 1752 rare
2218 1709 2249 1748 a
2279 1691 2641 1769 Sacramentis
2680 1691 2935 1748 Ecclesiae
2963 1691 3267 1747 valcremus
3286 1732 3305 1760 ,
3338 1706 3444 1747 non
3489 1700 3682 1756 tamen

2060 1789 2321 1861 impediri
2363 1787 2589 1844 deberet
2635 1795 2729 1842 aut
2766 1784 2900 1842 fides
2949 1793 3043 1841 aut
3065 1785 3302 1841 cbaritas
3353 1792 3544 1842 nostra
3573 1801 3591 1849 ;
3625 1792 3686 1839 ut

2058 1883 2323 1955 quoniam
2353 1890 2408 1938 et
2430 1881 2563 1937 istos
2604 1879 2747 1936 inter
2773 1878 2977 1935 zizania
2999 1892 3120 1935 esse
3148 1878 3204 1935 in
3225 1877 3469 1935 Ecclesia
3485 1892 3683 1935 cerne-

2073 1961 2275 2037 remus,
2306 1972 2406 2044 ipsi
2435 1971 2504 2028 de
2534 1971 2776 2028 Ecclesia
2822 1969 3078 2027 recedere
3105 1970 3446 2027 deberemus.
3490 1969 3561 2026 Si
3588 1985 3682 2026 rc-

2056 2063 2342 2134 ,spoudere
2387 2062 2625 2134 cogitas,
2658 2062 2770 2117 noli
2797 2076 3015 2117 causam
3044 2060 3373 2132 relinquere,
3393 2067 3454 2116 et
3479 2060 3540 2116 in
3588 2075 3679 2116 su-

2058 2155 2424 2227 pervacaneis
2446 2154 2684 2226 evagari.
2715 2153 2791 2209 Ea
2822 2169 2943 2225 quae
2968 2152 3107 2209 dicta
3132 2161 3261 2208 sunt
3278 2194 3293 2219 ,
3316 2153 3527 2209 intuere
3563 2170 3581 2207 :
3609 2151 3681 2209 ad

2074 2262 2140 2305 ea
2167 2264 2286 2319 qua:
2314 2248 2457 2304 dicta
2501 2255 2649 2315 sunt,
2677 2261 2783 2303 non
2825 2246 3083 2303 fallaciter
3124 2244 3427 2309 eludendo,
3453 2246 3557 2302 sed
3585 2262 3680 2303 ra-

2075 2341 2399 2398 tionabiliter
2448 2338 2773 2411 disputando
2821 2339 3114 2412 responde.
3146 2338 3283 2395 Nam
3327 2338 3418 2394 illa
3460 2338 3674 2409 prolixa

2073 2436 2425 2507 responsione
2447 2434 2572 2507 quid
2599 2433 2796 2507 egeris,
2818 2433 2904 2490 vel
2929 2433 3108 2506 potius
3121 2448 3285 2504 quam
3309 2432 3442 2488 nihil
3467 2433 3675 2505 egeris,

2075 2528 2119 2584 si
2147 2529 2510 2586 necessarium
2545 2528 2723 2584 visum
2751 2526 2913 2582 fuerit
2935 2566 2951 2591 ,
2975 2526 3341 2597 Dominusque
3368 2525 3675 2594 donaverit,

2074 2636 2238 2691 opere
2258 2621 2365 2677 alio
2392 2620 2698 2694 diligentius
2720 2619 3122 2677 demonstrabo.

2128 2846 2289 2856 .—

716 2981 1390 3065 ADMONITIO
1433 2984 1556 3065 IN
1612 2976 2559 3095 SUBSEQUENTEM
2610 2984 3304 3067 SERMONEM.

448 3166 603 3223 Hunc
627 3180 930 3222 sermonem
955 3180 1027 3220 ex
1052 3163 1282 3221 Cellensi
1311 3162 1496 3220 codice
1519 3163 1658 3220 eruit
1683 3163 2037 3235 Hieronymus
2052 3164 2374 3237 Vignierius,
2420 3173 2475 3221 et
2511 3164 2563 3221 in
2606 3165 2900 3223 secundum
2942 3175 3145 3222 tomum
3180 3165 3489 3224 concinnati
3536 3183 3570 3224 a
3609 3183 3676 3227 ac

371 3262 738 3334 Supplernenti
767 3260 1134 3332 Augusti-iani
1157 3259 1355 3327 retulit,
1379 3258 1509 3315 nihil
1537 3260 1651 3329 ipse
1670 3254 1923 3317 dubitans
1945 3261 2073 3332 quin
2093 3277 2220 3318 vere
2244 3262 2418 3319 dictus
2442 3262 2509 3317 ab
2547 3262 2847 3335 Augustino
2872 3262 3066 3333 fuerit,
3109 3272 3165 3320 et
3202 3263 3423 3336 quidem
3464 3265 3677 3337 primus

373 3369 559 3411 eorum
588 3368 895 3409 sermonum
917 3365 1051 3422 quos
1079 3350 1141 3406 B.
1174 3349 1474 3422 Episcopus
1499 3358 1620 3421 post
1648 3350 1839 3407 Valerii
1862 3353 2203 3422 praecessoris
2229 3353 2312 3408 sui
2335 3352 2536 3410 obitum
2564 3353 2692 3411 fecit
2729 3354 2797 3411 ad
2832 3354 3061 3426 plebem.
3091 3354 3289 3412 Verum
3332 3366 3391 3413 ut
3427 3373 3539 3414 non
3581 3356 3673 3416 hic

376 3448 729 3503 immoremur
758 3446 812 3500 in
833 3442 1186 3515 expendenda
1210 3442 1369 3514 stylo,
1399 3444 1491 3513 qui
1512 3458 1611 3499 nec
1642 3443 1772 3499 satis
1797 3443 2075 3514 gravitatis
2092 3452 2146 3500 et
2165 3444 2458 3516 dignitatis,
2486 3461 2589 3504 nec
2613 3446 2863 3504 dictionis
2888 3449 3109 3505 omnino
3126 3449 3527 3521 Augustiniaua
3544 3466 3671 3507 mo-

373 3538 500 3593 dum
530 3537 731 3593 habere
758 3535 987 3603 videtur,
1015 3543 1162 3591 certe
1199 3548 1380 3591 sermo
1408 3533 1659 3590 historias
1679 3533 1835 3602 duas,
1857 3535 2081 3593 alteram
2105 3535 2313 3593 diaconi
2333 3537 2610 3607 cujusdam
2635 3538 3091 3612 Mutugennensis,
3115 3541 3337 3599 alteram
3364 3542 3670 3600 Rusticiani

372 3630 514 3702 (seu,
544 3639 601 3685 ut
622 3630 674 3683 in
698 3629 921 3699 antiquo
946 3625 1235 3698 exemplari
1266 3625 1520 3697 scriptum
1546 3634 1645 3692 est,
1676 3624 1999 3699 Rusticani),
2028 3641 2152 3698 quae
2188 3641 2258 3685 ex
2296 3636 2537 3700 tempore
2562 3637 2726 3700 atque
2753 3630 2873 3687 aliis
2915 3631 3331 3688 circumstantiis
3366 3634 3670 3703 probantur

368 3723 532 3792 longe
556 3722 800 3784 diversae,
832 3719 1117 3790 permiscet
1143 3716 1539 3788 confunditque.
1566 3715 1699 3773 Nam
1731 3716 1784 3772 in
1828 3716 2013 3788 primis
2039 3716 2366 3775 Husticanus
2394 3719 2485 3776 ille
2520 3720 2615 3792 qui
2658 3722 2711 3777 in
2757 3720 2860 3777 hoc
2900 3736 3150 3778 sermone
3187 3721 3449 3779 diaconus
3485 3722 3670 3779 Mutuo

371 3815 551 3887 gensis
580 3822 818 3877 vocatur,
847 3822 1042 3868 etcum
1067 3811 1134 3867 ab
1157 3810 1397 3868 Ecclesia
1424 3811 1685 3866 catholica
1712 3809 1997 3867 defecisset
2022 3810 2090 3867 ad
2128 3810 2432 3868 Donatistae
2450 3854 2466 3878 ,
2494 3828 2527 3868 a
2557 3812 2824 3870 Macrobio
2852 3813 3213 3883 rebaptizatus
3239 3815 3437 3871 dicitur
3462 3824 3521 3872 et
3544 3816 3669 3872 dia-

372 3924 541 3965 conus
566 3907 763 3975 factus;
794 3906 858 3971 is,
883 3905 1120 3976 inquam,
1148 3903 1396 3975 plurimis
1419 3903 1630 3960 indiciis
1656 3902 1982 3974 signiﬁcatur
2008 3902 2152 3962 idem
2182 3920 2399 3975 prorsus
2426 3920 2548 3963 esse
2566 3922 2688 3962 cum
2718 3905 2946 3963 diacono
2983 3907 3077 3963 illo
3120 3907 3528 3980 Mutugennensi
3569 3925 3666 3965 re-

346 3996 669 4071 ‘haptizato,
700 3997 852 4069 cujus
899 4011 1059 4052 causa
1107 3995 1437 4066 Augustinus
1502 3994 1779 4064 epistolam
1802 3993 1896 4062 23,
1916 3993 2077 4051 tacito
2094 3994 2263 4066 ipsius
2279 3995 2490 4053 diaconi
2511 3997 2749 4066 nomine,
2766 3998 2980 4070 scripsit
2997 3997 3064 4054 ad
3084 3998 3429 4056 Maximinum
3449 4000 3667 4060 circiter

370 4108 570 4147 annum
598 4090 793 4146 Christi
823 4088 949 4147 599..
979 4087 1293 4158 Quanquam
1327 4086 1487 4143 etiam
1525 4085 1628 4142 alia
1652 4086 1899 4158 legantur
1927 4086 2015 4143 hic
2038 4101 2149 4144 non
2176 4101 2345 4159 pauca
2385 4104 2507 4160 quas
2540 4088 2594 4145 in
2634 4088 2809 4160 ipsum
2833 4089 3053 4148 minime
3079 4093 3426 4149 conveniunt.
3454 4092 3668 4166 Quippe

369 4201 437 4240 eo
464 4195 701 4255 tempore
723 4200 827 4255 quo
847 4184 1103 4238 diaconus
1132 4181 1223 4237 ille
1249 4196 1279 4235 a
1310 4180 1602 4237 Donatistis
1634 4189 1881 4251 receptus
1914 4179 2033 4248 fuit,
2068 4188 2186 4237 erat
2211 4180 2387 4238 adhuc
2412 4182 2695 4256 presbyter
2725 4184 3071 4255 Augustinus,
3096 4184 3170 4241 uti
3200 4201 3269 4243 ex
3301 4186 3491 4243 eadem
3542 4188 3666 4258 epi-

369 4279 508 4333 stola
533 4278 604 4331 25
625 4277 809 4347 liquet.
839 4277 907 4329 At
930 4273 1206 4331 Sermonis
1227 4280 1417 4328 auctor
1442 4287 1592 4327 num.
1625 4272 1659 4327 5
1690 4280 1912 4328 testatur
1938 4287 1998 4328 se
2025 4271 2081 4327 in
2105 4273 2218 4342 ipso
2242 4273 2408 4329 oneris
2435 4274 2517 4328 sui
2542 4274 2751 4331 exordio
2783 4276 2980 4333 dedisse
3005 4293 3233 4349 operam,
3261 4289 3316 4334 ut
3341 4280 3397 4334 in
3419 4279 3665 4352 principi-

371 4368 497 4421 tium
526 4375 749 4420 ruentem
775 4365 826 4419 in
856 4364 1011 4436 plano
1031 4363 1319 4418 collocaret.
1351 4361 1462 4419 Nec
1480 4363 1627 4420 enim
1647 4361 1750 4418 dici
1769 4372 1944 4434 potest
1967 4361 2134 4419 oneris
2154 4364 2371 4420 nomine
2394 4365 2818 4436 presbyteratum
2840 4368 3116 4439 Augustini
3143 4371 3244 4427 hoc
3262 4370 3383 4429 loco
3411 4372 3661 4441 indicari,

370 4474 495 4514 cum
526 4457 668 4512 dicat
696 4455 889 4510 ibidem
921 4455 1287 4520 concionator,
1319 4451 1463 4524 quod
1489 4468 1612 4508 eum
1655 4453 1855 4508 nolebat
1885 4453 1981 4507 sibi
2009 4452 2237 4508 subtrahi
2260 4455 2315 4509 in
2342 4455 2453 4527 ipso
2481 4457 2646 4512 oneris
2686 4458 2769 4512 sui
2806 4460 3043 4526 exordio,
3090 4477 3237 4534 quem
3283 4480 3316 4516 a
3352 4464 3478 4518 satis
3506 4463 3662 4536 longe

371 4562 595 4623 tempore
618 4549 811 4604 videbat
838 4560 1076 4622 tanquam
1101 4550 1278 4621 fulgur
1302 4548 1365 4603 de
1384 4547 1509 4604 caelo
1533 4549 1810 4603 cadentem.
1841 4547 1991 4604 Haud
2011 4547 2155 4604 enim
2176 4547 2336 4619 longo
2363 4558 2604 4620 tempore
2628 4562 2753 4607 ante
2778 4551 3200 4625 presbyteraunn
3231 4571 3388 4610 suum
3414 4555 3664 4627 Hippone

368 4642 598 4714 degebat
620 4641 966 4712 Augustinus.
996 4640 1179 4711 Neque
1205 4640 1378 4694 solum
1409 4647 1598 4696 auctor
1625 4638 1875 4711 supponit
1915 4639 2058 4696 hunc
2096 4637 2378 4695 diaconum
2408 4640 2619 4696 nonnisi
2655 4657 2685 4697 a
2716 4652 2957 4713 tempore
2984 4645 3065 4700 sui
3106 4644 3446 4717 episcOpatus
3474 4653 3661 4719 (quem

370 4737 584 4808 quidem
608 4735 934 4806 Augustinus
960 4733 1169 4789 vivente
1195 4731 1370 4789 adhuc
1401 4730 1615 4788 Valerio
1639 4731 1894 4805 suscepit)
1934 4732 2241 4805 prolapsum
2269 4746 2409 4800 esse,
2437 4748 2620 4790 verum
2648 4735 2810 4793 etiam
2841 4737 2895 4793 in
2922 4736 3025 4795 hoc
3053 4754 3321 4809 sermone,
3350 4757 3659 4814 quanquam

369 4837 498 4898 post
524 4828 723 4883 obitum
758 4826 950 4883 Valerii
980 4825 1190 4881 habitus
1214 4824 1318 4890 sit,
1366 4823 1433 4880 de
1467 4824 1606 4880 illius
1630 4823 1839 4881 diaconi
1878 4823 2170 4881 miserabili
2196 4838 2325 4880 casu
2346 4865 2363 4892 ,
2403 4824 2548 4881 velut
2570 4825 2637 4881 de
2662 4843 2721 4883 re
2756 4843 2979 4898 prorsus
3004 4832 3206 4887 recenti
3247 4832 3378 4889 dicit
3401 4849 3554 4890 num.
3581 4834 3657 4890 ὗε

365 4922 506 4979 Dum
551 4925 614 4979 de
665 4932 865 4994 pastore
914 4931 1085 4992 erepto
1138 4923 1366 4993 lugemus
1397 4960 1413 4986 ,
1484 4918 1693 4991 inquit,
1760 4919 1984 4974 nascitur
2029 4916 2096 4974 de
2139 4918 2335 4990 perdito
2386 4917 2548 4988 fratre
2603 4919 2810 4975 dolendi
2863 4924 3077 4979 occasio.
3128 4924 3368 4981 Meminit
3414 4942 3567 4981 num.
3620 4926 3659 4981 6

369 5014 627 5073 Feliciani
653 5024 707 5071 et
734 5014 1039 5072 Praetextati
1064 5055 1080 5083 ,
1125 5026 1260 5084 quos
1276 5010 1389 5083 jam
1415 5009 1701 5066 Donatistae
1721 5017 2165 5082 receperantuna
2203 5024 2325 5066 cum
2363 5008 2430 5067 iis
2471 5025 2607 5082 quos
2648 5013 3247 5088 baptizaveranl:quod
3281 5031 3391 5074 non
3431 5018 3659 5090 contigit

365 5108 469 5165 nisi
498 5121 639 5160 anno
659 5105 784 5162 597.

438 5199 660 5259 Accedit
687 5201 831 5270 illud,
865 5201 1005 5273 quod
1032 5202 1084 5257 in
1107 5198 1352 5258 eamdem
1376 5212 1491 5254 rem
1515 5196 1604 5254 hic
1624 5212 1774 5254 num.
1801 5197 1836 5253 5
1860 5194 2063 5254 referat
2096 5192 2257 5253 verba
2285 5197 2524 5268 epistolae
2552 5198 2676 5267 107,
2712 5199 3008 5272 Augustino
3048 5202 3262 5274 scripta:
3295 5218 3327 5258 a
3365 5202 3656 5262 Theodoro

363 5304 419 5353 et
445 5292 676 5350 Maximo
704 5309 717 5346 :
748 5308 866 5363 quas
893 5307 1022 5348 sane
1046 5291 1207 5348 verba
1232 5290 1300 5345 ad
1326 5289 1485 5345 aliam
1511 5302 1726 5345 causam
1752 5296 2011 5359 spectant,
2039 5286 2335 5344 Husticiani
2362 5287 2610 5345 videlicet
2634 5288 2965 5358 subdiaconi,
3006 5293 3098 5365 qui
3128 5294 3329 5364 pariter
3363 5293 3433 5350 ab
3463 5294 3656 5365 Augu-

367 5390 507 5444 stino
528 5384 772 5451 descivit,
800 5392 856 5439 ut
882 5400 912 5438 a
940 5382 1210 5439 Macrobio
1235 5380 1689 5451 rebaptizaretur;
1734 5380 1787 5436 in
1810 5393 1913 5452 qua
1935 5379 2219 5436 occasione
2243 5377 2365 5435 huic
2398 5377 2545 5436 dedit
2576 5380 2905 5452 Augustinus
2943 5383 3223 5454 epistolam
3266 5384 3391 5449 108,
3432 5383 3656 5442 circiter

363 5496 561 5537 annum
585 5478 709 5534 409.
742 5477 809 5533 Et
835 5490 962 5530 vero
989 5473 1285 5531 Rusticiani
1314 5472 1536 5545 hujusce
1569 5471 1880 5530 subdiaconi
1906 5485 2063 5528 casus
2089 5470 2299 5527 nonnisi
2323 5479 2447 5543 post
2481 5469 2701 5527 Honorii
2732 5471 2879 5545 leges
2913 5485 3100 5531 contra
3126 5475 3432 5532 Donatistas
3470 5477 3653 5532 conti-

365 5577 506 5646 gisse
532 5570 846 5643 intelligitur
864 5584 932 5625 ex
949 5566 1136 5623 eadem
1169 5565 1392 5636 epistola
1422 5564 1543 5631 108,
1579 5564 1631 5621 id
1656 5574 1759 5631 est,
1791 5572 1912 5637 post
1936 5579 2134 5621 annum
2162 5562 2290 5620 405.
2318 5562 2485 5619 Nemo
2512 5573 2713 5631 autem,
2739 5564 2817 5620 uti
2841 5566 3232 5636 existimamus,
3249 5583 3316 5624 eo
3344 5581 3514 5638 usque
3544 5565 3654 5621 γε.

363 5664 487 5719 lerii
511 5667 673 5720 vitam
702 5662 990 5720 extemlere
1019 5664 1263 5723 conetur,
1284 5670 1405 5711 cum
1423 5656 1599 5713 videat
1617 5658 1967 5729 Augustinum
1994 5655 2064 5712 ab
2087 5654 2308 5711 exordio
2330 5655 2411 5710 sui
2436 5655 2775 5727 episcopatus
2796 5672 3065 5728 nunquam
3088 5658 3289 5716 Valerii
3311 5659 3647 5728 meminisse,

361 5766 716 5831 praeterquam
739 5758 790 5810 in
824 5750 1067 5827 epistolis
1083 5748 1147 5808 51
1176 5754 1230 5803 et
1255 5747 1326 5806 ‘55
1352 5762 1484 5819 quas
1511 5749 1650 5806 haud
1695 5749 1854 5810 dubie
1880 5748 2097 5811 circiter
2125 5760 2326 5806 annum
2354 5744 2461 5805 396
2495 5747 2815 5822 conscripsit
2850 5766 2864 5805 :
2897 5751 2981 5807 vix
3031 5750 3193 5810 etiam
3231 5750 3526 5811 verisich
3561 5760 3652 5810 est
