3816 6138
146 269 272 330 783
774 264 861 322 DE
896 260 1303 322 RUSTICIANO
1344 253 1769 318 SUBDIACONO
1808 253 2041 314 SERMO
2078 251 2471 314 AUGUSTINO
2507 250 2872 310 TRIBUTUS.
3358 255 3462 313 754

150 388 315 447 hunc
338 386 646 454 diaconum,
676 386 721 442 si
758 386 872 457 ipse
904 382 1104 455 estqui
1126 382 1236 453 jam
1261 397 1292 435 ιι
1319 378 1580 452 principio
1606 376 1944 446 episcOpatus
1974 373 2256 445 Augustini
2296 371 2598 439 vacillabat,
2641 370 2849 426 nonnisi
2876 368 3137 426 decenuio
3174 379 3293 440 post
3317 371 3463 426 ccci-

152 481 337 539 disse.
370 480 542 537 Porro
563 478 807 552 quaedam
828 493 859 533 a
880 476 1256 533 concionatore
1285 470 1630 544 proferuntur
1660 477 1910 538 tanquam
1934 482 1999 522 ex
2024 464 2405 537 Augustiuiana
2443 463 2508 520 ad
2537 463 2859 520 Macrobium
2920 463 3164 534 epistola,
3194 478 3314 534 quze
3351 478 3463 521 non

151 576 219 632 in
241 577 381 647 ipsa,
405 574 502 631 sed
526 574 581 629 in
620 572 843 644 epistola
865 570 938 628 23
963 569 1032 626 ad
1050 567 1395 625 Maximinum
1417 576 1671 635 expresse
1694 559 1978 616 habentur.

234 668 465 726 Silentio
488 668 748 724 mittimus
774 665 876 721 alia
902 679 1022 736 quae
1058 661 1278 719 dubium
1314 672 1621 716 sermonem
1663 656 1804 711 hunc
1828 653 2081 717 reddunt,
2111 652 2272 709 veluti
2311 666 2431 708 cum
2462 652 2515 706 in
2559 666 2623 707 eo
2648 650 2994 707 concionator
3014 651 3260 707 eumdem
3308 652 3459 710 illum

147 778 327 834 quem
354 775 506 816 num.
536 760 573 815 1
600 758 921 814 dissolutum
964 754 1237 812 hominem
1281 767 1346 809 ac
1386 748 1725 824 proﬂigatum
1763 744 2042 818 praedicat,
2093 744 2316 799 militem
2365 742 2576 798 Domini
2614 752 2667 798 et
2694 756 2787 797 vas
2815 741 3034 797 honoris
3062 740 3191 797 dicit
3219 759 3366 798 num.
3402 745 3459 800 3.

152 856 301 912 Cum
329 870 444 911 rem
468 854 581 925 ipsa
622 850 878 922 Baptismi
906 849 1189 906 iteratione
1215 846 1383 918 magis
1408 843 1691 918 lugendam
1712 841 1937 914 judicat,
1966 838 2107 911 quod
2135 839 2226 894 ille
2254 837 2512 894 Ecclesia:
2554 836 2800 894 desertor
2829 838 2989 892 etiam
3016 836 3274 892 diaconus
3299 853 3327 891 a
3358 838 3465 894 Do-

149 950 380 1007 natistis
398 946 571 1004 factus
596 945 784 1002 fuisset
814 963 828 1000 :
855 959 979 1001 cum
1009 941 1225 999 eosdem
1253 939 1535 995 haereticos
1556 935 1974 1007 rebaptizatores
1995 932 2244 1003 exemplo
2267 931 2519 1001 Baptismi
2554 929 2808 986 Primiani
2834 940 2989 1001 urget
3038 948 3053 986 :
3100 945 3163 985 ac
3203 941 3463 1001 praeterea

157 1042 465 1099 Maximum
492 1046 548 1096 et
572 1038 933 1100 Theodorum,
960 1036 1049 1107 qui
1072 1035 1140 1090 ab
1167 1030 1466 1104 Augustino
1492 1031 1544 1085 in
1583 1029 1809 1101 epistola
1833 1026 1938 1083 108
1964 1026 2060 1096 ﬁlii
2088 1034 2136 1079 et
2164 1023 2483 1079 honorabiles
2509 1024 2601 1078 viri
2629 1023 2979 1093 appellantur,
3003 1022 3203 1095 absque
3229 1025 3330 1079 ulla
3362 1025 3461 1080 ho-

153 1136 319 1193 noris
346 1132 721 1191 testiﬁcatione
746 1130 1004 1186 nominat.
1031 1127 1259 1198 Usurpat
1286 1141 1432 1182 num.
1462 1125 1489 1180 1
1521 1122 1743 1179 verbum
1774 1120 1954 1187 Omen,
1983 1118 2124 1190 quod
2150 1118 2202 1173 in
2234 1118 2369 1173 libro
2396 1118 2422 1173 1
2453 1117 2929 1184 RetractatiOnum,
2956 1132 3081 1188 cap.
3111 1119 3163 1181 1,
3192 1118 3465 1187 improba-

153 1236 257 1285 tur
279 1227 352 1282 ab
375 1224 697 1297 Augustino.
727 1220 966 1278 Tandem
990 1219 1077 1274 hic
1102 1234 1248 1273 num.
1273 1219 1306 1271 4
1327 1215 1393 1271 de
1414 1213 1668 1270 Primiani
1693 1212 1831 1267 facto
1854 1209 2073 1281 perinde
2095 1209 2193 1264 iste
2213 1208 2468 1280 loquitur,
2486 1222 2549 1264 ac
2569 1209 2611 1265 si
2632 1222 2716 1264 res
2732 1209 2977 1264 omnibus
3002 1218 3276 1281 perspecta
3297 1219 3460 1276 esset,

154 1320 237 1378 de
264 1334 374 1392 qua
399 1328 577 1373 tamen
603 1317 656 1372 in
685 1330 750 1370 eo
778 1327 1027 1371 sermone
1057 1310 1258 1366 nullum
1284 1307 1457 1363 adhuc
1478 1306 1701 1362 verbum
1727 1303 1796 1359 ad
1826 1302 2077 1376 populum
2100 1300 2314 1357 fecerat.

3274 1442 3363 1451 -..α

162 1442 3460 1517 m

1618 1557 2020 1644 SERMO

1353 1715 1808 1784 AUGUSTINO
1848 1712 2242 1777 TRIBUTUS

487 1893 729 2007 DE
803 1874 1797 2005 RUSTIGIAN
1800 1872 1915 1987 0
1988 1869 3006 1985 SUBDIACON
3010 1869 3125 1985 0

804 2084 853 2140 Α
892 2074 1294 2137 DONATISTIS
1328 2064 1811 2130 REBAPTIZATO
1848 2064 1936 2123 ET
1974 2064 2043 2123 IN
2082 2062 2435 2123 DlACONUM
2473 2063 2841 2121 ORDINATO.

1659 2197 1979 2254 «me»

239 2367 301 2423 1.
339 2359 532 2420 Adhuc
579 2369 817 2414 merens
868 2361 927 2409 et
969 2350 1177 2413 dolens,
1228 2347 1445 2410 fratres,
1492 2341 1626 2398 sisto
1681 2353 1771 2395 me

163 2452 457 2518 Sanctitati
492 2458 687 2508 vestra;
714 2464 728 2501 :
758 2460 861 2502 nec
902 2442 1047 2500 enim
1085 2438 1339 2512 pneteriti
1385 2449 1542 2492 casus
1573 2430 1771 2506 (dicam

168 2550 310 2617 mei,
333 2546 508 2603 dicam
529 2537 758 2609 vestri?)
782 2535 1028 2592 dolorem
1060 2530 1209 2602 potui
1237 2528 1499 2617 digerere.
1544 2522 1652 2617 Ter
1675 2535 1770 2617 co-

170 2611 340 2700 natus
385 2651 506 2692 sum
538 2630 783 2696 verbum,
804 2622 1172 2683 undedebitor
1210 2634 1350 2684 sum,
1381 2615 1534 2672 vobis
1561 2611 1771 2668 submi-

170 2737 447 2798 nistrare;
479 2727 638 2786 toties
657 2733 711 2781 et
737 2736 873 2779 mea;
904 2729 958 2777 et
1001 2725 1197 2773 vestrae
1224 2714 1474 2783 lacrymaa
1529 2702 1773 2762 conantis

171 2842 368 2888 vocem
388 2824 803 2896 suppresserunt
828 2833 842 2870 :
874 2828 973 2872 nec
996 2810 1146 2886 potui
1172 2808 1361 2865 melius
1385 2816 1544 2860 curas
1580 2800 1774 2896 quibus

171 2888 482 2997 premebar,
495 2888 667 2986 quam
684 2910 928 2966 ubertate
953 2906 1309 2976 lacrymarum
1329 2897 1624 2997 explieare:
1635 2888 1774 2997 Quid

174 2985 310 3088 ergo
339 3008 477 3069 ﬂet?
502 2985 856 3077 Nunquamne
905 3014 1047 3067 meo,
1094 3008 1362 3066 nunquam
1399 2999 1582 3049 vestro
1608 2985 1775 3043 luctui

176 3087 338 3165 limes
362 3100 659 3160 statuetur?
679 3096 899 3166 Quoties
927 3108 1015 3149 me
1047 3089 1295 3146 videbitis
1331 3087 1637 3146 intrantem,
1666 3094 1772 3135 non

176 3193 461 3255 cessabitis
488 3200 701 3264 pectora
732 3185 979 3252 tundere,
1001 3191 1057 3240 et
1092 3179 1320 3252 gemitus
1351 3173 1517 3232 dare?
1555 3171 1775 3264 Quoties

177 3304 277 3346 vos
302 3260 659 3356 congregatos
679 3278 890 3345 videro,
915 3276 968 3331 in
1010 3273 1276 3345 lacrymas
1296 3269 1384 3324 ibo
1409 3276 1462 3323 et
1504 3260 1776 3356 suspiria?

178 3352 632 3449 Tentpusvlttgendi
655 3368 854 3441 (Eccle.
898 3382 979 3433 ιιι,
1010 3365 1089 3434 4),
1126 3371 1180 3419 et
1214 3359 1344 3415 mihi
1370 3366 1424 3413 et
1474 3355 1626 3412 vobis
1666 3352 1775 3407 cir-

181 3467 638 3537 cumscripserunt
667 3459 880 3532 eloquia
930 3456 1127 3512 divina.
1156 3452 1265 3508 Nec
1290 3449 1457 3513 dolui,
1508 3460 1628 3501 cum
1678 3458 1778 3537 vos

182 3563 546 3635 lacrymautes
572 3556 679 3612 vidi
719 3554 796 3626 (et
821 3551 889 3607 ad
938 3549 1125 3605 Lazari
1168 3543 1592 3602 recordationem
1633 3536 1780 3635 ﬂevit

182 3628 446 3712 Dominus
491 3649 650 3707 Jesus
698 3646 984 3707 Christus;
1026 3649 1080 3696 et
1101 3639 1190 3711 qui
1231 3652 1353 3693 eum
1385 3635 1600 3691 ﬂentem
1628 3628 1777 3685 vide-

183 3747 320 3805 bant
364 3742 533 3801 Judrei
582 3742 849 3803 dixerunt,
902 3734 1034 3790 Ecce
1065 3729 1317 3806 quomodo
1356 3726 1594 3799 diligebat
1631 3721 1779 3777 eum!

187 3836 371 3912 (loco.
402 3851 482 3902 ιι,
511 3833 604 3900 35,
632 3828 724 3904 36]
750 3831 804 3901 );
834 3829 942 3883 imo
973 3825 1169 3896 potius,
1199 3823 1242 3876 si
1272 3819 1497 3912 quidin‘
1527 3814 1778 3912 lacrymis

186 3906 509 3999 iucundum,
538 3923 581 3977 si
615 3921 740 3993 quid
766 3930 973 3991 gratum
1000 3930 1121 3972 esse
1146 3922 1341 3985 potest,
1375 3908 1502 3966 illud
1532 3923 1563 3963 e
1586 3906 1780 3963 vestris

190 4019 382 4090 collegi
415 4037 428 4071 :
459 4016 700 4073 dicebam
730 4014 871 4070 enim
913 4012 1050 4066 intra
1076 4023 1184 4074 me,
1218 4006 1359 4062 Ecce
1400 4000 1670 4075 quomodo
1695 4000 1781 4057 di-

189 4112 425 4183 ligebant
449 4124 569 4165 eum
593 4125 609 4175 ;
638 4108 726 4178 qui
758 4114 960 4176 patrem
992 4109 1139 4157 tanto
1165 4098 1355 4155 affectu
1384 4093 1784 4168 prosequeban-

193 4213 301 4271 tur,
316 4201 561 4259 eumdem
578 4199 781 4255 dabunt
794 4206 849 4253 et
869 4196 997 4262 lilio,
1010 4193 1100 4265 qui
1116 4207 1300 4248 eorum
1319 4198 1467 4260 pater
1482 4186 1654 4242 factus
1673 4193 1778 4248 est;

192 4292 466 4350 hmredem
495 4290 676 4346 oneris
707 4289 899 4345 facient
923 4284 1190 4341 haeredem
1216 4280 1450 4345 amoris;
1481 4278 1571 4349 qui
1596 4290 1783 4332 succe-

194 4385 271 4441 dit
300 4384 514 4449 houori,
535 4380 788 4438 succedet
818 4389 874 4436 et
905 4375 1172 4434 charitati.
1210 4373 1413 4429 Bonum
1464 4366 1783 4442 ingredienti

195 4492 359 4534 omen
387 4485 469 4533 est
495 4474 588 4546 (a),
619 4473 851 4543 antiqua:
876 4472 927 4527 iu
957 4480 1225 4541 pastorem
1258 4462 1559 4521 dilectionis
1586 4463 1639 4517 in
1665 4460 1782 4516 ovi-

196 4569 298 4626 bus
324 4569 471 4639 signa
493 4566 698 4621 videre.
728 4564 845 4620 Fiet
890 4561 1088 4617 amoris
1129 4555 1409 4614 translatio
1450 4556 1505 4611 in
1552 4569 1673 4609 eum
1696 4551 1782 4608 cui

194 4659 337 4716 facta
351 4666 436 4715 est
456 4671 703 4714 curarum
730 4654 944 4710 collatio
969 4672 982 4707 :
1013 4666 1112 4707 nec
1138 4658 1342 4706 mutato
1368 4656 1583 4720 pastore
1607 4659 1785 4702 cessa-

197 4749 332 4806 bunt
356 4764 478 4806 eum
505 4748 748 4819 diligere,
770 4746 859 4818 qui
876 4745 1035 4801 debet
1061 4758 1189 4799 oves
1230 4755 1466 4812 pascere,
1494 4738 1647 4809 cujus
1691 4750 1785 4792 vo-

197 4855 316 4898 cem
342 4841 578 4904 audient,
604 4849 658 4897 et
682 4841 771 4911 qui
795 4841 813 4872 ί
845 4840 955 4894 Deo
976 4845 1131 4901 teste,
1163 4833 1488 4893 conscientia
1517 4840 1671 4899 teste,
1693 4845 1787 4902 pa-

205 4941 352 4989 ratus
377 4944 459 4989 eat
485 4947 607 4987 cum
633 4930 899 5001 adjutorio
921 4929 1132 4985 Domini
1159 4941 1256 4999 pro
1273 4924 1601 4981 ovicularum
1629 4921 1787 4980 mini-

202 5037 286 5081 ma
309 5025 544 5081 animam
565 5038 718 5079 suam
742 5021 1053 5095 impendere
1077 5031 1132 5078 et
1160 5017 1649 5091 superimpendere.

269 5116 325 5172 ε.
349 5114 408 5174 Si
427 5131 546 5189 qua
566 5116 702 5173 ratio
726 5113 965 5181 dolendi,
994 5114 1039 5168 si
1066 5111 1255 5178 ﬂendi;
1284 5118 1395 5166 tota
1417 5123 1534 5166 mea
1554 5118 1656 5174 est,
1680 5122 1787 5164 non

210 5216 406 5274 vestra,
435 5223 543 5264 non
583 5207 722 5279 ejus,
750 5207 903 5278 cujus
930 5205 1194 5276 tangimur
1228 5203 1515 5259 desiderio.
1569 5200 1790 5261 Solutus

208 5310 290 5356 est
309 5300 420 5369 ille,
450 5301 662 5356 vinctus
685 5313 785 5371 ego
807 5314 823 5365 ;
844 5295 1076 5354 stadium
1095 5309 1366 5359 emensus,
1400 5308 1579 5350 curro.
1603 5293 1660 5351 In
1694 5310 1790 5365 pa-

212 5391 310 5448 tria
332 5401 436 5462 est,
490 5391 632 5448 unde
677 5392 987 5463 peregrinor
1015 5406 1029 5445 :
1055 5401 1211 5444 curas
1247 5399 1380 5457 quas
1428 5384 1693 5456 deposuit,
1737 5385 1790 5441 in

198 5482 329 5539 'sinu
355 5498 480 5541 meo
505 5483 764 5555 reposuit.
807 5481 1028 5537 Clavum
1064 5480 1203 5535 bene
1243 5474 1434 5543 tenuit,
1465 5476 1534 5531 de
1560 5490 1646 5531 me
1667 5476 1794 5549 quid

200 5572 305 5634 iet
327 5578 509 5635 nescio
538 5595 552 5633 :
581 5576 805 5650 appulit,
851 5574 1069 5631 ﬂuctuo.
1120 5573 1163 5628 Ε
1210 5570 1388 5627 littore
1427 5568 1574 5628 videt
1598 5569 1794 5629 iratum

276 5709 474 5777 firme,
495 5709 661 5776 eteius
681 5724 843 5777 vocem
863 5709 1057 5777 αιιιιίεπι
1074 5718 1175 5774 φοι

275 5771 349 5843 (ι)
377 5771 642 5838 tum,
666 5787 763 5842 cap.
795 5776 841 5841 t,
863 5786 913 5825 ιι.
937 5773 985 5825 3.

1874 2339 2114 2412 pelagus,
2134 2339 2372 2397 furentes
2397 2339 2662 2411 procellas
2694 2359 2707 2396 :
2739 2341 2983 2397 exclamo
3009 2342 3061 2397 in
3083 2341 3274 2398 mediis
3289 2343 3463 2400 ﬂucti-

1875 2433 1994 2499 bus,
2023 2433 2182 2491 Salva
2218 2449 2345 2498 nos,
2388 2435 2609 2507 perimus
2639 2433 2856 2505 (Matth.
2900 2451 3013 2501 vtu,
3058 2435 3187 2506 25)!
3235 2436 3302 2491 Et
3342 2452 3470 2493 vere

1875 2527 2133 2597 perimus,
2162 2534 2217 2582 et
2231 2541 2356 2583 vere
2382 2527 2673 2597 periculum
2691 2534 2864 2598 urget,
2888 2535 2943 2583 et
2967 2543 3094 2584 vere
3110 2538 3268 2598 caput
3282 2544 3463 2584 meum

1876 2617 2119 2688 impellit,
2139 2632 2248 2674 non
2262 2632 2438 2674 meum
2459 2627 2661 2674 tantum
2682 2619 2993 2689 periculum,
3013 2620 3107 2675 sed
3126 2630 3180 2675 et
3197 2629 3429 2675 vestrum
3449 2639 3464 2687 ;

1875 2723 2000 2765 nam
2050 2709 2166 2766 sine
2203 2710 2356 2765 vobis
2397 2710 2576 2765 salvus
2600 2725 2720 2767 esse
2754 2725 2858 2766 non
2890 2726 3127 2781 possum.
3158 2711 3468 2767 Vestrarum

1876 2802 2172 2858 animarum
2189 2802 2411 2874 jactura,
2447 2819 2563 2859 mea
2593 2811 2693 2859 est.
2716 2802 2983 2875 Quidquid
3008 2804 3234 2861 Domino
3257 2819 3378 2860 meo
3398 2806 3468 2861 de

1877 2896 2028 2952 vobis
2051 2897 2209 2968 perit,
2237 2896 2472 2968 periculo
2492 2912 2611 2953 meo
2638 2896 2775 2967 perit
2802 2916 2815 2951 :
2847 2897 3107 2953 rationem
3139 2913 3255 2952 sum
3282 2897 3465 2954 reddi-

1877 2998 2061 3058 turus,
2111 2988 2293 3061 pellem
2333 3006 2427 3058 pro
2465 2990 2594 3062 pelle
2647 2989 2786 3057 (Job
2820 3005 2892 3055 ιι,
2922 2990 3014 3062 4).
3070 2989 3473 3047 Misericordcm

1878 3081 2163 3138 Dominum
2187 3081 2377 3148 habeo,
2406 3081 2500 3137 sed
2532 3081 2761 3153 rigidum
2781 3088 3209 3152 computatorem
3240 3100 3253 3136 :
3286 3085 3469 3141 ovicu-

1880 3174 1961 3230 las
1988 3189 2113 3230 suas
2142 3174 2380 3245 quotidie
2401 3185 2666 3241 numerat,
2699 3174 2794 3229 has
2822 3174 2875 3230 in
2903 3175 3151 3231 manibus
3172 3176 3471 3247 descriptas

1880 3266 2062 3334 habet,
2086 3267 2252 3338 exigit
2275 3281 2578 3331 numerum,
2620 3282 2779 3337 quem
2806 3269 2851 3322 si
2879 3281 2985 3322 non
3033 3267 3339 3337 reddidero,
3387 3268 3473 3324 in-

1880 3374 2011 3431 gens
2038 3358 2199 3428 capiti
2246 3373 2368 3415 meo
2407 3358 2700 3429 periculum
2730 3366 2962 3415 creatur.
2994 3358 3205 3427 Videte,
3254 3358 3471 3427 fratres,

1880 3455 1928 3508 si
1970 3452 2233 3508 sarcinam
2282 3467 2457 3508 meam
2510 3451 2859 3508 considerans
2902 3467 2933 3507 a
2961 3440 3233 3524 lacrymis'
3256 3468 3475 3524 possum

1881 3552 2204 3616 temperare,
2226 3543 2270 3598 si
2291 3542 2359 3599 de
2385 3544 2532 3615 gravi
2561 3559 2728 3600 onere
2753 3559 2878 3601 meo
2902 3558 3009 3599 non
3029 3544 3158 3599 mihi
3180 3544 3473 3601 dolendum

1882 3645 1985 3692 est.
2035 3635 2254 3692 Pontius
2292 3650 2468 3691 meum
2501 3635 2776 3703 alleviate;
2818 3634 2979 3692 faciet
3017 3634 3249 3691 charitas
3296 3646 3476 3694 vestra

1883 3726 2026 3799 quod
2053 3726 2288 3782 immane
2336 3734 2421 3783 est
2446 3726 2671 3782 mitius:
2709 3735 2767 3784 et
2808 3726 3091 3797 adjuvante
3134 3728 3379 3796 Domino,
3419 3736 3480 3783 et

1883 3834 2071 3892 pastor
2098 3830 2152 3876 et
2172 3819 2398 3876 oviculae
2438 3835 2635 3892 pascua
2681 3821 2973 3890 invenient,
3016 3830 3069 3877 et
3114 3832 3391 3894 postquam
3420 3824 3477 3879 in

1884 3912 2109 3969 meridie
2128 3914 2460 3978 cubaverint,
2489 3915 2778 3969 accumbeut
2798 3932 2914 3969 cum
2940 3913 3219 3983 Abraham,
3254 3914 3405 3970 Isaac
3430 3926 3479 3970 et

1882 4005 2047 4061 Iacob
2076 4005 2290 4075 (Matth.
2321 4022 2438 4070 vttt,
2491 4004 2604 4077 11),
2633 4006 2721 4062 ubi
2746 4023 2846 4061 non
2875 4008 2968 4061 erit
3013 4008 3111 4071 sol,
3153 4023 3309 4078 neque
3343 4009 3479 4062 ullus

1883 4106 2036 4152 astus
2059 4094 2242 4168 (Apoc.
2274 4112 2364 4164 vu,
2393 4094 2505 4169 16),
2534 4096 2628 4151 sed
2659 4098 2710 4151 in
2732 4097 2918 4151 umbra
2952 4097 3157 4151 Domini
3187 4112 3285 4166 pax
3314 4107 3367 4151 et
3386 4113 3481 4152 re-

1885 4190 2177 4262 frigerium,
2202 4188 2414 4260 quando
2443 4188 2616 4246 luctus
2646 4198 2828 4245 noster
2849 4199 3084 4244 vertetur
3101 4189 3153 4244 in
3172 4190 3474 4261 cytharam,

1886 4293 1939 4339 et
1960 4297 2124 4339 voces
2146 4281 2386 4338 ﬂentium
2418 4282 2470 4337 in
2492 4291 2682 4338 cautus
2707 4282 3109 4338 exsultantium.

1958 4376 2012 4433 '5.
2045 4374 2336 4440 Caeterum,
2382 4375 2737 4442 dilectissimi,
2767 4374 2892 4430 dum
2932 4374 3000 4432 de
3024 4385 3240 4446 pastore
3291 4385 3476 4446 erepto

1886 4468 2150 4540 lugemus,
2197 4467 2434 4523 nascitur
2458 4466 2525 4524 de
2567 4467 2772 4537 perdito
2811 4466 2973 4522 fratre
2999 4467 3212 4522 dolendi
3239 4468 3475 4524 occasio.

1888 4560 2176 4616 Prwcisum
2207 4567 2291 4615 est
2330 4574 2359 4614 a
2390 4558 2545 4615 nobis
2587 4557 2905 4625 membrum,
2937 4574 3062 4627 pars
3120 4559 3287 4614 nostri
3338 4558 3477 4615 facta

1888 4663 1971 4709 est
1997 4668 2121 4723 pars
2165 4652 2379 4717 Donati,
2402 4652 2615 4707 transiit
2643 4652 2797 4708 miles
2824 4651 3033 4707 Domini
3059 4651 3126 4706 ad
3154 4660 3326 4706 castra
3355 4651 3481 4706 Phi-

1890 4745 2214 4810 listinorum,
2245 4753 2299 4799 et
2324 4743 2390 4799 de
2419 4759 2544 4799 vase
2571 4743 2793 4799 honoris
2834 4742 3029 4799 factum
3054 4753 3133 4797 est
3174 4757 3268 4798 vas
3309 4742 3479 4799 dede-

1890 4837 2050 4894 coris.
2080 4835 2373 4906 lntelligitis
2395 4834 2521 4907 quid
2551 4835 2693 4891 dico.
2715 4834 2876 4891 Miser
2894 4834 2981 4889 ille
3009 4834 3349 4890 Rusticianus
3370 4834 3483 4891 Mu-

1890 4930 2110 5003 tigeusis
2139 4930 2394 4986 diaconus
2422 4929 2822 4986 Sacramentum
2859 4928 3001 4999 quod
3032 4928 3290 4984 Ecclesia:
3318 4928 3485 4986 debe-

1891 5024 2004 5091 bat,
2042 5022 2258 5094 abjecit,
2292 5031 2347 5079 et
2372 5021 2615 5078 ordinem
2660 5036 2809 5078 suum
2845 5019 3044 5077 infideli
3074 5022 3483 5093 participatione

1893 5116 2101 5189 polluit.
2130 5114 2267 5185 Quid
2311 5130 2416 5171 non
2447 5114 2568 5183 feci,
2596 5128 2732 5185 quos
2759 5128 2867 5169 non
2894 5112 3111 5169 adhibui
3142 5122 3388 5179 conatus,
3420 5124 3479 5168 ut

1894 5210 1949 5266 in
1980 5208 2331 5281 praecipitium
2356 5215 2599 5263 ruentem
2630 5207 2684 5261 in
2715 5206 2871 5277 plano
2900 5205 3245 5273 collocarem,
3281 5214 3335 5262 et
3378 5221 3478 5261 ex-

1896 5301 2122 5357 imerem
2150 5300 2408 5372 periculo,
2433 5299 2523 5369 qui
2544 5297 2837 5369 periculum
2854 5298 3067 5354 amabat
3088 5299 3139 5353 in
3161 5312 3268 5368 quo
3293 5296 3486 5367 periit?

1896 5391 1949 5448 Is
1978 5392 2146 5462 prima
2170 5400 2226 5448 et
2256 5406 2453 5463 urgens
2480 5389 2578 5446 fuit
2606 5404 2732 5446 cura
2762 5404 2902 5460 mea,
2932 5391 3022 5461 qui
3064 5404 3206 5457 nunc
3230 5394 3314 5443 est
3331 5386 3487 5443 dolor

1897 5500 2073 5542 meus.
2125 5483 2384 5542 Nolebam
2436 5484 2567 5541 mibi
2618 5482 2856 5540 subtrahi
2910 5486 2962 5540 in
3011 5486 3127 5555 ipso
3163 5483 3343 5539 oneris
3383 5484 3489 5538 mei

1900 5576 2143 5645 exordio,
2164 5594 2319 5650 quem
2340 5593 2369 5634 a
2386 5578 2516 5635 satis
2537 5578 2696 5650 longo
2717 5585 2957 5648 tempore
2979 5576 3223 5632 videbam
3238 5584 3489 5647 tanquam

1904 5668 2079 5740 fulgur
2098 5668 2167 5726 de
2193 5669 2332 5727 cmlo
2359 5670 2637 5728 cadentem
2673 5668 2823 5738 (Luc.
2855 5685 2910 5734 ι,
2943 5668 3055 5738 18).
3085 5666 3156 5722 Ει
3181 5667 3308 5723 licet
3353 5669 3463 5736 ipse

1908 5762 2240 5838 exigentibus
2268 5764 2496 5836 peccatis
2528 5764 2659 5831 suis,
2682 5777 2712 5819 a
2741 5762 2967 5820 Domino
3002 5758 3179 5829 deseri
3202 5773 3308 5819 me.
