3816 6182
197 926 203 989 ξ
300 925 581 989 prmscnte,
611 928 731 969 cum
761 911 1053 969 visceribus
1074 907 1311 981 paternis
1331 905 1465 962 dixit
1488 904 1555 960 ad
1582 919 1727 971 eum,
1751 902 1891 971 Quid

301 250 405 309 755
836 244 925 301 DE
964 236 1374 303 RUSTICIANO
1408 227 1845 299 SUBDIACONQ
1879 225 2113 305 SERMO
2144 228 2202 287 S.
2246 227 2640 295 AUGUSTINO
2675 229 3042 297 TRIBUTUS.

292 362 452 419 doleo
494 367 673 416 tamen
714 355 853 433 quod
876 355 944 411 de
981 370 1049 411 eo
1091 353 1157 409 ad
1184 351 1469 411 Dominum
1494 360 1674 409 meum
1703 345 1885 401 dicere

298 472 405 513 non
435 468 671 527 possum,
703 450 832 506 Ecce
878 464 959 503 me
1006 462 1122 502 cum
1152 447 1325 516 pueris
1376 458 1501 516 quos
1554 439 1737 496 dedisti
1761 437 1887 493 mihi

300 543 452 622 (Isai.
476 561 592 611 vm,
627 540 739 613 18).

369 641 422 696 4.
446 637 604 697 Vobis
623 634 869 691 omnibus
882 640 1067 694 notum
1090 629 1225 696 scio,
1243 635 1298 684 et
1324 636 1433 683 tam
1455 625 1597 687 bene
1615 626 1748 691 scio,
1766 622 1890 695 quia

296 734 409 791 scio
464 740 764 787 vestrorum
815 726 997 783 multis
1051 737 1231 781 moras
1290 734 1425 793 quas
1475 718 1565 775 hic
1609 716 1886 785 trahebat,

298 822 652 895 displicuisse.
683 819 901 890 Quoties
928 814 1268 873 venerandus
1292 821 1480 869 noster
1507 810 1774 875 Valerius,
1801 823 1891 864 me

3509 228 3643 299 τε.

1997 345 2182 400 turbas
2197 343 2363 413 ciere,
2392 348 2514 402 novi
2547 362 2642 402 vos
2666 362 2855 405 omnes
2869 347 2934 404 ad
2953 346 3296 405 concordiam
3312 349 3455 417 etad
3478 348 3641 415 alie;

1999 452 2098 491 nos
2125 438 2525 509 amplectendos
2551 441 2908 512 promptiores
2931 456 3052 498 esse
3074 457 3233 512 quam
3254 452 3312 497 ut
3344 443 3633 515 excitem,

1998 529 2203 586 litteras
2230 531 2295 587 ad
2318 532 2645 589 Macrobium
2679 534 2915 605 profero,
2949 544 3007 591 ut
3032 544 3276 591 actorum
3307 537 3441 592 nihil
3473 551 3637 593 cono

1998 624 2275 685 scientiam
2302 634 2533 680 vestram
2559 628 2758 694 lateat;
2791 627 2884 683 sed
2915 627 3053 700 apud
3086 629 3255 684 Deum
3281 638 3336 684 et
3354 629 3635 685 homines

2002 716 2321 787 innotescat,
2351 736 2507 791 quam
2530 720 2740 778 sincero
2763 722 2945 785 corde,
2970 736 3125 797 qnam
3145 722 3369 791 paciﬁca
3383 722 3635 790 atl‘ectu,

2004 808 2296 880 inspirante
2343 812 2569 868 Domino
2597 830 2708 869 rem
2745 800 3103 869 tractaverim.
3133 814 3289 881 Quod
3343 816 3387 869 si
3416 824 3642 885 postea

2002 903 2141 974 perit
2161 902 2326 960 frater
2345 915 2546 970 noster,
2594 906 2644 961 in
2675 922 2792 975 sua,
2822 923 2927 963 non
2970 908 3021 963 in
3048 918 3225 963 nostra
3273 907 3639 963 conscientia

2002 995 2216 1064 peribit.
2264 994 2452 1053 Veniet
2494 997 2776 1064 Dominus,
2810 999 2899 1069 qui
2932 999 3031 1059 hos
3073 1006 3127 1053 et
3168 1014 3255 1054 me
3294 997 3585 1069 judicahit
3622 1016 3640 1053 :

2005 1087 2188 1142 veniet
2213 1097 2378 1151 certe,
2410 1087 2738 1149 frumentum
2781 1103 3109 1159 asserturus,
3143 1092 3348 1161 paleam
3392 1093 3637 1163 disper~

2003 1194 2179 1235 surus.
2211 1182 2390 1252 Aquas
2420 1193 2652 1248 nostras,
2683 1198 2816 1255 quas
2845 1192 3122 1252 tantopere
3149 1183 3465 1249 formidant,
3497 1185 3641 1253 ipse

2006 1272 2329 1328 examinabit
2357 1282 2412 1328 et
2439 1289 2619 1329 coram
2653 1275 2900 1330 omnibus
2934 1297 2960 1327 τι
2987 1262 3370 1363 aniféstiSsime
3392 1277 3638 1343 judica-

2004 1362 2101 1427 bit,
2135 1380 2201 1419 an
2235 1381 2365 1434 quas
2400 1365 2628 1435 pollutas
2673 1368 2942 1427 duxerint.
2997 1369 3110 1438 ipse
3149 1362 3363 1439 quoque
3392 1368 3638 1423 habeat.

2003 1458 2163 1516 Certe
2199 1460 2436 1515 videbunt
2484 1463 2537 1515 in
2566 1478 2715 1532 quem
2752 1473 3073 1534 pupugerunl
3122 1460 3301 1529 (loco.
3354 1478 3467 1529 xix,
3496 1463 3639 1534 θ’).

2003 1554 2147 1622 Quid
2169 1555 2310 1611 enim
2354 1563 2435 1610 est
2461 1554 2604 1610 aliud
2654 1554 3006 1610 christianum
3046 1555 3402 1625 rebaptizare,
3446 1570 3639 1626 quam

2007 1649 2291 1705 Dominum
2340 1648 2533 1704 iterum
2576 1649 2854 1718 pungere?
2901 1648 3122 1718 Signum
3172 1649 3333 1718 ite-gis
3379 1649 3636 1717 accepit,

2006 1756 2223 1798 onmem
2262 1740 2500 1806 mn,
2545 1742 2596 1795 in
2638 1751 2810 1796 morte
2853 1740 3049 1796 Christi
3079 1742 3278 1795 tinctus
3332 1742 3643 1813 est:quid

2006 1833 2152 1905 aliud
2179 1832 2330 1899 facis,
2359 1833 2448 1909 qui
2475 1833 2635 1887 talem
2664 1833 2748 1888 bis
2778 1833 3038 1902 baptizas,
3069 1835 3157 1906 qui
3194 1834 3353 1911 Regis
3395 1835 3635 1905 signum

2006 1925 2284 1993 minus,
2315 1927 2405 1999 qui
2432 1941 2647 1987 erucem
2671 1926 2955 2007 expungis,
2984 1942 3142 1997 quam
3168 1938 3395 1985 mortem
3423 1927 3638 1982 Domi—

2007 2022 2061 2078 ni
2086 2022 2301 2079 inanem
2338 2030 2393 2076 et
2420 2035 2642 2076 vacuam
2671 2018 2918 2083 reddere,
2968 2030 3022 2074 et
3071 2021 3378 2076 universam
3423 2019 3636 2076 salutis

2008 2124 2208 2172 nostra:
2225 2114 2676 2187 dispensationem
2703 2115 2937 2169 ostentui
2957 2112 3181 2169 habere?

2081 2208 2135 2266 6.
2164 2210 2313 2279 Aqua
2341 2216 2521 2262 nostra
2553 2222 2659 2261 non
2688 2215 2772 2262 est
2798 2207 2994 2272 aliena,
3025 2207 3175 2277 virgo
3207 2213 3290 2260 est
3318 2216 3376 2261 et
3404 2216 3633 2275 sancta;

2013 2301 2068 2358 in
2107 2299 2309 2356 fontem
2350 2308 2592 2354 nostrum
2628 2297 2909 2353 descendit
2943 2296 3209 2367 Spiritus,
3238 2312 3375 2367 quos
3422 2297 3638 2354 irrorat

2010 2394 2183 2450 sancti
2211 2400 2373 2448 sunt:
2400 2391 2615 2446 videant
2639 2405 2743 2461 qua
2770 2389 3070 2447 temeritate
3092 2389 3325 2460 pollutos
3350 2399 3633 2463 astruant,

2012 2500 2149 2556 quos
2186 2484 2378 2539 talibus
2423 2481 2583 2538 undis
2626 2497 2877 2550 aSpersos
2919 2483 3188 2536 noverint.
3220 2481 3268 2538 0
3301 2464 3636 2561 sacrilegam.

2013 2579 2301 2639 novitatem
2323 2579 2338 2635 !
2359 2592 2392 2632 ο
2419 2591 2603 2632 vocem
2623 2575 2837 2645 impiam
2860 2575 2874 2630 !
2903 2574 3265 2630 Sanctiﬁcavit
3291 2574 3435 2631 Deus
3456 2591 3635 2647 aquas

2014 2675 2069 2731 in
2108 2673 2261 2728 initio
2305 2671 2489 2727 mundi
2537 2686 2634 2745 per
2679 2669 2910 2739 Spiritus
2955 2668 3354 2724 incnbationem
3380 2712 3397 2736 ,
3430 2686 3496 2726 ex
3542 2672 3636 2726 eis

2016 2775 2096 2822 tot
2141 2776 2192 2822 et
2246 2774 2392 2820 tanta
2427 2762 2741 2835 prodierunt
2770 2762 3027 2818 miracula
3058 2803 3074 2828 ,
3105 2778 3224 2833 qua:
3269 2762 3339 2818 de
3362 2779 3633 2835 aquarum

2018 2869 2323 2925 nostrarum
2365 2860 2648 2913 sanctitate
2696 2870 2794 2911 nos
2845 2855 3161 2921 erudirent,
3188 2865 3242 2911 et
3280 2855 3352 2913 de
3399 2858 3637 2915 veritate

2017 2967 2244 3026 quorum
2267 2950 2468 3006 umbra!
2493 2959 2665 3017 erant,
2685 2949 3029 3016 instruerent,
3052 2947 3192 3003 etde
3218 2950 3637 3023 regeneratione

2019 3061 2178 3121 quam
2207 3045 2260 3099 in
2293 3045 2445 3117 aquis
2475 3042 2751 3098 haurinms
2791 3051 2969 3098 certos
2999 3042 3264 3108 facerent;
3296 3053 3351 3099 et
3377 3060 3472 3100 cas
3497 3045 3639 3103 alie-

328 3145 443 3203 est;
472 3150 578 3191 non
611 3143 814 3190 tantum
842 3135 1197 3207 rebaptizatus
1235 3145 1338 3204 est,
1364 3135 1506 3209 quod
1533 3138 1754 3208 impium
1783 3145 1867 3193 est
1897 3155 1912 3203 ξ
2020 3154 2119 3195 nas
2147 3146 2368 3202 vocant,
2399 3145 2454 3192 et
2476 3135 2544 3189 ab
2569 3135 2654 3190 his
2679 3134 2973 3201 abstinent,
3001 3143 3055 3189 et
3082 3134 3373 3191 mendaces
3399 3135 3590 3192 dicunt
3614 3179 3632 3203 ,

326 3229 422 3285 sed
451 3229 611 3285 etiam
640 3228 915 3297 diaconus,
944 3228 1086 3302 quod
1127 3230 1357 3288 maxime
1384 3231 1694 3305 lugendum,
1745 3230 1916 3303 factus
2021 3240 2077 3299 et
2098 3246 2312 3289 omnem
2340 3231 2419 3286 eis
2442 3229 2600 3286 tidem
2628 3228 2919 3307 abrogant!
2953 3228 3066 3283 Erit
3095 3228 3276 3300 itaque
3300 3245 3469 3285 verax
3490 3246 3637 3303 aqua

321 3331 423 3381 est.
1460 3314 1463 3317 λ
2021 3325 2299 3395 Primiani,
2317 3340 2475 3396 quem
2504 3333 2611 3380 tam
2644 3322 2863 3383 immani
2892 3321 3235 3386 anathemate
3260 3325 3631 3397 percussistis,

399 3418 453 3474 5.
490 3415 618 3473 Hice
658 3431 757 3488 ego
803 3431 924 3472 cum
952 3416 1180 3488 primum
1211 3417 1414 3490 accepi,
1445 3419 1630 3475 aberat
1657 3435 1920 3489 venerati-
2024 3436 2184 3497 quem
2229 3428 2494 3475 tantorum
2538 3418 2801 3474 scelerum
2842 3418 2896 3473 in
2940 3425 3119 3475 vestro
3160 3427 3435 3473 conventu
3474 3434 3633 3475 reum

329 3511 432 3566 dus
454 3524 618 3566 senex
645 3517 829 3566 noster
853 3508 1095 3567 Valerius
1119 3529 1133 3565 :
1167 3510 1262 3567 sed
1301 3523 1567 3577 commota
1595 3514 1799 3570 viscera
1839 3514 1921 3571 di-
2020 3510 2321 3589 iudicastis;
2344 3525 2444 3566 nec
2468 3520 2644 3564 tamen
2664 3524 2799 3583 quos
2812 3509 3117 3580 baptizavit,
3139 3509 3332 3564 iterum
3351 3508 3630 3571 tinxistis:

329 3604 584 3659 lationem
616 3602 837 3659 minime
865 3618 1019 3679 passa
1051 3613 1194 3661 sunt.
1225 3604 1483 3677 lngemui,
1519 3607 1680 3681 dolui,
1732 3625 1828 3691 pro
1856 3625 1922 3665 eo
2026 3617 2082 3666 et
2103 3606 2357 3671 Ecclesiae
2383 3605 2660 3661 catholicae
2680 3648 2694 3671 ,
2723 3605 2985 3665 columba:
3015 3616 3217 3661 nostrm
3238 3649 3252 3674 ,
3282 3623 3497 3677 sponsae
3524 3610 3629 3677 im:-

330 3698 387 3753 in
418 3708 709 3767 conspectu
739 3698 950 3753 Domini
991 3699 1096 3755 mei
1124 3698 1286 3755 effudi
1330 3700 1561 3755 animam
1607 3717 1800 3758 meam.
1856 3702 1923 3758 Et
2026 3701 2339 3771 maculatae,
2365 3697 2606 3754 infideles
2630 3741 2649 3773 ε
2675 3697 2897 3767 impura:
2920 3740 2936 3765 ,
2967 3698 3254 3755 mendaces
3287 3716 3442 3773 aqua;
3489 3701 3635 3774 apud

332 3790 456 3860 quia
487 3790 617 3844 mihi
640 3805 669 3843 a
698 3789 879 3845 multis
895 3790 1122 3846 relatum
1150 3791 1344 3858 fuerat,
1363 3792 1688 3849 Macrobium
1717 3794 1924 3867 episco-
2028 3810 2123 3851 eos
2145 3794 2340 3858 erunt?
2367 3792 2553 3848 Dicent
2574 3791 2752 3848 forsan
2776 3810 2789 3846 :
2810 3791 3094 3848 Mendaces
3113 3804 3269 3850 erant
3292 3796 3380 3866 qui
3407 3796 3638 3853 Primiao

304 1012 391 1067 hic
416 1010 573 1083 agis?
594 1007 705 1065 Cur
726 1007 1009 1063 stationem
1034 1012 1180 1059 tuam
1201 999 1448 1059 deseris?
1474 997 1585 1054 Cur
1611 996 1894 1069 presbyte-

300 1121 361 1163 ro
386 1113 477 1160 tuo
505 1118 611 1160 non
640 1098 979 1158 collaboras?
1004 1095 1112 1154 Cur
1127 1094 1428 1167 Hipponem
1444 1090 1723 1162 Mutigenae
1751 1105 1893 1163 prae-

300 1197 427 1263 fers,
488 1196 572 1253 cui
625 1194 868 1266 alligatus
910 1190 1008 1248 es?
1055 1189 1125 1245 Et
1168 1202 1292 1243 cum
1348 1183 1702 1257 responderet
1738 1196 1798 1239 se
1826 1182 1894 1238 ad

302 1288 643 1347 solitudinem
665 1286 885 1343 minime
914 1283 1164 1339 idoneum
1194 1277 1526 1343 clericatum,
1579 1290 1685 1331 non
1712 1288 1898 1330 mona-

301 1383 517 1438 ebatnm
543 1378 746 1444 iniisse,
769 1393 828 1433 se
848 1375 1025 1432 nullos
1044 1372 1328 1444 Mutigenat
1342 1369 1541 1426 habere
1566 1383 1687 1424 cum
1704 1366 1898 1436 quibus

212 1453 223 1550 ί
307 1481 647 1538 versaretur;
695 1468 1053 1541 respondebat
1086 1475 1307 1522 sanctus
1347 1475 1537 1528 senon,
1569 1461 1822 1532 Alligatus
1844 1476 1897 1515 es

309 1566 478 1633 uxori,
525 1564 632 1619 noli
680 1577 901 1634 quaerere
945 1558 1245 1615 solutionem
1271 1554 1315 1632 (l
1338 1554 1459 1613 Cor.
1499 1568 1596 1619 vn,
1621 1553 1714 1625 27)
1750 1572 1765 1615 :
1807 1561 1898 1613 tua

310 1668 397 1716 est
425 1656 664 1714 Ecclesia
695 1651 1023 1724 Mutigensis,
1042 1664 1148 1707 non
1176 1657 1393 1713 nostra;
1426 1647 1494 1703 ad
1524 1661 1643 1703 eam
1674 1660 1890 1712 nomen,

311 1767 420 1808 non
450 1750 516 1805 ad
538 1749 834 1819 Hipponem
862 1744 1085 1801 dedisti:
1104 1758 1286 1799 nonne
1320 1741 1518 1798 saeculo
1543 1738 1907 1800 maculantia

308 1857 488 1899 nonne
515 1839 723 1906 amicis,
764 1853 941 1894 nonne
986 1834 1269 1908 sanguini?
1310 1832 1573 1911 Audiebat
1609 1832 1894 1905 dicentem,

310 1933 405 1989 sed
434 1932 574 1989 male
619 1929 889 2001 audiebat,
943 1928 1033 2003 qui
1075 1926 1276 1984 dicenti
1320 1940 1429 1991 non
1482 1924 1899 1998 obsequebatur,

313 2027 453 2097 Quid
483 2027 677 2082 factum
710 2025 835 2081 est?
858 2022 990 2079 Cum
1016 2022 1145 2078 satis
1166 2019 1389 2078 festivus
1416 2019 1723 2084 haberetur,
1749 2017 1902 2073 indo-

310 2123 486 2193 lisque
502 2119 567 2176 ad
585 2118 957 2176 scurrilitatem
981 2114 1332 2187 proclivioris,
1356 2113 1500 2170 inter
1534 2128 1701 2184 nugas
1726 2127 1900 2169 saecu-

314 2217 374 2283 li,
404 2216 544 2271 inter
586 2212 827 2269 convivia
853 2220 946 2280 ,et
986 2208 1410 2281 compotationes
1457 2205 1710 2272 diurnas,
1758 2220 1910 2276 saepe

318 2308 478 2364 etiam
504 2314 812 2371 nocturnas,
856 2300 1322 2379 tandem-defecit:
1350 2300 1643 2357 exstinctus
1671 2306 1758 2356 est
1788 2297 1903 2372 spi-

323 2403 463 2456 ritus
485 2400 692 2456 timoris
718 2398 931 2454 Domini
961 2414 975 2450 :
1007 2395 1076 2452 de
1098 2396 1211 2451 luto
1239 2395 1292 2450 in
1320 2395 1487 2450 lutum
1532 2392 1901 2464 provolvitur:

318 2491 541 2550 alternis
562 2490 766 2546 vicibus
795 2498 849 2545 et
868 2489 1001 2544 alios
1047 2487 1275 2543 invitans
1302 2495 1357 2544 et
1391 2486 1460 2543 ab
1486 2487 1606 2542 aliis
1627 2486 1904 2552 invitatus,

315 2593 376 2643 et
394 2584 620 2641 conviva
668 2592 722 2638 et
762 2584 1080 2648 convivans,
1111 2597 1233 2639 cum
1273 2582 1365 2637 aeri
1394 2581 1538 2653 quod
1566 2588 1907 2647 contraxerat

317 2675 577 2733 solvendo
614 2690 722 2730 non
750 2683 911 2739 esset,
963 2683 1016 2731 et
1042 2690 1071 2729 a
1114 2673 1472 2731 creditoribus
1516 2682 1821 2744 urgeretur,
1852 2682 1909 2731 et

322 2782 385 2824 se
412 2766 733 2838 quotidianis
762 2766 1062 2839 implicaret
1082 2767 1377 2834 erroribus,
1404 2775 1458 2822 et
1486 2765 1729 2838 plurimis
1750 2781 1909 2822 scan-

324 2860 507 2918 dalum
537 2870 765 2928 crearet,
800 2860 1010 2916 tandem
1031 2876 1062 2916 a
1092 2862 1407 2933 presbytero
1432 2876 1527 2915 suo
1548 2860 1913 2916 excommuni-

326 2961 498 3021 catus,
526 2952 592 3008 ad
620 2953 922 3008 Donatistas
947 2952 1249 3025 transfugit,
1274 2963 1328 3009 et
1354 2954 1420 3010 ab
1444 2968 1629 3009 eorum
1660 2956 1913 3025 episcopo

324 3057 437 3100 non
468 3051 669 3098 tantum
692 3052 969 3113 exceptus,
1014 3042 1156 3114 quod
1202 3050 1387 3099 contra
1414 3044 1501 3115 jus
1548 3044 1913 3111 Ecciesiarum

332 3896 461 3952 pum
504 3881 847 3948 donatistam,
897 3881 963 3937 ad
993 3898 1150 3953 quem
1190 3884 1519 3955 confugerat,
1571 3886 1747 3947 virum
1804 3902 1925 3944 esse

337 3971 644 4045 pacificum,
673 3988 781 4028 non
808 3972 964 4044 longe
991 3988 1019 4028 a
1049 3989 1213 4055 regno
1242 3976 1337 4033 Dei
1380 3987 1436 4033 et
1459 3992 1488 4057 a
1510 3979 1796 4051 concordia
1819 3979 1924 4049 fra-

335 4077 503 4133 trum,
530 4067 620 4139 qui
646 4067 690 4122 si
716 4065 922 4138 aliquos
961 4067 1336 4141 rebaptizaret,
1376 4072 1427 4129 id
1450 4072 1646 4143 invitus
1671 4074 1873 4142 faceret
1908 4095 1922 4145 ;

332 4159 481 4216 hunc
507 4160 699 4216 litteris
727 4160 1011 4217 convenire
1035 4163 1215 4229 statui,
1257 4173 1309 4219 et
1343 4180 1499 4241 quam
1522 4166 1731 4239 obnixis
1757 4171 1930 4241 preci;

333 4254 438 4311 bus
464 4253 529 4309 ad
551 4270 672 4309 eum
700 4269 795 4325 per
820 4255 1021 4311 amicos
1040 4270 1221 4328 agere,
1243 4266 1301 4314 ut
1326 4260 1377 4314 in
1395 4259 1721 4333 subdiacqiio
1738 4278 1927 4333 nostro

336 4347 670 4419 Baptismum
703 4347 900 4405 Christi
922 4365 1027 4406 non
1055 4350 1384 4422 exsufﬂaret,
1415 4369 1515 4411 nec
1542 4355 1733 4421 iterum
1754 4357 1928 4441 bapti-

332 4451 502 4509 zaret,
527 4456 684 4513 quem
722 4442 777 4497 in
800 4444 1016 4501 nomine
1042 4444 1134 4511 Dei
1162 4455 1217 4502 et
1234 4446 1555 4527 baptizatum
1587 4460 1642 4505 et
1668 4451 1929 4523 signatum

333 4534 499 4593 fuisse
518 4550 622 4593 non
653 4537 902 4592 nesciret.
924 4536 1088 4610 Egre
1113 4538 1319 4597 litteras
1344 4550 1555 4609 nostras
1573 4542 1817 4609 admisit:
1837 4546 1932 4613 sed

337 4629 552 4686 tandem
576 4629 785 4697 Maximi
803 4640 857 4697 et
876 4630 1166 4699 Theodori,
1187 4633 1377 4707 quibus
1398 4634 1526 4701 illud
1542 4638 1736 4719 negotii
1755 4638 1934 4719 injun-

338 4739 610 4793 xeramus,
643 4723 891 4795 precibus
912 4724 1135 4789 adactus
1158 4737 1261 4793 est,
1290 4735 1347 4782 ut
1368 4742 1458 4785 eas
1480 4729 1691 4785 recitari
1710 4729 1931 4813 sinerei,

345 4825 400 4873 et
425 4816 539 4888 ipse
580 4816 741 4871 etiam
772 4815 974 4887 legeret
1002 4834 1014 4871 :
1038 4816 1230 4901 quibus
1268 4817 1400 4874 nihil
1445 4820 1587 4883 aliud
1632 4822 1932 4905 respondit,

344 4924 525 4980 quam,
558 4907 678 4964 Non
706 4926 912 4981 possum
940 4909 1040 4965 nisi
1067 4908 1136 4964 ad
1182 4927 1262 4965 me
1285 4911 1532 4967 venientes
1573 4914 1845 4984 suscipere,
1889 4924 1939 4989 et

346 5001 535 5058 eisdem
558 5001 707 5071 ﬁdem
742 5019 894 5074 quam
938 5003 1298 5077 postulaverint
1338 5003 1462 5071 dare
1485 5003 1841 5081 (“)°C“mq“e
1868 5008 1938 5075 de

345 5091 602 5151 Primiani
633 5092 770 5148 facto
799 5094 1080 5161 instarent,
1107 5094 1240 5151 dixit
1264 5112 1370 5155 non
1401 5112 1520 5153 esse
1538 5096 1630 5167 lilii
1661 5099 1713 5165 in
1734 5110 1940 5171 patrem

352 5184 645 5256 inquirere.
678 5183 747 5239 Et
775 5185 898 5256 quia
944 5202 1040 5257 per
1068 5186 1274 5245 litteras
1313 5205 1446 5263 quas
1494 5190 1560 5246 ad
1615 5192 1938 5263 Macrobinm

352 5277 499 5344 dedi,
533 5276 785 5348 rogabam
814 5286 870 5332 nt
898 5279 1249 5350 responderet
1277 5298 1393 5353 qua:
1420 5298 1603 5340 coram
1625 5285 1824 5369 populo
1847 5303 1942 5345 nov

353 5380 467 5441 stro
486 5370 826 5443 legerentur;
854 5371 899 5427 si
928 5388 1056 5428 vero
1085 5384 1380 5444 recusaret,
1406 5393 1489 5431 me
1520 5389 1730 5445 nostras
1752 5381 1941 5436 recita-

353 5474 547 5532 turum,
599 5480 721 5521 cum
769 5464 999 5535 primum
1054 5467 1303 5527 abessent
1349 5471 1542 5526 milites
1596 5471 1715 5544 (b);
1764 5473 1942 5545 hodie,

356 5557 566 5625 trames,
591 5556 749 5613 ﬁdem
778 5571 950 5612 meam
996 5557 1188 5628 libero,
1226 5560 1399 5618 nullus
1451 5563 1604 5621 adest
1644 5566 1736 5638 qui
1780 5565 1947 5641 possit

417 5687 496 5814 iii
524 5685 1271 5814 semiesas"

330 5804 364 5837 ν

1366 5694 1587 5751 tinianas.

526 5748 969 5814 Confer'ltugustini
994 5748 1248 5815 epistolam

1334 5755 1601 5820 ,nn.6,7o

2028 3904 2158 3951 num
2186 3889 2524 3947 innocentem
2556 3885 2899 3952 damnarunt,
2926 3894 2979 3941 et
3004 3883 3124 3940 ideo
3150 3886 3266 3961 ejus
3294 3903 3449 3959 aqua:
3478 3905 3637 3953 men-

2029 3981 2191 4049 daces
2240 3994 2344 4045 non
2392 3976 2628 4043 fuerunt.
2662 3976 2767 4033 Sed
2798 3976 2927 4048 quid
2955 3977 3132 4031 dicent
3158 3976 3228 4032 de
3257 3978 3530 4047 Feliciauo
3577 3989 3635 4036 et

2030 4074 2388 4145 Praetextato,
2415 4070 2507 4142 qui
2536 4071 2865 4139 Primianum
2900 4070 3327 4143 damnaverunt,
3361 4074 3514 4139 etab
3544 4075 3637 4133 illo

2032 4173 2138 4233 tam
2168 4164 2353 4247 grandi
2384 4162 2671 4231 schismate
2697 4161 3094 4229 discesserant?
3117 4165 3197 4229 An
3230 4179 3368 4245 quies
3396 4164 3639 4239 baptiza-

2033 4267 2238 4326 verant,
2260 4271 2393 4323 nova
2415 4265 2470 4321 et
2487 4254 2688 4323 recenti
2712 4255 2971 4321 tinctione
2992 4254 3249 4310 Ecclesiae
3270 4271 3383 4321 sua:
3410 4270 3639 4327 pepere-

2033 4349 2205 4421 runt?
2256 4348 2619 4419 Nequaquam.
2683 4347 2939 4415 Feliciani
2999 4356 3054 4413 et
3121 4348 3435 4405 Praetextati
3483 4365 3640 4421 aqua

2036 4443 2221 4521 fideles
2267 4442 2355 4517 qui
2395 4439 2736 4519 posti-nodum
2768 4442 3050 4517 coierunt,
3079 4449 3133 4507 et
3156 4442 3418 4511 adversus
3448 4443 3640 4507 Eccle-

2036 4539 2170 4599 siam
2197 4538 2514 4601 catholicam
2548 4538 2717 4597 insani
2749 4537 2968 4599 hederis
2997 4538 3375 4607 communione
3418 4541 3640 4611 conspi-

2038 4640 2323 4698 raverunt;
2345 4647 2497 4704 aqua:
2522 4646 2652 4691 vero
2695 4643 2891 4687 nostra:
2924 4632 3166 4689 inﬁdeles
3193 4641 3250 4689 et
3288 4633 3571 4704 profante?
3596 4634 3643 4709 ρ

2038 4727 2225 4796 insana
2254 4736 2307 4793 et
2337 4741 2585 4797 perversa
2615 4726 2899 4801 cogitatio!

2116 4819 2171 4876 7.
2212 4817 2427 4887 Addunt
2478 4817 2674 4885 etiam,
2706 4816 2807 4891 Qui
2844 4818 3129 4889 baptizatur
3178 4835 3211 4873 α
3252 4829 3491 4887 morm,
3518 4820 3645 4892 425d

2043 4922 2115 4981 est
2143 4913 2396 4977 lavacrum
2426 4913 2537 4985 ejus
2565 4912 2752 4985 (Eccli.
2778 4929 2968 4971 xxxw.
2998 4913 3087 4983 50)
3110 4913 3134 4961 θ
3166 4912 3386 4981 Erratis.
3416 4915 3642 4982 miseri,

2044 5020 2151 5061 non
2173 5005 2533 5076 intelligentes
2555 5004 2878 5075 Seripturas.
2906 5004 3022 5069 Non
3043 5003 3289 5068 dicimus,
3306 5005 3643 5078 Baptismnm

2046 5114 2155 5172 quo
2184 5099 2395 5171 tingunt
2416 5098 2510 5169 illi,
2546 5114 2682 5175 quos
2712 5099 3121 5173 velulomttrtuns
3151 5114 3180 5151 a
3221 5100 3473 5166 vivorum
3502 5115 3647 5167 com-

2047 5192 2301 5261 munione
2327 5206 2638 5267 separamus
2668 5231 2684 5254 ,
2714 5190 2843 5249 nihil
2874 5204 2994 5245 esse
3014 5207 3029 5257 ;
3052 5188 3147 5257 sed
3178 5189 3311 5251 nibil
3352 5191 3641 5262 prodesse.

2050 5287 2305 5361 quamdiu
2333 5286 2471 5341 inter
2492 5293 2730 5353 mortuos
2755 5283 2972 5351 vivitur.
2997 5283 3148 5347 Tolle
3174 5282 3317 5354 ιιι)οά
3338 5284 3515 5351 obest,
3533 5284 3645 5354 jam

2054 5380 2290 5455 prodest.
2315 5378 2463 5444 Quod
2484 5386 2631 5433 extra
2649 5375 2923 5447 accepisti,
2956 5376 3199 5443 proficiet
3217 5392 3338 5441 cum
3364 5376 3508 5443 intus
3532 5374 3652 5435 {uo-

2052 5474 2151 5535 ris.
2183 5471 2417 5537 timenda
2463 5470 2786 5545 baptizatum
2807 5512 2824 5541 ,
2852 5468 3054 5535 sufficit
3082 5488 3096 5525 :
3125 5470 3298 5537 latens
3336 5472 3388 5535 in
3438 5468 3651 5535 sentina

2054 5566 2224 5623 virtus
2248 5603 2263 5632 ,
2287 5565 2614 5627 incrementa
2643 5569 2861 5635 sumet:
2892 5560 3151 5635 Spiritum
3190 5561 3287 5631 Dei
3314 5576 3383 5629 ex
3422 5560 3534 5627 alto
3557 5562 3646 5621 in.

2056 5657 2297 5728 duet;.ct
2322 5655 2411 5725 qui
2441 5653 2492 5708 in
2523 5653 2739 5710 Christo
2767 5670 2870 5729 per
2893 5655 3223 5723 Baptismnm
3250 5654 3494 5737 sepultus
3534 5656 3652 5727 (ne.

2055 5757 2179 5821 rat,
2205 5749 2332 5807 licet
2355 5746 2486 5805 foris
2505 5785 2521 5818 ,
2555 5754 2838 5820 postquam
2867 5746 2921 5813 in
2948 5741 3205 5815 Ecclesiae
3242 5745 3419 5817 sim
3443 5746 3648 5817 nam“.
