3816 6144
92 317 248 375 761
842 316 1160 377 CENSURA
1199 315 1704 375 LOVANIENSIUM
1743 315 2082 374 THEOLOG.
2126 317 2216 376 ET
2256 318 2456 377 BERN.
2497 319 2822 379 VINDINGI.
3327 320 3436 380 762

201 433 354 503 Quid
371 475 386 501 ,
416 432 642 505 quodin
669 432 896 491 citandis
925 434 1320 506 tractandisque
1347 433 1638 505 Scriptnris
1667 448 1774 490 non
1793 449 1901 489 uno
1919 433 2040 490 loco
2065 434 2132 489 ab
2155 449 2222 490 eo
2236 435 2460 491 dissidet
2478 451 2542 492 ac
2557 437 2764 492 variat?
2791 436 3026 492 Primum
3055 437 3200 494 enim
3225 451 3345 510 cap.
3366 439 3435 500 16

92 524 272 598 (nisi
301 524 444 581 forte
468 524 755 581 mendosus
774 533 858 582 est
884 524 1056 582 codex
1086 524 1290 598 noster)
1323 525 1566 596 producit
1585 524 1763 580 locum
1791 540 1857 580 ex
1879 539 2001 596 cap.
2031 525 2098 580 65
2131 525 2280 580 Isaia:
2305 526 2451 595 juxta
2481 527 2745 598 vulgatam
2785 528 3102 592 lectionem,
3135 544 3256 584 cum
3296 544 3440 586 sem—

99 629 244 684 per
272 615 597 685 Augustinus
620 615 856 672 editione
879 625 1061 672 utatur
1082 614 1226 671 LXX
1247 659 1261 683 ,
1295 615 1456 671 etiam
1484 617 1536 671 in
1567 616 1655 670 illa
1676 616 1788 685 ipsa
1814 616 2074 685 scriptura
2093 659 2108 682 ,
2132 626 2235 672 etc.
2269 617 2534 674 Praeterea
2559 619 2687 673 illud
2714 619 2961 675 Jeremia:
2989 621 3054 674 l7
3073 663 3090 685 ,
3131 621 3441 678 Recedentes

96 722 143 757 α
190 715 256 760 re
273 706 556 761 scribentur
579 707 634 760 in
663 715 836 772 terra;
861 707 906 762 is
925 722 1044 778 cap.
1072 708 1106 763 5
1135 706 1207 762 ita
1235 706 1428 778 legisse
1447 706 1676 774 videtur,
1708 705 2011 762 Recedentes
2037 724 2068 762 a
2095 717 2142 761 te
2161 708 2439 763 scribentur
2459 709 2511 764 in
2543 710 2669 764 libro
2692 712 2885 774 mortis,
2911 712 3177 780 quomodo
3206 713 3427 770 arbitro:

101 812 255 854 non
284 799 446 854 modo
465 799 525 854 Β.
556 799 912 871 Augustinum
932 841 947 866 ,
977 799 1072 856 sed
1093 810 1331 856 veterum
1359 810 1616 871 praeterea
1645 800 1840 856 citasse
1869 799 2162 856 neminem.
2195 801 2262 856 Et
2286 811 2412 857 sunt
2438 802 2654 873 quidem
2683 804 2772 859 illa
2800 805 3093 861 Donatistm
3112 807 3271 862 verba
3291 850 3307 873 ,
3344 809 3433 863 sed

109 889 240 944 vel
263 891 499 948 breviter
525 891 716 948 saltem
735 891 1026 949 admonere
1044 891 1308 959 debebat,
1338 891 1414 947 uti
1443 891 1569 948 facit
1599 906 1720 964 cap.
1753 894 1790 950 2
1808 935 1824 962 ,
1875 907 1983 948 non
2013 892 2084 947 ita
2107 893 2341 949 locutum
2373 893 2715 965 Prophetam.
2743 893 2886 951 Sane
2935 895 3062 952 facit
3087 895 3187 952 hoc
3225 912 3440 970 semper

104 983 495 1055 Augustinus.
522 985 620 1042 Cui
651 986 824 1042 simile
845 995 928 1043 est
946 1028 964 1056 ,
994 986 1137 1059 quod
1164 1001 1285 1042 cum
1315 987 1598 1043 Donatista
1624 1001 1743 1059 cap.
1767 989 1803 1046 5
1832 988 2165 1044 Ezechielem
2193 1002 2292 1059 pro
2315 987 2451 1044 Isaia
2482 989 2750 1056 nominet,
2773 999 2962 1047 auctor
2992 990 3080 1048 hic
3107 1006 3176 1048 ne
3213 992 3440 1048 verbulo

102 1079 362 1150 quidem
393 1080 446 1136 id
471 1081 736 1152 corrigat,
763 1080 906 1153 quod
931 1096 1039 1136 non
1070 1081 1322 1146 arbitror,
1357 1089 1412 1135 ut
1438 1081 1571 1137 alias
1594 1096 1888 1153 nunquam,
1917 1081 2378 1138 dissimulaturum
2405 1081 2784 1151 Augustinum.
2811 1083 3049 1155 Denique
3065 1098 3185 1155 cap.
3217 1084 3304 1150 l8,
3331 1084 3442 1140 duo

103 1170 494 1244 proferuntur
511 1172 729 1229 Davidis
759 1172 1062 1230 testimonia
1087 1172 1270 1230 addito
1291 1173 1626 1230 Psalmorum
1656 1189 1882 1230 numero
1903 1215 1919 1240 ,
1947 1173 2246 1245 cujusmodi
2273 1173 2578 1244 exemplum
2617 1175 2800 1231 nescio
2823 1190 2890 1230 an
2920 1175 3062 1246 apud
3088 1177 3439 1247 Augustinum

105 1263 466 1336 reperiatur.
502 1264 560 1320 In
588 1263 881 1336 Scripturis
909 1279 1123 1336 quoque
1149 1264 1481 1336 exponendis
1511 1265 1653 1321 haud
1701 1266 1860 1336 plane
1883 1281 2006 1321 cum
2043 1265 2339 1337 Augustino
2365 1267 2652 1322 consentit.
2683 1265 2816 1337 Cap.
2859 1265 2894 1323 9
2917 1308 2932 1332 ,
2979 1282 3336 1338 responsurus
3373 1271 3442 1328 ad

106 1354 275 1412 illud
303 1356 448 1413 Psal.
474 1353 614 1424 160,
644 1355 824 1413 Oleum
851 1359 1129 1428 peccatoris
1154 1375 1256 1413 non
1279 1358 1563 1430 impinguet
1581 1367 1734 1430 caput
1753 1374 1916 1413 meum
1935 1401 1952 1425 ,
1983 1367 2234 1429 tanquam
2263 1358 2332 1413 de
2358 1373 2485 1414 vera
2519 1357 2636 1428 ejus
2670 1355 3021 1428 intelligentia
3049 1357 3226 1414 adhuc
3263 1360 3440 1419 incer-

110 1457 266 1517 tus,
298 1451 378 1507 ait
400 1465 461 1508 se
488 1450 782 1520 interpretes
803 1453 955 1508 malle
984 1453 1199 1524 desuper
1227 1451 1330 1526 (sic
1353 1454 1494 1510 enim
1527 1451 1822 1526 loquitur),
1850 1453 1903 1508 id
1933 1463 2016 1511 est
2037 1495 2054 1520 ,
2074 1453 2261 1510 audire
2286 1454 2412 1526 quid
2440 1454 2531 1510 alii
2566 1454 2635 1510 de
2666 1455 2769 1510 hoc
2812 1455 2933 1510 loco
2971 1457 3206 1512 sentiant
3239 1455 3341 1525 (a).
3372 1456 3444 1511 At

108 1557 276 1600 vero
296 1543 622 1614 Augustinus
646 1543 741 1600 lib.
764 1543 801 1598 2
825 1553 1012 1600 contra
1039 1543 1356 1600 Petilianum
1381 1586 1397 1612 ,
1427 1560 1543 1614 cap.
1580 1544 1714 1609 105,
1745 1554 1799 1600 et
1819 1545 1912 1600 lib.
1933 1547 1969 1603 5
1985 1587 1998 1610 .
2027 1560 2148 1614 cap.
2175 1546 2246 1601 55
2269 1587 2284 1609 ,
2312 1553 2368 1601 et
2387 1545 2477 1600 lib.
2509 1543 2546 1598 2
2568 1553 2755 1600 contra
2780 1544 3130 1601 Cresconium
3151 1586 3166 1610 ,
3185 1559 3304 1616 cap.
3327 1544 3402 1601 24
3423 1586 3441 1612 ,

114 1635 520 1707 planissimum
547 1637 675 1694 illud
703 1647 757 1694 et
779 1639 1135 1695 clarissimum
1158 1654 1277 1694 esse
1298 1639 1389 1692 ait.
1422 1637 1556 1708 Cap.
1588 1639 1655 1694 l2
1674 1681 1689 1704 ,
1719 1639 1894 1694 locum
1923 1639 2050 1694 olim
2077 1647 2132 1693 et
2156 1654 2185 1694 a
2215 1637 2482 1710 Cypriane
2509 1638 2603 1694 lib.
2636 1639 2662 1693 1
2691 1679 2706 1703 ,
2730 1639 2886 1708 epist.
2931 1637 3032 1701 12,
3070 1638 3288 1694 citatum
3313 1679 3328 1704 ,
3361 1637 3440 1693 Ab

111 1743 280 1800 aqua
309 1727 479 1783 aliena
499 1729 692 1785 abstine
709 1740 756 1786 te
775 1771 791 1797 ,
819 1745 925 1787 non
953 1732 1093 1788 male
1123 1731 1338 1802 quidem
1369 1731 1458 1787 ille
1477 1731 1545 1787 de
1567 1732 1817 1802 pudicitia
1842 1731 2105 1802 coniugali
2123 1731 2325 1787 dictum
2346 1746 2468 1787 esse
2493 1732 2605 1798 ait,
2629 1745 2786 1788 secus
2807 1740 2982 1786 tamen
3003 1747 3161 1802 quam
3194 1731 3444 1802 Augusti-

122 1834 284 1888 nus,
309 1821 400 1893 qui
421 1821 636 1894 maligni
655 1825 876 1896 spiritus
904 1824 1202 1880 doctrinam
1231 1824 1315 1877 liic
1343 1824 1535 1894 accipit
1560 1867 1573 1890 ,
1609 1823 1701 1878 lib.
1729 1823 1796 1877 de
1825 1823 2037 1879 Unitate
2066 1822 2342 1890 Ecclesiae,
2370 1837 2488 1895 cap.
2516 1822 2610 1888 26,
2641 1832 2696 1878 et
2723 1822 2816 1878 lib.
2841 1822 2874 1877 6
2898 1831 3082 1876 contra
3118 1822 3441 1890 Donatistas,

117 1927 264 1985 cap.
301 1914 391 1970 12.
421 1914 553 1986 Cap.
582 1917 618 1970 2
641 1958 656 1984 ,
687 1917 1004 1986 probaturus
1033 1917 1492 1972 circumcisionem
1523 1915 1978 1971 Samaritanorum
2003 1924 2183 1986 typum
2214 1915 2448 1986 gessisse
2477 1914 2733 1984 Baptismi
2762 1913 2901 1984 apud
2933 1913 3234 1969 Donatistas
3268 1913 3439 1970 admi-

121 2006 358 2063 nistrati
378 2050 395 2076 ,
425 2007 705 2080 detorquet
729 2008 831 2065 huc
854 2009 1028 2064 locum
1057 2009 1123 2063 ad
1149 2007 1359 2064 Coloss.
1388 2024 1486 2077 cap
1515 2009 1578 2073 2,
1611 2009 1698 2078 qui
1726 2008 1792 2062 de
1819 2007 2223 2062 circumcisione
2253 2015 2308 2061 et
2351 2005 2623 2075 Baptismo
2660 2005 2713 2060 in
2747 2020 2972 2076 genere,
3004 2014 3059 2060 et
3090 2005 3322 2075 legitime
3354 2019 3444 2060 ac-

119 2099 321 2170 ceptis
342 2141 358 2166 ,
381 2098 524 2156 haud
543 2100 702 2156 dubie
724 2101 958 2173 loquitur
978 2144 993 2169 ,
1017 2101 1288 2172 quomodo
1309 2102 1690 2171 interpretatur
1715 2113 1768 2155 et
1801 2100 2158 2172 Augustinus,
2205 2099 2296 2155 lib.
2328 2099 2362 2155 6
2401 2109 2586 2154 contra
2617 2098 2920 2164 lulianum,
2951 2114 3072 2169 cap.
3111 2098 3163 2152 7.
3205 2098 3444 2170 Denique

121 2208 264 2266 cap.
293 2195 350 2263 4,
377 2208 500 2250 cum
547 2195 764 2251 citasset
790 2195 1061 2250 Donatista
1109 2195 1282 2250 locum
1304 2194 1571 2260 Jeremize,
1598 2209 1716 2264 cap.
1743 2195 1831 2258 15,
1859 2193 1927 2249 de
1956 2209 2091 2265 aqua
2112 2193 2376 2260 mendaci,
2411 2207 2518 2250 non
2545 2192 2775 2249 habente
2806 2192 2984 2260 fidem,
3014 2191 3080 2247 ad
3110 2207 3230 2248 eum
3259 2201 3445 2247 auctor

125 2282 252 2342 iste
279 2298 502 2356 prorsus
528 2284 662 2340 nihil
687 2285 998 2356 respondet.
1028 2288 1098 2341 At
1123 2300 1228 2341 non
1255 2285 1326 2340 ita
1357 2285 1682 2355 Augustinus
1702 2328 1717 2352 ,
1744 2285 1837 2356 qui
1858 2285 2067 2357 quoties
2094 2287 2234 2341 inter
2253 2285 2682 2340 adversariorum
2710 2284 2851 2340 dicta
2878 2285 3144 2350 occurrit,
3173 2300 3444 2354 nunquam

125 2375 298 2434 abire
317 2376 436 2434 sine
457 2377 807 2448 responsione
831 2378 1128 2450 permittit,
1158 2386 1216 2432 ut
1243 2377 1317 2434 lib
1335 2378 1371 2435 5
1387 2387 1574 2434 contra
1595 2377 1902 2436 Donatistas
1923 2419 1938 2444 ,
1970 2393 2090 2449 cap.
2123 2378 2223 2444 15;
2257 2378 2347 2434 lib.
2378 2378 2415 2434 2
2437 2386 2624 2434 contra
2645 2379 2960 2434 Petilianum
2980 2421 2996 2444 ,
3023 2394 3141 2450 cap.
3174 2378 3310 2446 l05;
3341 2378 3437 2436 lib.

124 2469 211 2528 de
240 2469 458 2528 Unitate
479 2473 732 2530 Ecclesiae
751 2515 766 2542 ,
794 2488 913 2544 cap.
936 2474 1007 2529 25
1026 2514 1042 2540 ,
1073 2482 1127 2530 et
1153 2473 1301 2528 alibi.

211 2563 357 2634 Quin
384 2573 438 2621 et
457 2575 747 2622 occurrunt
772 2566 1014 2638 quaedam
1042 2566 1108 2622 ab
1135 2565 1414 2636 Augustini
1443 2565 1830 2622 consuetudine
1869 2578 1932 2620 ac
1955 2563 2164 2620 dicendi
2195 2565 2406 2619 ratione
2433 2564 2628 2619 aliena.
2661 2563 2794 2619 Nam
2825 2564 3053 2632 primum
3081 2564 3294 2636 quidem
3320 2578 3443 2621 cum

126 2669 265 2728 cap.
298 2657 325 2712 l
357 2655 695 2730 Fulgentium
727 2657 872 2715 hunc
891 2657 1033 2714 haud
1062 2658 1287 2714 obscure
1322 2667 1626 2728 suspectum
1654 2658 1756 2714 sibi
1785 2672 1907 2714 esse
1947 2657 2242 2729 signiﬁcet,
2277 2665 2524 2728 tanquam
2555 2657 2695 2712 absit
2719 2657 2882 2713 libelli
2914 2659 3211 2714 transmissi
3239 2668 3444 2727 auctor,

130 2747 342 2806 eodem
371 2757 549 2806 tamen
579 2749 698 2806 loco
722 2750 1014 2822 religionem
1038 2749 1086 2806 ei
1109 2749 1326 2804 tribuit:
1359 2749 1500 2820 quod
1524 2750 1579 2805 in
1602 2748 1901 2806 Gaudentio
1933 2757 2108 2803 tamen
2141 2756 2291 2804 notat
2319 2749 2670 2818 Augustinus,
2697 2747 2787 2804 lib.
2817 2749 3048 2803 lcontra
3080 2765 3223 2815 eum,
3242 2765 3361 2820 cap.
3387 2751 3445 2814 2,

130 2851 193 2900 et
222 2842 323 2900 lib.
349 2842 405 2912 2,
437 2857 556 2914 cap.
588 2845 652 2900 11
685 2852 741 2901 et
767 2843 855 2900 12.
882 2843 1088 2900 Eodem
1117 2844 1239 2900 loco
1264 2843 1449 2899 tribuit
1475 2844 1526 2901 ei
1553 2845 1607 2898 in
1636 2843 1900 2900 dilatando
1936 2843 2127 2916 ingenii
2155 2844 2389 2909 laudem,
2419 2843 2563 2914 quod
2593 2855 2739 2899 certe
2766 2843 2852 2897 hic
2881 2843 3084 2897 nullum
3113 2853 3353 2913 apparet.
3388 2842 3446 2900 in

131 2935 263 3011 eius
290 2937 618 3007 argumentis
637 2945 843 2992 tantum
866 2936 1107 3008 agnoscit
1130 2936 1340 2993 roboris
1359 2951 1424 2992 ac
1469 2936 1719 3007 potentiae
1739 2979 1755 3002 ,
1784 2945 1838 2991 ut
1863 2936 1934 2992 eis
1972 2937 2130 2992 videri
2153 2944 2318 3007 queat,
2352 2935 2552 3006 inquit,
2576 2936 2758 2990 veritas
2787 2936 2898 3002 ipsa
2943 2935 3137 2989 ιιευὶηοὶ
3160 2951 3178 2990 :
3204 2944 3257 2990 at
3293 2950 3355 2990 ea
3386 2935 3443 2990 in

131 3030 260 3089 suis
284 3030 437 3086 libris
455 3031 783 3104 Augustinus
812 3031 961 3088 velut
984 3045 1118 3086 vana
1134 3039 1188 3087 et
1212 3030 1478 3087 imbecilla
1511 3029 1650 3085 ridet
1673 3045 1816 3102 saepe
1845 3045 1908 3085 ac
1925 3031 2238 3086 contemnit.
2264 3029 2397 3097 Cap.
2422 3029 2698 3096 ὕδρωπα,
2725 3030 2829 3095 ait,
2858 3040 3035 3083 contra
3062 3030 3290 3101 regulam
3313 3031 3448 3086 dato:

135 3119 272 3193 legis
299 3120 588 3193 baptizare,
625 3131 814 3178 contra
843 3121 1218 3193 Augustinum,
1247 3122 1336 3194 qui
1363 3121 1457 3176 lib.
1487 3119 1522 3177 6
1545 3129 1728 3176 contra
1781 3121 2119 3185 Donatistas,
2147 3135 2265 3190 cap.
2297 3120 2389 3186 25,
2419 3119 2626 3176 facilius
2659 3121 2733 3175 ait
2776 3120 3056 3176 hierclicos
3099 3121 3322 3176 inveniri
3355 3125 3447 3192 qui

131 3227 370 3285 prorsus
397 3227 504 3270 non
553 3214 823 3287 baptizent
842 3257 858 3284 ,
889 3230 1048 3285 quam
1074 3215 1162 3287 qui
1196 3213 1518 3285 praescriptis
1547 3228 1576 3268 a
1607 3212 1824 3270 Christo
1850 3213 2029 3268 verbis
2058 3229 2164 3268 non
2211 3221 2444 3268 utantur.
2483 3213 2622 3282 Quin
2650 3221 2706 3267 et
2727 3227 2848 3283 cap.
2878 3213 2912 3267 4
2939 3212 3306 3268 contradicere
3341 3215 3444 3269 sibi

131 3305 261 3378 ipse
289 3307 521 3374 videtur,
553 3307 792 3364 Hmetici
809 3351 824 3376 ,
853 3309 1058 3380 inquit,
1090 3324 1262 3364 omnes
1291 3309 1408 3362 licet
1428 3308 1483 3362 in
1509 3325 1601 3363 sua
1649 3307 1744 3362 sibi
1771 3308 2112 3380 disputatione
2138 3309 2450 3373 discordant,
2485 3308 2540 3363 in
2571 3307 2824 3380 Baptismi
2851 3318 3020 3362 tamen
3058 3309 3329 3362 traditione
3355 3325 3437 3363 so-

136 3401 304 3458 lemni
325 3403 474 3458 verba
491 3405 820 3460 concordant.
839 3402 968 3474 Cap.
994 3404 1050 3468 2,
1080 3402 1466 3459 Donatistarum
1491 3405 1721 3475 appellat
1742 3402 2034 3475 Baptismo,
2064 3401 2206 3473 quod
2232 3401 2516 3459 dicendum
2562 3417 2682 3458 esse
2722 3411 2880 3474 negat
2909 3403 3235 3473 Augustinus
3259 3444 3275 3469 ,
3315 3418 3436 3457 cum

135 3493 275 3551 alibi
301 3536 316 3562 ,
342 3503 455 3551 tum
481 3494 578 3550 lib.
609 3494 646 3550 2
667 3504 851 3552 contra
883 3494 1197 3551 Petilianum
1218 3537 1235 3564 ,
1263 3509 1381 3564 cap.
1409 3495 1514 3562 57;
1541 3509 1637 3550 nec
1661 3510 1892 3566 unquam
1941 3494 2019 3550 sic
2058 3502 2248 3559 vocat,
2272 3492 2372 3548 nisi
2397 3492 2574 3548 addita
2614 3507 2738 3548 mox
2768 3492 3100 3548 correctione
3130 3492 3227 3547 hac
3251 3501 3343 3546 aut
3368 3494 3439 3546 si-

138 3588 301 3656 mili,
321 3588 426 3644 imo
453 3605 556 3645 non
574 3598 792 3645 vestrum
814 3629 830 3653 ,
853 3588 942 3643 sed
970 3588 1177 3643 Christi.
1195 3587 1328 3658 Cap.
1361 3587 1451 3653 10,
1481 3587 1683 3643 Certant
1701 3597 1792 3656 est,
1818 3587 2009 3659 inquit,
2037 3587 2172 3658 quod
2195 3586 2470 3641 sacerdotis
2491 3595 2538 3641 et
2564 3584 2721 3658 plebis
2746 3595 3030 3640 exsecretur
3053 3582 3187 3637 Deus
3213 3601 3273 3638 ac
3310 3585 3428 3639 des-

144 3683 314 3753 piciat
332 3682 648 3750 holocausta,
671 3682 717 3737 si
746 3684 877 3738 bona
901 3697 1002 3736 non
1031 3681 1256 3753 adfuerit
1283 3682 1588 3736 conscientia
1615 3698 1635 3736 :
1658 3683 1802 3754 quod
1823 3681 2004 3738 nescio
2025 3697 2092 3737 an
2125 3695 2346 3751 usquam
2374 3679 2513 3750 apud
2534 3679 2882 3750 Augustinum
2910 3679 3168 3748 reperias.
3193 3682 3280 3748 qui
3304 3680 3442 3734 inter

141 3773 473 3831 sacriﬁcium
497 3773 642 3831 velut
665 3789 780 3831 rem
806 3788 1037 3841 sacram,
1073 3783 1126 3828 et
1146 3772 1482 3829 offerentium
1503 3773 1688 3829 vitium
1713 3773 1994 3844 diligenter
2020 3771 2455 3843 distinguendum
2477 3770 2654 3827 docet.
2671 3770 2802 3842 Cap.
2832 3772 2882 3835 l,
2898 3769 3208 3834 Pertinaces,
3247 3772 3438 3843 inquit,

142 3869 478 3925 anathemate
499 3868 918 3933 condemnemus,
947 3879 1002 3922 ut
1031 3869 1272 3924 hactenus
1302 3868 1513 3924 victores
1532 3884 1639 3924 esse
1667 3868 1936 3939 possimus.
1965 3865 2190 3935 Quando
2218 3868 2296 3922 sic
2321 3880 2511 3937 aspere
2539 3865 2776 3936 loquitur
2806 3865 3130 3935 Augustinus
3155 3865 3178 3919 ?
3203 3867 3332 3936 Cap.
3353 3867 3442 3930 17,

145 3962 445 4020 Donatista:
469 3961 932 4018 criminationibus
957 3975 1340 4031 responsurus,
1370 3961 1727 4016 conscientiam
1746 3976 1892 4015 suam
1917 3961 2139 4032 opponit
2159 4002 2172 4023 ,
2200 3975 2354 4032 quam
2377 3960 2625 4014 munitam
2653 3975 2759 4015 esse
2777 3959 2870 4014 ait.
2891 3957 3039 4014 Facit
3068 3959 3168 4014 hoc
3189 3974 3440 4014 nonnun-

146 4070 314 4126 quam
340 4062 398 4112 et
422 4055 778 4127 Augustinus,
809 4062 869 4109 ut
894 4053 987 4109 lib.
1011 4053 1046 4110 3
1069 4062 1252 4109 contra
1283 4053 1600 4108 Petilianum
1622 4095 1636 4118 ,
1667 4068 1786 4124 cap.
1817 4053 1853 4108 2
1874 4060 1930 4108 et
1954 4053 2043 4121 10,
2068 4053 2161 4108 lib.
2187 4053 2222 4108 ὅ
2245 4059 2432 4108 contra
2457 4051 2828 4117 Cresconium,
2857 4065 2975 4122 cap.
3003 4050 3104 4117 80;
3129 4051 3221 4107 sed
3250 4060 3446 4120 quanta

148 4160 274 4203 cum
303 4145 564 4203 modestia
590 4161 654 4202 ac
695 4144 1054 4202 verecundia!
1087 4143 1218 4214 Cap.
1244 4142 1340 4212 22,
1367 4143 1520 4199 Gesta
1569 4144 1698 4199 citat
1755 4143 2056 4199 Marcellini
2083 4160 2101 4200 :
2132 4159 2228 4214 pro
2256 4144 2450 4214 quibus
2477 4158 2691 4214 semper
2715 4141 3063 4214 Augustinus,
3089 4141 3155 4196 In
3179 4143 3448 4200 collatione

147 4248 325 4294 nostra
343 4279 360 4304 ,
389 4237 594 4310 inquit,
625 4253 776 4306 quam
805 4237 1088 4302 uobiscum,
1114 4237 1199 4292 vel
1235 4251 1352 4291 cum
1393 4237 1466 4292 eis
1487 4235 1757 4291 habuimus
1779 4251 1800 4292 :
1823 4245 1884 4291 ut
1909 4236 2009 4292 lib.
2037 4245 2161 4308 post
2178 4234 2530 4292 Collationem
2551 4276 2567 4302 ,
2600 4234 2696 4292 lib.
2722 4234 2792 4294 de
2813 4233 2991 4293 Gestis
3019 4249 3141 4291 cum
3169 4235 3404 4291 Emerito
3424 4275 3440 4301 ,

147 4325 243 4385 lib.
275 4336 464 4384 contra
483 4326 872 4393 Gaudentium,
897 4335 951 4384 et
975 4327 1100 4382 alibi
1126 4326 1246 4397 plus
1271 4327 1474 4382 centies
1496 4369 1512 4394 ,
1539 4335 1644 4382 etc.

220 4419 489 4477 Caeterum
522 4419 590 4475 ad
619 4420 798 4475 stilum
827 4419 968 4492 quod
1004 4419 1234 4486 attinet,
1266 4419 1391 4475 licet
1416 4419 1468 4474 in
1499 4417 1815 4492 quibusdam
1836 4460 1854 4488 ,
1883 4417 1974 4475 ubi
2005 4428 2088 4476 est
2117 4419 2470 4492 Augustinum
2501 4419 2774 4489 imitatus,
2801 4419 3087 4477 convenire
3111 4434 3232 4476 cum
3270 4435 3336 4476 eo
3364 4422 3444 4475 vi-

149 4511 359 4578 deatur,
397 4523 572 4568 tamen
601 4527 688 4569 res
714 4513 826 4583 ipsa
855 4512 1126 4578 clamitat,
1154 4511 1343 4582 procul
1368 4511 1435 4566 ab
1477 4511 1736 4582 elegantia
1785 4511 2031 4567 dictionis
2058 4511 2175 4581 ejus
2199 4512 2407 4568 abesse.
2439 4511 2570 4567 Nam
2623 4520 2684 4567 ut
2725 4512 2956 4584 exempli
3005 4512 3172 4583 gratia
3219 4513 3443 4584 paucula

149 4606 395 4676 quietiam
427 4607 769 4678 attingamus,
808 4621 928 4676 cap.
959 4607 985 4661 1
1012 4595 1177 4662 utitur
1207 4605 1372 4662 verbo
1398 4605 1644 4673 admiror,
1674 4621 1771 4676 pro
1797 4605 2040 4678 Intelligo
2063 4649 2075 4673 ,
2099 4607 2249 4678 capio
2268 4649 2284 4674 ,
2311 4621 2588 4678 assequor.
2619 4609 2685 4664 Et
2709 4609 2927 4677 ibidem,
2948 4620 3048 4663 tam
3070 4609 3214 4680 forti,
3238 4609 3439 4679 inquit,

151 4701 288 4756 obice
314 4702 591 4771 sumpsisti.
615 4703 693 4756 Ac
717 4717 932 4768 rursus,
963 4701 1016 4756 in
1043 4702 1194 4756 domo
1220 4704 1490 4774 confugere
1518 4702 1898 4774 compellamus.
1927 4701 2057 4774 Cap.
2084 4701 2140 4769 2,
2173 4701 2273 4757 Vos
2301 4703 2349 4758 ei
2375 4719 2466 4774 per
2514 4705 2685 4759 omnia
2725 4705 2980 4770 similatis,
3003 4704 3194 4775 inquit,
3220 4718 3318 4774 pro
3343 4706 3445 4759 As-

152 4793 481 4850 similamini.
532 4793 658 4864 Cap.
689 4794 740 4858 9,
774 4792 1080 4864 lnterpretes
1101 4836 1116 4861 ,
1145 4795 1340 4865 inquit,
1360 4795 1494 4848 malo
1523 4795 1738 4864 desuper
1761 4810 1780 4849 :
1811 4810 1906 4865 pro
1934 4809 2000 4849 eo
2023 4793 2166 4866 quod
2187 4793 2471 4851 dicendum
2490 4805 2625 4863 erat,
2647 4796 2822 4851 Malim
2853 4796 2937 4852 hic
2958 4795 3143 4852 audire
3159 4797 3394 4868 interpre
3412 4826 3437 4838 ο

154 4889 408 4944 tationem
434 4887 661 4943 aliorum
691 4886 787 4958 (b).
821 4887 949 4958 Cap.
987 4888 1073 4954 16,
1099 4890 1418 4959 pessimatur,
1443 4904 1539 4959 pro
1570 4889 1840 4946 Pcssimus
1868 4889 2066 4946 evadit.
2095 4888 2226 4962 Cap.
2252 4887 2344 4958 24,
2367 4897 2423 4945 ut
2450 4904 2533 4947 eos
2557 4907 2590 4945 a
2617 4891 2723 4946 suis
2760 4889 2982 4945 basilicis
3007 4889 3317 4963 depulisses,
3347 4907 3446 4962 pro

160 4981 492 5053 Depelleres.
526 4980 622 5036 Ubi
654 4980 733 5036 sic
760 4995 990 5051 unquam
1017 4980 1242 5036 balbutit
1268 4981 1592 5051 Augustinus
1620 4983 1644 5036 ?

227 5077 306 5135 Ex
334 5074 418 5130 his
441 5075 620 5144 itaque
649 5089 768 5146 quae
792 5074 1031 5130 diximus
1049 5116 1064 5139 ,
1093 5073 1302 5129 abunde
1321 5083 1568 5130 constare
1591 5074 1823 5131 arbitror
1850 5091 1954 5132 non
1981 5090 2102 5132 esse
2126 5075 2319 5132 librum
2345 5074 2488 5132 hunc
2515 5075 2832 5147 Augustini,
2859 5074 2970 5132 imo
2988 5089 3119 5132 vero
3139 5090 3360 5148 prorsus
3381 5094 3444 5133 co

161 5169 454 5242 indignum.
478 5171 732 5242 Quisquis
755 5180 933 5226 tamen
965 5171 1083 5242 ejus
1111 5177 1297 5225 auctor
1327 5170 1424 5224 fuit
1445 5212 1458 5234 ,
1482 5179 1747 5225 vetustum
1775 5171 1936 5226 fuisse
1957 5179 2190 5242 oportet,
2225 5179 2282 5227 ut
2308 5171 2397 5242 qui
2423 5170 2710 5226 concilium
2738 5168 2870 5224 illud
2897 5168 3322 5241 Carthaginense
3349 5171 3444 5225 ad-

160 5277 345 5320 versus
370 5261 713 5319 Cmcilianum
741 5263 964 5325 viderit.
1010 5263 1180 5317 citans
1202 5261 1325 5316 inde
1357 5271 1625 5331 postremo
1647 5261 1820 5332 capite
1846 5261 2096 5318 Marciani
2120 5263 2472 5325 sententiam,
2504 5277 2662 5332 quam
2709 5276 2971 5330 nusquam
3014 5260 3156 5331 apud
3193 5262 3452 5332 Augusti-

161 5369 282 5412 num
310 5355 584 5427 reperias;
613 5370 721 5426 quo
743 5357 826 5410 vel
845 5355 960 5410 solo
985 5355 1200 5410 nomine
1229 5352 1444 5424 dignum
1477 5353 1668 5408 librum
1701 5353 1841 5410 hunc
1883 5369 2078 5408 censeo
2111 5355 2200 5424 qui
2227 5355 2402 5409 locum
2433 5368 2587 5409 suum
2634 5353 2884 5408 retineat.
2915 5353 3156 5422 Apparet
3180 5361 3358 5407 autem
3391 5362 3444 5407 et

161 5448 339 5506 Afrum
373 5449 569 5516 fuisse,
595 5464 717 5504 nam
747 5458 798 5504 et
821 5464 970 5504 more
995 5448 1167 5520 gentis
1207 5447 1323 5516 ejus
1343 5447 1534 5517 gaudet
1562 5447 1954 5502 hommteleutis
1975 5490 1988 5512 ,
2014 5457 2069 5502 ut
2089 5463 2209 5518 cap.
2237 5447 2292 5516 9,
2326 5447 2510 5501 Melior
2547 5457 2621 5501 est
2647 5448 2926 5500 misericors
2952 5444 3228 5514 increpatio
3247 5485 3262 5509 ,
3289 5461 3442 5514 quam

163 5542 280 5602 lenis
315 5544 544 5600 adulatio
571 5551 664 5600 :et
683 5543 871 5600 iterum
895 5586 909 5612 ,
941 5541 1120 5599 Oleum
1148 5543 1444 5614 peccatoris,
1464 5541 1854 5598 blandimentum
1882 5555 1952 5600 est
1978 5544 2278 5600 adulatoria.
2310 5545 2375 5602 Et
2395 5559 2514 5618 cap.
2548 5543 2638 5614 l2,
2673 5542 2800 5613 Quis
2823 5559 2924 5600 non
2941 5542 3106 5598 videat
3134 5541 3434 5614 prophetam

237 5699 290 5765 ρ)
320 5698 440 5765 vide
463 5700 515 5765 in
536 5706 650 5749 nota
671 5699 784 5765 huic
799 5699 906 5765 loco
927 5699 1147 5765 subjecta
1169 5699 1426 5765 quomodo,
1448 5699 1588 5762 juxta
1614 5699 1778 5761 Morel,
1800 5701 1868 5752 ibi
1894 5701 2160 5765 legendum
2183 5702 2264 5752 sit.
2331 5707 2388 5750 Μ.

237 5711 268 5749 a
320 5699 440 5749 vide
463 5700 515 5749 in
536 5706 650 5749 nota
671 5699 784 5749 huic
799 5699 906 5749 loco
927 5699 1147 5760 subjecta
1169 5699 1426 5760 quomodo,
1448 5699 1588 5762 juxta
1614 5699 1778 5761 Morel,
1800 5701 1868 5752 ibi
1894 5701 2160 5765 legendum
2183 5702 2264 5752 sit.
2331 5707 2388 5750 Μ.

217 5699 290 5830 ξιξ
323 5761 440 5818 vide
464 5763 512 5814 in
539 5770 650 5817 nota
673 5761 785 5815 huic
809 5760 912 5814 loco
938 5761 1153 5830 subjecta
1179 5761 1789 5834 lectionemquamcenset
1812 5763 1957 5820 Morel
1984 5764 2355 5836 praeferendam.
2423 5770 2481 5820 at.
