  <div class='ocr_page' id='page_1' title='image "/cluster/home/n/w/nwhite01/storage/ocr_20150623/43/uva.x000827113/399.png"; bbox 0 0 1908 3072; ppageno 0'>
   <div class='ocr_carea' id='block_1_1' title="bbox 181 153 238 184">
    <p class='ocr_par' dir='ltr' id='par_1_1' title="bbox 181 153 238 184">
     <span class='ocr_line' id='line_1_1' title="bbox 181 153 238 184; baseline 0.018 -1"><span class='ocrx_word' id='word_1_1' title='bbox 181 153 238 184; x_wconf 76' lang='grc'><strong>785</strong></span> 
     </span>
    </p>
   </div>
   <div class='ocr_carea' id='block_1_2' title="bbox 182 209 974 248">
    <p class='ocr_par' dir='ltr' id='par_1_2' title="bbox 182 209 974 248">
     <span class='ocr_line' id='line_1_2' title="bbox 182 209 974 248; baseline -0.005 -8"><span class='ocrx_word' id='word_1_2' title='bbox 182 210 396 248; x_wconf 62' lang='lat' dir='ltr'><strong>lugentiusdixit</strong></span> <span class='ocrx_word' id='word_1_3' title='bbox 410 218 417 237; x_wconf 87' lang='lat'><strong>:</strong></span> <span class='ocrx_word' id='word_1_4' title='bbox 432 209 499 248; x_wconf 76' lang='lat' dir='ltr'><strong>Cum</strong></span> <span class='ocrx_word' id='word_1_5' title='bbox 513 209 688 248; x_wconf 73' lang='lat' dir='ltr'><strong>venissemus,</strong></span> <span class='ocrx_word' id='word_1_6' title='bbox 713 212 741 236; x_wconf 87' lang='lat' dir='ltr'><strong>et</strong></span> <span class='ocrx_word' id='word_1_7' title='bbox 760 213 974 248; x_wconf 69' lang='lat' dir='ltr'><strong>agereturcausa</strong></span> 
     </span>
    </p>
   </div>
   <div class='ocr_carea' id='block_1_3' title="bbox 182 244 976 281">
    <p class='ocr_par' dir='ltr' id='par_1_3' title="bbox 182 244 976 281">
     <span class='ocr_line' id='line_1_3' title="bbox 182 244 976 281; baseline -0.005 -6"><span class='ocrx_word' id='word_1_8' title='bbox 182 244 266 276; x_wconf 61' lang='lat' dir='ltr'><strong>Ma&#39;uri</strong></span> <span class='ocrx_word' id='word_1_9' title='bbox 278 247 311 274; x_wconf 87' lang='lat' dir='ltr'><strong>ab</strong></span> <span class='ocrx_word' id='word_1_10' title='bbox 325 246 399 274; x_wconf 91' lang='lat' dir='ltr'><strong>Utica</strong></span> <span class='ocrx_word' id='word_1_11' title='bbox 415 246 543 281; x_wconf 83' lang='lat' dir='ltr'><strong>episcopi,</strong></span> <span class='ocrx_word' id='word_1_12' title='bbox 566 245 611 280; x_wconf 88' lang='lat' dir='ltr'><strong>qui</strong></span> <span class='ocrx_word' id='word_1_13' title='bbox 635 245 815 279; x_wconf 93' lang='lat' dir='ltr'><strong>episcopatum</strong></span> <span class='ocrx_word' id='word_1_14' title='bbox 839 244 889 272; x_wconf 87' lang='lat' dir='ltr'><strong>sibi</strong></span> <span class='ocrx_word' id='word_1_15' title='bbox 913 244 976 281; x_wconf 78' lang='lat' dir='ltr'><strong>red-</strong></span> 
     </span>
    </p>
   </div>
   <div class='ocr_carea' id='block_1_4' title="bbox 183 280 976 315">
    <p class='ocr_par' dir='ltr' id='par_1_4' title="bbox 183 280 976 315">
     <span class='ocr_line' id='line_1_4' title="bbox 183 280 976 315; baseline -0.004 -6"><span class='ocrx_word' id='word_1_16' title='bbox 183 284 259 314; x_wconf 79' lang='lat' dir='ltr'><strong>emit,</strong></span> <span class='ocrx_word' id='word_1_17' title='bbox 271 282 303 309; x_wconf 87' lang='lat' dir='ltr'><strong>ad</strong></span> <span class='ocrx_word' id='word_1_18' title='bbox 316 282 408 309; x_wconf 84' lang='lat' dir='ltr'><strong>urbem</strong></span> <span class='ocrx_word' id='word_1_19' title='bbox 420 281 539 308; x_wconf 84' lang='lat' dir='ltr'><strong>ascendit</strong></span> <span class='ocrx_word' id='word_1_20' title='bbox 551 280 755 308; x_wconf 87' lang='lat' dir='ltr'><strong>Autumnitanus</strong></span> <span class='ocrx_word' id='word_1_21' title='bbox 770 280 910 315; x_wconf 92' lang='lat' dir='ltr'><strong>cpiscopus</strong></span> <span class='ocrx_word' id='word_1_22' title='bbox 925 280 976 307; x_wconf 85' lang='lat' dir='ltr'><strong>Fe-</strong></span> 
     </span>
    </p>
   </div>
   <div class='ocr_carea' id='block_1_5' title="bbox 183 315 975 350">
    <p class='ocr_par' dir='ltr' id='par_1_5' title="bbox 183 315 975 350">
     <span class='ocr_line' id='line_1_5' title="bbox 183 315 975 350; baseline -0.005 -4"><span class='ocrx_word' id='word_1_23' title='bbox 183 319 231 350; x_wconf 86' lang='lat' dir='ltr'><strong>lix,</strong></span> <span class='ocrx_word' id='word_1_24' title='bbox 246 322 276 345; x_wconf 90' lang='lat' dir='ltr'><strong>ut</strong></span> <span class='ocrx_word' id='word_1_25' title='bbox 296 321 430 350; x_wconf 85' lang='lat' dir='ltr'><strong>tractaret,</strong></span> <span class='ocrx_word' id='word_1_26' title='bbox 454 321 481 344; x_wconf 90' lang='lat' dir='ltr'><strong>et</strong></span> <span class='ocrx_word' id='word_1_27' title='bbox 499 316 575 347; x_wconf 85' lang='lat' dir='ltr'><strong>dixit.</strong></span> <span class='ocrx_word' id='word_1_28' title='bbox 592 315 675 343; x_wconf 88' lang='lat' dir='ltr'><strong>Nemo</strong></span> <span class='ocrx_word' id='word_1_29' title='bbox 688 316 897 349; x_wconf 88' lang='lat' dir='ltr'><strong>communicet&#39;,</strong></span> <span class='ocrx_word' id='word_1_30' title='bbox 913 316 975 350; x_wconf 86' lang='lat' dir='ltr'><strong>quia</strong></span> 
     </span>
    </p>
   </div>
   <div class='ocr_carea' id='block_1_6' title="bbox 182 350 973 386">
    <p class='ocr_par' dir='ltr' id='par_1_6' title="bbox 182 350 973 386">
     <span class='ocr_line' id='line_1_6' title="bbox 182 350 973 386; baseline -0.005 -5"><span class='ocrx_word' id='word_1_31' title='bbox 182 353 277 382; x_wconf 82' lang='lat' dir='ltr'><strong>falsum</strong></span> <span class='ocrx_word' id='word_1_32' title='bbox 292 352 408 380; x_wconf 77' lang='lat' dir='ltr'><strong>admisit.</strong></span> <span class='ocrx_word' id='word_1_33' title='bbox 433 352 465 379; x_wconf 89' lang='lat' dir='ltr'><strong>Et</strong></span> <span class='ocrx_word' id='word_1_34' title='bbox 482 351 537 379; x_wconf 83' lang='lat' dir='ltr'><strong>dixi</strong></span> <span class='ocrx_word' id='word_1_35' title='bbox 558 351 596 378; x_wconf 94' lang='lat' dir='ltr'><strong>illi</strong></span> <span class='ocrx_word' id='word_1_36' title='bbox 609 358 659 386; x_wconf 91' lang='lat' dir='ltr'><strong>ego</strong></span> <span class='ocrx_word' id='word_1_37' title='bbox 673 358 689 378; x_wconf 87' lang='lat' dir='ltr'><strong>e</strong></span> <span class='ocrx_word' id='word_1_38' title='bbox 703 356 795 378; x_wconf 90' lang='lat' dir='ltr'><strong>contra</strong></span> <span class='ocrx_word' id='word_1_39' title='bbox 810 360 816 377; x_wconf 90' lang='lat'>:</span> <span class='ocrx_word' id='word_1_40' title='bbox 840 350 894 378; x_wconf 89' lang='lat' dir='ltr'><strong>Nec</strong></span> <span class='ocrx_word' id='word_1_41' title='bbox 915 351 973 383; x_wconf 85' lang='lat' dir='ltr'><strong>tibi,</strong></span> 
     </span>
    </p>
   </div>
   <div class='ocr_carea' id='block_1_7' title="bbox 183 386 975 423">
    <p class='ocr_par' dir='ltr' id='par_1_7' title="bbox 183 386 975 423">
     <span class='ocr_line' id='line_1_7' title="bbox 183 386 975 423; baseline -0.004 -7"><span class='ocrx_word' id='word_1_42' title='bbox 183 396 235 416; x_wconf 92' lang='lat' dir='ltr'><strong>nec</strong></span> <span class='ocrx_word' id='word_1_43' title='bbox 255 388 303 420; x_wconf 87' lang='lat' dir='ltr'><strong>illi,</strong></span> <span class='ocrx_word' id='word_1_44' title='bbox 319 388 363 423; x_wconf 89' lang='lat' dir='ltr'><strong>qui</strong></span> <span class='ocrx_word' id='word_1_45' title='bbox 385 387 497 414; x_wconf 88' lang='lat' dir='ltr'><strong>traditor</strong></span> <span class='ocrx_word' id='word_1_46' title='bbox 518 395 557 414; x_wconf 87' lang='lat' dir='ltr'><strong>es.</strong></span> <span class='ocrx_word' id='word_1_47' title='bbox 579 386 654 423; x_wconf 83' lang='lat' dir='ltr'><strong>Dolui</strong></span> <span class='ocrx_word' id='word_1_48' title='bbox 672 386 743 413; x_wconf 91' lang='lat' dir='ltr'><strong>enim</strong></span> <span class='ocrx_word' id='word_1_49' title='bbox 763 393 879 423; x_wconf 83' lang='lat' dir='ltr'><strong>causam</strong></span> <span class='ocrx_word' id='word_1_50' title='bbox 892 386 975 414; x_wconf 81' lang='lat' dir='ltr'><strong>Mauri</strong></span> 
     </span>
    </p>
   </div>
   <div class='ocr_carea' id='block_1_8' title="bbox 180 422 975 459">
    <p class='ocr_par' dir='ltr' id='par_1_8' title="bbox 180 422 975 459">
     <span class='ocr_line' id='line_1_8' title="bbox 180 422 975 459; baseline -0.004 -7"><span class='ocrx_word' id='word_1_51' title='bbox 180 423 295 459; x_wconf 75' lang='lat' dir='ltr'><strong>hospitis</strong></span> <span class='ocrx_word' id='word_1_52' title='bbox 310 422 371 455; x_wconf 81' lang='lat' dir='ltr'><strong>mei,</strong></span> <span class='ocrx_word' id='word_1_53' title='bbox 386 423 447 459; x_wconf 88' lang='lat' dir='ltr'><strong>quia</strong></span> <span class='ocrx_word' id='word_1_54' title='bbox 460 422 716 459; x_wconf 51' lang='lat' dir='ltr'><strong>comlntinicaveigim</strong></span> <span class='ocrx_word' id='word_1_55' title='bbox 731 422 861 459; x_wconf 80' lang='lat' dir='ltr'><strong>cum_illo</strong></span> <span class='ocrx_word' id='word_1_56' title='bbox 874 422 899 449; x_wconf 91' lang='lat' dir='ltr'><strong>ili</strong></span> <span class='ocrx_word' id='word_1_57' title='bbox 915 429 975 459; x_wconf 84' lang='lat' dir='ltr'><strong>per-</strong></span> 
     </span>
    </p>
   </div>
   <div class='ocr_carea' id='block_1_9' title="bbox 183 457 975 520">
    <p class='ocr_par' dir='ltr' id='par_1_9' title="bbox 183 457 975 520">
     <span class='ocr_line' id='line_1_9' title="bbox 183 457 975 494; baseline -0.001 -8"><span class='ocrx_word' id='word_1_58' title='bbox 183 457 258 494; x_wconf 74' lang='lat' dir='ltr'><strong>egre,</strong></span> <span class='ocrx_word' id='word_1_59' title='bbox 292 459 334 485; x_wconf 91' lang='lat' dir='ltr'><strong>tlia</strong></span> <span class='ocrx_word' id='word_1_60' title='bbox 346 458 417 485; x_wconf 91' lang='lat' dir='ltr'><strong>evasi</strong></span> <span class='ocrx_word' id='word_1_61' title='bbox 428 457 649 492; x_wconf 84' lang='lat' dir='ltr'><strong>persecutionem.</strong></span> <span class='ocrx_word' id='word_1_62' title='bbox 662 457 762 484; x_wconf 77' lang='lat' dir='ltr'><strong>Exinde</strong></span> <span class='ocrx_word' id='word_1_63' title='bbox 774 457 809 484; x_wconf 87' lang='lat' dir='ltr'><strong>ivi</strong></span> <span class='ocrx_word' id='word_1_64' title='bbox 824 457 849 484; x_wconf 92' lang='lat' dir='ltr'><strong>ill</strong></span> <span class='ocrx_word' id='word_1_65' title='bbox 863 458 975 492; x_wconf 88' lang='lat' dir='ltr'><strong>patriam</strong></span> 
     </span>
     <span class='ocr_line' id='line_1_10' title="bbox 183 467 975 520; baseline -0.001 0"><span class='ocrx_word' id='word_1_66' title='bbox 183 467 391 520; x_wconf 51' lang='lat' dir='ltr'><strong>iusius(lt‘elicis.</strong></span> <span class='ocrx_word' id='word_1_67' title='bbox 405 493 468 520; x_wconf 91' lang='lat' dir='ltr'><strong>duxi</strong></span> <span class='ocrx_word' id='word_1_68' title='bbox 483 500 586 520; x_wconf 89' lang='lat' dir='ltr'><strong>mecum</strong></span> <span class='ocrx_word' id='word_1_69' title='bbox 601 498 654 520; x_wconf 90' lang='lat' dir='ltr'><strong>tres</strong></span> <span class='ocrx_word' id='word_1_70' title='bbox 669 493 798 520; x_wconf 79' lang='lat' dir='ltr'><strong>seniores.</strong></span> <span class='ocrx_word' id='word_1_71' title='bbox 815 497 843 520; x_wconf 90' lang='lat' dir='ltr'><strong>ut</strong></span> <span class='ocrx_word' id='word_1_72' title='bbox 855 493 975 520; x_wconf 90' lang='lat' dir='ltr'><strong>viderent</strong></span> 
     </span>
    </p>
   </div>
   <div class='ocr_carea' id='block_1_10' title="bbox 183 493 976 529">
    <p class='ocr_par' dir='ltr' id='par_1_10' title="bbox 183 493 976 529">
     <span class='ocr_line' id='line_1_11' title="bbox 183 493 976 529; baseline -0.003 -8"><span class='ocrx_word' id='word_1_73' title='bbox 183 493 268 529; x_wconf 65' lang='lat' dir='ltr'><strong>ipsius</strong></span> <span class='ocrx_word' id='word_1_74' title='bbox 284 493 391 525; x_wconf 81' lang='lat' dir='ltr'><strong>Felicis,</strong></span> <span class='ocrx_word' id='word_1_75' title='bbox 405 493 468 529; x_wconf 85' lang='lat' dir='ltr'><strong>duxi</strong></span> <span class='ocrx_word' id='word_1_76' title='bbox 483 500 586 520; x_wconf 89' lang='lat' dir='ltr'><strong>mecum</strong></span> <span class='ocrx_word' id='word_1_77' title='bbox 601 498 654 520; x_wconf 90' lang='lat' dir='ltr'><strong>tres</strong></span> <span class='ocrx_word' id='word_1_78' title='bbox 669 493 798 525; x_wconf 79' lang='lat' dir='ltr'><strong>seniores,</strong></span> <span class='ocrx_word' id='word_1_79' title='bbox 815 497 843 529; x_wconf 84' lang='lat' dir='ltr'><strong>ut</strong></span> <span class='ocrx_word' id='word_1_80' title='bbox 855 493 976 529; x_wconf 78' lang='lat' dir='ltr'><strong>viderent</strong></span> 
     </span>
    </p>
   </div>
   <div class='ocr_carea' id='block_1_11' title="bbox 182 528 974 563">
    <p class='ocr_par' dir='ltr' id='par_1_11' title="bbox 182 528 974 563">
     <span class='ocr_line' id='line_1_12' title="bbox 182 528 974 563; baseline -0.003 -6"><span class='ocrx_word' id='word_1_81' title='bbox 182 528 218 557; x_wconf 75' lang='lat' dir='ltr'><strong>an</strong></span> <span class='ocrx_word' id='word_1_82' title='bbox 232 537 326 556; x_wconf 87' lang='lat' dir='ltr'><strong>verum</strong></span> <span class='ocrx_word' id='word_1_83' title='bbox 339 528 501 560; x_wconf 88' lang='lat' dir='ltr'><strong>tradidisset,</strong></span> <span class='ocrx_word' id='word_1_84' title='bbox 514 536 546 555; x_wconf 87' lang='lat' dir='ltr'><strong>ali</strong></span> <span class='ocrx_word' id='word_1_85' title='bbox 561 536 625 555; x_wconf 89' lang='lat' dir='ltr'><strong>non.</strong></span> <span class='ocrx_word' id='word_1_86' title='bbox 640 529 807 563; x_wconf 79' lang='lat' dir='ltr'><strong>Apronianus</strong></span> <span class='ocrx_word' id='word_1_87' title='bbox 820 528 905 563; x_wconf 82' lang='lat' dir='ltr'><strong>dixit:</strong></span> <span class='ocrx_word' id='word_1_88' title='bbox 917 528 974 555; x_wconf 88' lang='lat' dir='ltr'><strong>Non</strong></span> 
     </span>
    </p>
   </div>
   <div class='ocr_carea' id='block_1_12' title="bbox 183 562 974 598">
    <p class='ocr_par' dir='ltr' id='par_1_12' title="bbox 183 562 974 598">
     <span class='ocr_line' id='line_1_13' title="bbox 183 562 974 598; baseline 0 -6"><span class='ocrx_word' id='word_1_89' title='bbox 183 565 220 593; x_wconf 89' lang='lat' dir='ltr'><strong>ita</strong></span> <span class='ocrx_word' id='word_1_90' title='bbox 244 565 317 592; x_wconf 91' lang='lat' dir='ltr'><strong>venit</strong></span> <span class='ocrx_word' id='word_1_91' title='bbox 336 563 369 591; x_wconf 86' lang='lat' dir='ltr'><strong>ad</strong></span> <span class='ocrx_word' id='word_1_92' title='bbox 389 563 560 591; x_wconf 71' lang='lat' dir='ltr'><strong>Cmcilianum</strong></span> <span class='ocrx_word' id='word_1_93' title='bbox 573 584 580 596; x_wconf 90' lang='lat'><strong>,</strong></span> <span class='ocrx_word' id='word_1_94' title='bbox 604 571 723 598; x_wconf 61' lang='lat' dir='ltr'><strong>quaerere</strong></span> <span class='ocrx_word' id='word_1_95' title='bbox 742 564 752 579; x_wconf 84' lang='grc'>²</span> <span class='ocrx_word' id='word_1_96' title='bbox 767 563 799 591; x_wconf 89' lang='lat' dir='ltr'><strong>de</strong></span> <span class='ocrx_word' id='word_1_97' title='bbox 822 562 974 592; x_wconf 75' lang='lat' dir='ltr'><strong>Cteeiliano.</strong></span> 
     </span>
    </p>
   </div>
   <div class='ocr_carea' id='block_1_13' title="bbox 182 598 976 634">
    <p class='ocr_par' dir='ltr' id='par_1_13' title="bbox 182 598 976 634">
     <span class='ocr_line' id='line_1_14' title="bbox 182 598 976 634; baseline -0.003 -7"><span class='ocrx_word' id='word_1_98' title='bbox 182 600 306 628; x_wconf 67' lang='lat' dir='ltr'><strong>Elianus</strong></span> <span class='ocrx_word' id='word_1_99' title='bbox 328 599 473 634; x_wconf 81' lang='lat' dir='ltr'><strong>proconsul</strong></span> <span class='ocrx_word' id='word_1_100' title='bbox 488 599 630 626; x_wconf 66' lang='lat' dir='ltr'><strong>Caeciliano</strong></span> <span class='ocrx_word' id='word_1_101' title='bbox 645 599 710 625; x_wconf 82' lang='lat' dir='ltr'><strong>dixit</strong></span> <span class='ocrx_word' id='word_1_102' title='bbox 726 607 733 626; x_wconf 89' lang='lat'><strong>:</strong></span> <span class='ocrx_word' id='word_1_103' title='bbox 749 599 887 632; x_wconf 89' lang='lat' dir='ltr'><strong>Quomodo</strong></span> <span class='ocrx_word' id='word_1_104' title='bbox 902 598 933 625; x_wconf 88' lang='lat' dir='ltr'><strong>ad</strong></span> <span class='ocrx_word' id='word_1_105' title='bbox 950 603 976 626; x_wconf 90' lang='lat' dir='ltr'><strong>te</strong></span> 
     </span>
    </p>
   </div>
   <div class='ocr_carea' id='block_1_14' title="bbox 181 634 975 670">
    <p class='ocr_par' dir='ltr' id='par_1_14' title="bbox 181 634 975 670">
     <span class='ocr_line' id='line_1_15' title="bbox 181 634 975 670; baseline 0 -9"><span class='ocrx_word' id='word_1_106' title='bbox 181 635 257 663; x_wconf 82' lang='lat' dir='ltr'><strong>venit</strong></span> <span class='ocrx_word' id='word_1_107' title='bbox 269 634 423 670; x_wconf 75' lang='lat' dir='ltr'><strong>lngelltius?</strong></span> <span class='ocrx_word' id='word_1_108' title='bbox 438 634 596 662; x_wconf 65' lang='lat' dir='ltr'><strong>Caecilianus</strong></span> <span class='ocrx_word' id='word_1_109' title='bbox 617 634 753 670; x_wconf 81' lang='lat' dir='ltr'><strong>respondit</strong></span> <span class='ocrx_word' id='word_1_110' title='bbox 767 643 779 670; x_wconf 19' lang='lat'><strong>7:</strong></span> <span class='ocrx_word' id='word_1_111' title='bbox 794 634 869 661; x_wconf 85' lang='lat' dir='ltr'><strong>Domi</strong></span> <span class='ocrx_word' id='word_1_112' title='bbox 882 634 915 661; x_wconf 88' lang='lat' dir='ltr'><strong>ad</strong></span> <span class='ocrx_word' id='word_1_113' title='bbox 932 642 975 661; x_wconf 88' lang='lat' dir='ltr'><strong>me</strong></span> 
     </span>
    </p>
   </div>
   <div class='ocr_carea' id='block_1_15' title="bbox 181 669 976 705">
    <p class='ocr_par' dir='ltr' id='par_1_15' title="bbox 181 669 976 705">
     <span class='ocr_line' id='line_1_16' title="bbox 181 669 976 705; baseline -0.001 -7"><span class='ocrx_word' id='word_1_114' title='bbox 181 671 256 699; x_wconf 74' lang='lat' dir='ltr'><strong>venit</strong></span> <span class='ocrx_word' id='word_1_115' title='bbox 271 679 277 697; x_wconf 89' lang='lat'><strong>:</strong></span> <span class='ocrx_word' id='word_1_116' title='bbox 294 669 454 705; x_wconf 82' lang='lat' dir='ltr'><strong>prandeham</strong></span> <span class='ocrx_word' id='word_1_117' title='bbox 468 677 528 696; x_wconf 92' lang='lat' dir='ltr'><strong>cum</strong></span> <span class='ocrx_word' id='word_1_118' title='bbox 550 669 696 705; x_wconf 83' lang='lat' dir='ltr'><strong>operariis;</strong></span> <span class='ocrx_word' id='word_1_119' title='bbox 712 669 785 696; x_wconf 79' lang='lat' dir='ltr'><strong>venit</strong></span> <span class='ocrx_word' id='word_1_120' title='bbox 800 670 879 705; x_wconf 84' lang='lat' dir='ltr'><strong>illuc;</strong></span> <span class='ocrx_word' id='word_1_121' title='bbox 902 670 976 697; x_wconf 78' lang='lat' dir='ltr'><strong>stetit</strong></span> 
     </span>
    </p>
   </div>
   <div class='ocr_carea' id='block_1_16' title="bbox 183 704 972 741">
    <p class='ocr_par' dir='ltr' id='par_1_16' title="bbox 183 704 972 741">
     <span class='ocr_line' id='line_1_17' title="bbox 183 704 972 741; baseline -0.004 -7"><span class='ocrx_word' id='word_1_122' title='bbox 183 707 212 734; x_wconf 89' lang='lat' dir='ltr'><strong>in</strong></span> <span class='ocrx_word' id='word_1_123' title='bbox 231 704 323 741; x_wconf 87' lang='lat' dir='ltr'><strong>janua.</strong></span> <span class='ocrx_word' id='word_1_124' title='bbox 346 704 505 741; x_wconf 66' lang='lat' dir='ltr'><strong>Cascilianus</strong></span> <span class='ocrx_word' id='word_1_125' title='bbox 520 705 564 741; x_wconf 71' lang='lat' dir='ltr'><strong>tibi</strong></span> <span class='ocrx_word' id='word_1_126' title='bbox 577 705 634 732; x_wconf 87' lang='lat' dir='ltr'><strong>est?</strong></span> <span class='ocrx_word' id='word_1_127' title='bbox 648 704 723 732; x_wconf 83' lang='lat' dir='ltr'><strong>dixit.</strong></span> <span class='ocrx_word' id='word_1_128' title='bbox 740 704 874 741; x_wconf 61' lang='lat' dir='ltr'><strong>Respondi</strong></span> <span class='ocrx_word' id='word_1_129' title='bbox 891 705 972 741; x_wconf 20' lang='lat' dir='ltr'><strong>:rHic.</strong></span> 
     </span>
    </p>
   </div>
   <div class='ocr_carea' id='block_1_17' title="bbox 183 739 973 777">
    <p class='ocr_par' dir='ltr' id='par_1_17' title="bbox 183 739 973 777">
     <span class='ocr_line' id='line_1_18' title="bbox 183 739 973 777; baseline -0.003 -8"><span class='ocrx_word' id='word_1_130' title='bbox 183 739 240 777; x_wconf 78' lang='lat' dir='ltr'><strong>Ego</strong></span> <span class='ocrx_word' id='word_1_131' title='bbox 251 741 312 768; x_wconf 90' lang='lat' dir='ltr'><strong>dico</strong></span> <span class='ocrx_word' id='word_1_132' title='bbox 324 741 371 777; x_wconf 78' lang='lat' dir='ltr'><strong>ei:</strong></span> <span class='ocrx_word' id='word_1_133' title='bbox 386 739 454 777; x_wconf 84' lang='lat' dir='ltr'><strong>Quid</strong></span> <span class='ocrx_word' id='word_1_134' title='bbox 469 740 528 777; x_wconf 59' lang='lat' dir='ltr'><strong>est}</strong></span> <span class='ocrx_word' id='word_1_135' title='bbox 547 739 641 777; x_wconf 81' lang='lat' dir='ltr'><strong>Quiliia</strong></span> <span class='ocrx_word' id='word_1_136' title='bbox 662 740 753 777; x_wconf 70' lang='lat' dir='ltr'><strong>recte?</strong></span> <span class='ocrx_word' id='word_1_137' title='bbox 774 740 877 777; x_wconf 82' lang='lat' dir='ltr'><strong>Omnia,</strong></span> <span class='ocrx_word' id='word_1_138' title='bbox 899 740 973 777; x_wconf 82' lang='lat' dir='ltr'><strong>dicit.</strong></span> 
     </span>
    </p>
   </div>
   <div class='ocr_carea' id='block_1_18' title="bbox 182 774 972 811">
    <p class='ocr_par' dir='ltr' id='par_1_18' title="bbox 182 774 972 811">
     <span class='ocr_line' id='line_1_19' title="bbox 182 774 972 811; baseline -0.003 -6"><span class='ocrx_word' id='word_1_139' title='bbox 182 774 319 811; x_wconf 77' lang='lat' dir='ltr'><strong>Réspondi</strong></span> <span class='ocrx_word' id='word_1_140' title='bbox 333 776 369 803; x_wconf 90' lang='lat' dir='ltr'><strong>illi</strong></span> <span class='ocrx_word' id='word_1_141' title='bbox 382 784 387 801; x_wconf 93' lang='lat'>:</span> <span class='ocrx_word' id='word_1_142' title='bbox 399 775 426 803; x_wconf 85' lang='lat' dir='ltr'><strong>Si</strong></span> <span class='ocrx_word' id='word_1_143' title='bbox 442 783 494 803; x_wconf 90' lang='lat' dir='ltr'><strong>non</strong></span> <span class='ocrx_word' id='word_1_144' title='bbox 507 774 611 811; x_wconf 81' lang='lat' dir='ltr'><strong>fastidis</strong></span> <span class='ocrx_word' id='word_1_145' title='bbox 617 775 764 811; x_wconf 81' lang='lat' dir='ltr'><strong>prandere,</strong></span> <span class='ocrx_word' id='word_1_146' title='bbox 776 776 846 807; x_wconf 89' lang='lat' dir='ltr'><strong>velli,</strong></span> <span class='ocrx_word' id='word_1_147' title='bbox 862 775 972 811; x_wconf 89' lang='lat' dir='ltr'><strong>prande.</strong></span> 
     </span>
    </p>
   </div>
   <div class='ocr_carea' id='block_1_19' title="bbox 184 810 974 840">
    <p class='ocr_par' dir='ltr' id='par_1_19' title="bbox 184 810 974 840">
     <span class='ocr_line' id='line_1_20' title="bbox 184 810 974 840; baseline -0.003 0"><span class='ocrx_word' id='word_1_148' title='bbox 184 810 252 840; x_wconf 80' lang='lat' dir='ltr'><strong>Dicit</strong></span> <span class='ocrx_word' id='word_1_149' title='bbox 268 811 330 838; x_wconf 89' lang='lat' dir='ltr'><strong>nlilli</strong></span> <span class='ocrx_word' id='word_1_150' title='bbox 347 820 353 838; x_wconf 86' lang='lat'><strong>:</strong></span> <span class='ocrx_word' id='word_1_151' title='bbox 369 810 499 838; x_wconf 77' lang='lat' dir='ltr'><strong>Revertor</strong></span> <span class='ocrx_word' id='word_1_152' title='bbox 517 811 577 837; x_wconf 90' lang='lat' dir='ltr'><strong>huc.</strong></span> <span class='ocrx_word' id='word_1_153' title='bbox 604 810 682 838; x_wconf 86' lang='lat' dir='ltr'><strong>Venit</strong></span> <span class='ocrx_word' id='word_1_154' title='bbox 703 811 764 838; x_wconf 90' lang='lat' dir='ltr'><strong>illuc</strong></span> <span class='ocrx_word' id='word_1_155' title='bbox 780 811 863 838; x_wconf 88' lang='lat' dir='ltr'><strong>solus.</strong></span> <span class='ocrx_word' id='word_1_156' title='bbox 880 811 974 839; x_wconf 88' lang='lat' dir='ltr'><strong>Dicere</strong></span> 
     </span>
    </p>
   </div>
   <div class='ocr_carea' id='block_1_20' title="bbox 181 846 974 881">
    <p class='ocr_par' dir='ltr' id='par_1_20' title="bbox 181 846 974 881">
     <span class='ocr_line' id='line_1_21' title="bbox 181 846 974 881; baseline -0.001 -6"><span class='ocrx_word' id='word_1_157' title='bbox 181 847 248 876; x_wconf 87' lang='lat' dir='ltr'><strong>mihi</strong></span> <span class='ocrx_word' id='word_1_158' title='bbox 262 846 341 881; x_wconf 64' lang='lat' dir='ltr'><strong>coepit</strong></span> <span class='ocrx_word' id='word_1_159' title='bbox 356 855 362 872; x_wconf 87' lang='lat'><strong>:</strong></span> <span class='ocrx_word' id='word_1_160' title='bbox 379 846 448 873; x_wconf 82' lang='lat' dir='ltr'><strong>Ecce</strong></span> <span class='ocrx_word' id='word_1_161' title='bbox 473 846 511 872; x_wconf 79' lang='lat' dir='ltr'><strong>sic</strong></span> <span class='ocrx_word' id='word_1_162' title='bbox 532 846 597 873; x_wconf 89' lang='lat' dir='ltr'><strong>milli</strong></span> <span class='ocrx_word' id='word_1_163' title='bbox 616 853 711 873; x_wconf 89' lang='lat' dir='ltr'><strong>curare</strong></span> <span class='ocrx_word' id='word_1_164' title='bbox 734 850 761 873; x_wconf 90' lang='lat' dir='ltr'><strong>et</strong></span> <span class='ocrx_word' id='word_1_165' title='bbox 783 846 917 881; x_wconf 67' lang='lat' dir='ltr'><strong>inquirere</strong></span> <span class='ocrx_word' id='word_1_166' title='bbox 939 854 974 874; x_wconf 90' lang='lat' dir='ltr'><strong>an</strong></span> 
     </span>
    </p>
   </div>
   <div class='ocr_carea' id='block_1_21' title="bbox 184 880 974 916">
    <p class='ocr_par' dir='ltr' id='par_1_21' title="bbox 184 880 974 916">
     <span class='ocr_line' id='line_1_22' title="bbox 184 880 974 916; baseline -0.001 -6"><span class='ocrx_word' id='word_1_167' title='bbox 184 883 279 910; x_wconf 89' lang='lat' dir='ltr'><strong>adusta</strong></span> <span class='ocrx_word' id='word_1_168' title='bbox 296 880 373 909; x_wconf 76' lang='lat' dir='ltr'><strong>fuerit</strong></span> <span class='ocrx_word' id='word_1_169' title='bbox 386 880 522 916; x_wconf 88' lang='lat' dir='ltr'><strong>Scriptura</strong></span> <span class='ocrx_word' id='word_1_170' title='bbox 536 888 607 909; x_wconf 88' lang='lat' dir='ltr'><strong>anno</strong></span> <span class='ocrx_word' id='word_1_171' title='bbox 628 880 889 909; x_wconf 77' lang='lat' dir='ltr'><strong>dutlmviratiisnle‘t.</strong></span> <span class='ocrx_word' id='word_1_172' title='bbox 911 882 974 909; x_wconf 88' lang='lat' dir='ltr'><strong>Dico</strong></span> 
     </span>
    </p>
   </div>
   <div class='ocr_carea' id='block_1_22' title="bbox 182 915 973 953">
    <p class='ocr_par' dir='ltr' id='par_1_22' title="bbox 182 915 973 953">
     <span class='ocr_line' id='line_1_23' title="bbox 182 915 973 953; baseline -0.001 -8"><span class='ocrx_word' id='word_1_173' title='bbox 182 918 221 946; x_wconf 92' lang='lat' dir='ltr'><strong>illi</strong></span> <span class='ocrx_word' id='word_1_174' title='bbox 235 926 284 953; x_wconf 91' lang='lat' dir='ltr'><strong>ego</strong></span> <span class='ocrx_word' id='word_1_175' title='bbox 299 926 306 944; x_wconf 90' lang='lat'><strong>:</strong></span> <span class='ocrx_word' id='word_1_176' title='bbox 321 915 453 944; x_wconf 73' lang='lat' dir='ltr'><strong>Molestus</strong></span> <span class='ocrx_word' id='word_1_177' title='bbox 465 924 497 953; x_wconf 65' lang='lat' dir='ltr'><strong>es</strong></span> <span class='ocrx_word' id='word_1_178' title='bbox 516 916 597 953; x_wconf 69' lang='lat' dir='ltr'><strong>milli,</strong></span> <span class='ocrx_word' id='word_1_179' title='bbox 617 921 644 953; x_wconf 91' lang='lat' dir='ltr'><strong>tu</strong></span> <span class='ocrx_word' id='word_1_180' title='bbox 669 915 750 943; x_wconf 83' lang='lat' dir='ltr'><strong>hoino</strong></span> <span class='ocrx_word' id='word_1_181' title='bbox 774 917 908 953; x_wconf 79' lang='lat' dir='ltr'><strong>ilntil&#39;tssus</strong></span> <span class='ocrx_word' id='word_1_182' title='bbox 921 924 951 944; x_wconf 89' lang='lat' dir='ltr'><strong>es</strong></span> <span class='ocrx_word' id='word_1_183' title='bbox 965 926 973 944; x_wconf 87' lang='lat'>:</span> 
     </span>
    </p>
   </div>
   <div class='ocr_carea' id='block_1_23' title="bbox 182 951 974 986">
    <p class='ocr_par' dir='ltr' id='par_1_23' title="bbox 182 951 974 986">
     <span class='ocr_line' id='line_1_24' title="bbox 182 951 974 986; baseline -0.003 -5"><span class='ocrx_word' id='word_1_184' title='bbox 182 953 242 982; x_wconf 87' lang='lat' dir='ltr'><strong>laxa</strong></span> <span class='ocrx_word' id='word_1_185' title='bbox 253 951 318 980; x_wconf 85' lang='lat' dir='ltr'><strong>liiltc</strong></span> <span class='ocrx_word' id='word_1_186' title='bbox 329 957 354 979; x_wconf 92' lang='lat' dir='ltr'><strong>te</strong></span> <span class='ocrx_word' id='word_1_187' title='bbox 365 960 380 979; x_wconf 91' lang='lat' dir='ltr'><strong>a</strong></span> <span class='ocrx_word' id='word_1_188' title='bbox 396 959 448 979; x_wconf 86' lang='lat' dir='ltr'><strong>ilic.</strong></span> <span class='ocrx_word' id='word_1_189' title='bbox 464 951 499 979; x_wconf 89' lang='lat' dir='ltr'><strong>Et</strong></span> <span class='ocrx_word' id='word_1_190' title='bbox 512 952 600 986; x_wconf 88' lang='lat' dir='ltr'><strong>sprcvi</strong></span> <span class='ocrx_word' id='word_1_191' title='bbox 614 952 688 979; x_wconf 72' lang='lat' dir='ltr'><strong>illiilli</strong></span> <span class='ocrx_word' id='word_1_192' title='bbox 704 960 718 978; x_wconf 90' lang='lat' dir='ltr'><strong>a</strong></span> <span class='ocrx_word' id='word_1_193' title='bbox 734 960 785 979; x_wconf 83' lang='lat' dir='ltr'><strong>illo.</strong></span> <span class='ocrx_word' id='word_1_194' title='bbox 797 952 830 979; x_wconf 81' lang='lat' dir='ltr'><strong>Et</strong></span> <span class='ocrx_word' id='word_1_195' title='bbox 846 953 915 979; x_wconf 87' lang='lat' dir='ltr'><strong>lenit</strong></span> <span class='ocrx_word' id='word_1_196' title='bbox 928 953 974 980; x_wconf 78' lang='lat' dir='ltr'><strong>illo</strong></span> 
     </span>
    </p>
   </div>
   <div class='ocr_carea' id='block_1_24' title="bbox 181 987 975 1022">
    <p class='ocr_par' dir='ltr' id='par_1_24' title="bbox 181 987 975 1022">
     <span class='ocr_line' id='line_1_25' title="bbox 181 987 975 1022; baseline -0.004 -5"><span class='ocrx_word' id='word_1_197' title='bbox 181 989 278 1017; x_wconf 87' lang='lat' dir='ltr'><strong>iterato</strong></span> <span class='ocrx_word' id='word_1_198' title='bbox 300 995 360 1015; x_wconf 91' lang='lat' dir='ltr'><strong>cum</strong></span> <span class='ocrx_word' id='word_1_199' title='bbox 380 987 481 1022; x_wconf 77' lang='lat' dir='ltr'><strong>collega</strong></span> <span class='ocrx_word' id='word_1_200' title='bbox 503 995 578 1022; x_wconf 22' lang='lat' dir='ltr'><strong>Vnieo,</strong></span> <span class='ocrx_word' id='word_1_201' title='bbox 601 995 662 1014; x_wconf 90' lang='lat' dir='ltr'><strong>cum</strong></span> <span class='ocrx_word' id='word_1_202' title='bbox 684 995 737 1022; x_wconf 88' lang='lat' dir='ltr'><strong>quo</strong></span> <span class='ocrx_word' id='word_1_203' title='bbox 760 987 796 1014; x_wconf 78' lang='lat' dir='ltr'><strong>fui</strong></span> <span class='ocrx_word' id='word_1_204' title='bbox 819 988 914 1015; x_wconf 77' lang='lat' dir='ltr'><strong>:rdilis.</strong></span> <span class='ocrx_word' id='word_1_205' title='bbox 932 989 975 1015; x_wconf 85' lang='lat' dir='ltr'><strong>Ait</strong></span> 
     </span>
    </p>
   </div>
   <div class='ocr_carea' id='block_1_25' title="bbox 181 1021 974 1057">
    <p class='ocr_par' dir='ltr' id='par_1_25' title="bbox 181 1021 974 1057">
     <span class='ocr_line' id='line_1_26' title="bbox 181 1021 974 1057; baseline 0 -6"><span class='ocrx_word' id='word_1_206' title='bbox 181 1023 248 1052; x_wconf 88' lang='lat' dir='ltr'><strong>mihi</strong></span> <span class='ocrx_word' id='word_1_207' title='bbox 262 1023 363 1057; x_wconf 80' lang='lat' dir='ltr'><strong>collega</strong></span> <span class='ocrx_word' id='word_1_208' title='bbox 379 1021 476 1049; x_wconf 78' lang='lat' dir='ltr'><strong>meus:</strong></span> <span class='ocrx_word' id='word_1_209' title='bbox 492 1021 565 1049; x_wconf 82' lang='lat' dir='ltr'><strong>Felix</strong></span> <span class='ocrx_word' id='word_1_210' title='bbox 582 1028 674 1050; x_wconf 88' lang='lat' dir='ltr'><strong>noster</strong></span> <span class='ocrx_word' id='word_1_211' title='bbox 686 1021 827 1057; x_wconf 78' lang='lat' dir='ltr'><strong>episcopus</strong></span> <span class='ocrx_word' id='word_1_212' title='bbox 839 1023 911 1050; x_wconf 70' lang='lat' dir='ltr'><strong>misit</strong></span> <span class='ocrx_word' id='word_1_213' title='bbox 923 1023 974 1051; x_wconf 89' lang='lat' dir='ltr'><strong>huc</strong></span> 
     </span>
    </p>
   </div>
   <div class='ocr_carea' id='block_1_26' title="bbox 181 1057 974 1093">
    <p class='ocr_par' dir='ltr' id='par_1_26' title="bbox 181 1057 974 1093">
     <span class='ocr_line' id='line_1_27' title="bbox 181 1057 974 1093; baseline -0.003 -6"><span class='ocrx_word' id='word_1_214' title='bbox 181 1059 330 1091; x_wconf 78' lang='lat' dir='ltr'><strong>hominem,</strong></span> <span class='ocrx_word' id='word_1_215' title='bbox 348 1062 374 1085; x_wconf 92' lang='lat' dir='ltr'><strong>ul</strong></span> <span class='ocrx_word' id='word_1_216' title='bbox 390 1058 471 1085; x_wconf 76' lang='lat' dir='ltr'><strong>iacias</strong></span> <span class='ocrx_word' id='word_1_217' title='bbox 490 1057 529 1084; x_wconf 90' lang='lat' dir='ltr'><strong>illi</strong></span> <span class='ocrx_word' id='word_1_218' title='bbox 549 1058 662 1091; x_wconf 88' lang='lat' dir='ltr'><strong>litteras,</strong></span> <span class='ocrx_word' id='word_1_219' title='bbox 676 1058 736 1093; x_wconf 91' lang='lat' dir='ltr'><strong>quia</strong></span> <span class='ocrx_word' id='word_1_220' title='bbox 750 1059 850 1092; x_wconf 76' lang='lat' dir='ltr'><strong>accepit</strong></span> <span class='ocrx_word' id='word_1_221' title='bbox 866 1058 974 1086; x_wconf 89' lang='lat' dir='ltr'><strong>codices</strong></span> 
     </span>
    </p>
   </div>
   <div class='ocr_carea' id='block_1_27' title="bbox 182 1093 974 1131">
    <p class='ocr_par' dir='ltr' id='par_1_27' title="bbox 182 1093 974 1131">
     <span class='ocr_line' id='line_1_28' title="bbox 182 1093 974 1131; baseline 0 -10"><span class='ocrx_word' id='word_1_222' title='bbox 182 1095 323 1131; x_wconf 75' lang='lat' dir='ltr'><strong>pretiosos,</strong></span> <span class='ocrx_word' id='word_1_223' title='bbox 335 1097 363 1120; x_wconf 87' lang='lat' dir='ltr'><strong>et</strong></span> <span class='ocrx_word' id='word_1_224' title='bbox 373 1093 459 1131; x_wconf 81' lang='lat' dir='ltr'><strong>noluit</strong></span> <span class='ocrx_word' id='word_1_225' title='bbox 473 1094 669 1131; x_wconf 35' lang='lat' dir='ltr'><strong>revocal&#39;e‘illos</strong></span> <span class='ocrx_word' id='word_1_226' title='bbox 680 1102 686 1119; x_wconf 71' lang='grc' dir='ltr'><strong>ε</strong></span> <span class='ocrx_word' id='word_1_227' title='bbox 700 1094 801 1131; x_wconf 75' lang='lat' dir='ltr'><strong>scribas</strong></span> <span class='ocrx_word' id='word_1_228' title='bbox 816 1094 859 1131; x_wconf 76' lang='lat' dir='ltr'><strong>illo</strong></span> <span class='ocrx_word' id='word_1_229' title='bbox 870 1093 890 1131; x_wconf 60' lang='lat'><strong>3,</strong></span> <span class='ocrx_word' id='word_1_230' title='bbox 903 1094 974 1128; x_wconf 89' lang='lat' dir='ltr'><strong>quod</strong></span> 
     </span>
    </p>
   </div>
   <div class='ocr_carea' id='block_1_28' title="bbox 181 1128 972 1157">
    <p class='ocr_par' dir='ltr' id='par_1_28' title="bbox 181 1128 972 1157">
     <span class='ocr_line' id='line_1_29' title="bbox 181 1128 972 1157; baseline -0.001 0"><span class='ocrx_word' id='word_1_231' title='bbox 181 1128 253 1157; x_wconf 68' lang='lat' dir='ltr'><strong>anno</strong></span> <span class='ocrx_word' id='word_1_232' title='bbox 272 1128 455 1157; x_wconf 84' lang='lat' dir='ltr'><strong>tluumvirattls</strong></span> <span class='ocrx_word' id='word_1_233' title='bbox 480 1129 516 1155; x_wconf 92' lang='lat' dir='ltr'><strong>tui</strong></span> <span class='ocrx_word' id='word_1_234' title='bbox 539 1128 671 1156; x_wconf 85' lang='lat' dir='ltr'><strong>combusti</strong></span> <span class='ocrx_word' id='word_1_235' title='bbox 685 1133 756 1156; x_wconf 91' lang='lat' dir='ltr'><strong>sunt.</strong></span> <span class='ocrx_word' id='word_1_236' title='bbox 780 1129 813 1156; x_wconf 88' lang='lat' dir='ltr'><strong>Et</strong></span> <span class='ocrx_word' id='word_1_237' title='bbox 833 1129 887 1156; x_wconf 84' lang='lat' dir='ltr'><strong>dixi</strong></span> <span class='ocrx_word' id='word_1_238' title='bbox 900 1136 972 1157; x_wconf 65' lang='lat' dir='ltr'><strong>ego:</strong></span> 
     </span>
    </p>
   </div>
   <div class='ocr_carea' id='block_1_29' title="bbox 182 1163 974 1199">
    <p class='ocr_par' dir='ltr' id='par_1_29' title="bbox 182 1163 974 1199">
     <span class='ocr_line' id='line_1_30' title="bbox 182 1163 974 1199; baseline -0.003 -6"><span class='ocrx_word' id='word_1_239' title='bbox 182 1165 247 1193; x_wconf 65' lang='lat' dir='ltr'><strong>Haec</strong></span> <span class='ocrx_word' id='word_1_240' title='bbox 263 1169 305 1192; x_wconf 79' lang='lat' dir='ltr'><strong>est</strong></span> <span class='ocrx_word' id='word_1_241' title='bbox 327 1164 393 1191; x_wconf 89' lang='lat' dir='ltr'><strong>lides</strong></span> <span class='ocrx_word' id='word_1_242' title='bbox 410 1163 643 1191; x_wconf 60' lang='lat' dir='ltr'><strong>Cllristiant‘muln?</strong></span> <span class='ocrx_word' id='word_1_243' title='bbox 663 1163 798 1199; x_wconf 89' lang='lat' dir='ltr'><strong>lngentius</strong></span> <span class='ocrx_word' id='word_1_244' title='bbox 816 1164 901 1192; x_wconf 81' lang='lat' dir='ltr'><strong>dixit:</strong></span> <span class='ocrx_word' id='word_1_245' title='bbox 919 1163 974 1191; x_wconf 86' lang='lat' dir='ltr'><strong>Do-</strong></span> 
     </span>
    </p>
   </div>
   <div class='ocr_carea' id='block_1_30' title="bbox 182 1199 972 1234">
    <p class='ocr_par' dir='ltr' id='par_1_30' title="bbox 182 1199 972 1234">
     <span class='ocr_line' id='line_1_31' title="bbox 182 1199 972 1234; baseline -0.003 -5"><span class='ocrx_word' id='word_1_246' title='bbox 182 1201 264 1231; x_wconf 82' lang='lat' dir='ltr'><strong>mine.</strong></span> <span class='ocrx_word' id='word_1_247' title='bbox 288 1200 375 1227; x_wconf 78' lang='lat' dir='ltr'><strong>veniat</strong></span> <span class='ocrx_word' id='word_1_248' title='bbox 393 1205 419 1226; x_wconf 92' lang='lat' dir='ltr'><strong>et</strong></span> <span class='ocrx_word' id='word_1_249' title='bbox 433 1200 589 1234; x_wconf 82' lang='lat' dir='ltr'><strong>Atigentius.</strong></span> <span class='ocrx_word' id='word_1_250' title='bbox 605 1199 638 1226; x_wconf 89' lang='lat' dir='ltr'><strong>Et</strong></span> <span class='ocrx_word' id='word_1_251' title='bbox 655 1207 704 1234; x_wconf 86' lang='lat' dir='ltr'><strong>ego</strong></span> <span class='ocrx_word' id='word_1_252' title='bbox 727 1199 887 1227; x_wconf 88' lang='lat' dir='ltr'><strong>honorilicus</strong></span> <span class='ocrx_word' id='word_1_253' title='bbox 902 1207 972 1233; x_wconf 88' lang='lat' dir='ltr'><strong>sum,</strong></span> 
     </span>
    </p>
   </div>
   <div class='ocr_carea' id='block_1_31' title="bbox 182 1234 973 1269">
    <p class='ocr_par' dir='ltr' id='par_1_31' title="bbox 182 1234 973 1269">
     <span class='ocr_line' id='line_1_32' title="bbox 182 1234 973 1269; baseline 0.001 -7"><span class='ocrx_word' id='word_1_254' title='bbox 182 1241 212 1263; x_wconf 90' lang='lat' dir='ltr'><strong>et</strong></span> <span class='ocrx_word' id='word_1_255' title='bbox 236 1236 321 1262; x_wconf 86' lang='lat' dir='ltr'><strong>honor</strong></span> <span class='ocrx_word' id='word_1_256' title='bbox 347 1241 423 1261; x_wconf 87' lang='lat' dir='ltr'><strong>meus</strong></span> <span class='ocrx_word' id='word_1_257' title='bbox 445 1238 547 1269; x_wconf 85' lang='lat' dir='ltr'><strong>pereat,</strong></span> <span class='ocrx_word' id='word_1_258' title='bbox 574 1239 601 1262; x_wconf 94' lang='lat' dir='ltr'><strong>et</strong></span> <span class='ocrx_word' id='word_1_259' title='bbox 624 1234 702 1269; x_wconf 86' lang='lat' dir='ltr'><strong>hujus</strong></span> <span class='ocrx_word' id='word_1_260' title='bbox 728 1235 810 1262; x_wconf 91' lang='lat' dir='ltr'><strong>latera</strong></span> <span class='ocrx_word' id='word_1_261' title='bbox 833 1234 973 1263; x_wconf 74' lang='lat' dir='ltr'><strong>habemus.</strong></span> 
     </span>
    </p>
   </div>
   <div class='ocr_carea' id='block_1_32' title="bbox 181 1268 972 1304">
    <p class='ocr_par' dir='ltr' id='par_1_32' title="bbox 181 1268 972 1304">
     <span class='ocr_line' id='line_1_33' title="bbox 181 1268 972 1304; baseline -0.003 -5"><span class='ocrx_word' id='word_1_262' title='bbox 181 1270 304 1299; x_wconf 52' lang='lat' dir='ltr'><strong>(Elianns</strong></span> <span class='ocrx_word' id='word_1_263' title='bbox 327 1268 467 1303; x_wconf 82' lang='lat' dir='ltr'><strong>proconsul</strong></span> <span class='ocrx_word' id='word_1_264' title='bbox 491 1268 611 1304; x_wconf 82' lang='lat' dir='ltr'><strong>lligeillio</strong></span> <span class='ocrx_word' id='word_1_265' title='bbox 633 1268 700 1297; x_wconf 82' lang='lat' dir='ltr'><strong>dixit</strong></span> <span class='ocrx_word' id='word_1_266' title='bbox 720 1279 726 1295; x_wconf 91' lang='lat'><strong>:</strong></span> <span class='ocrx_word' id='word_1_267' title='bbox 747 1270 903 1298; x_wconf 77' lang='lat' dir='ltr'><strong>Reviltneris</strong></span> <span class='ocrx_word' id='word_1_268' title='bbox 917 1270 972 1297; x_wconf 85' lang='lat' dir='ltr'><strong>alio</strong></span> 
     </span>
    </p>
   </div>
   <div class='ocr_carea' id='block_1_33' title="bbox 182 1304 974 1341">
    <p class='ocr_par' dir='ltr' id='par_1_33' title="bbox 182 1304 974 1341">
     <span class='ocr_line' id='line_1_34' title="bbox 182 1304 974 1341; baseline 0 -8"><span class='ocrx_word' id='word_1_269' title='bbox 182 1307 270 1333; x_wconf 89' lang='lat' dir='ltr'><strong>titulo.</strong></span> <span class='ocrx_word' id='word_1_270' title='bbox 295 1304 417 1332; x_wconf 63' lang='lat' dir='ltr'><strong>Albanus</strong></span> <span class='ocrx_word' id='word_1_271' title='bbox 436 1305 581 1341; x_wconf 86' lang='lat' dir='ltr'><strong>proconsul</strong></span> <span class='ocrx_word' id='word_1_272' title='bbox 594 1305 673 1341; x_wconf 30' lang='lat' dir='ltr'><strong>idixit</strong></span> <span class='ocrx_word' id='word_1_273' title='bbox 693 1305 726 1332; x_wconf 90' lang='lat' dir='ltr'><strong>ad</strong></span> <span class='ocrx_word' id='word_1_274' title='bbox 747 1305 868 1333; x_wconf 83' lang='lat' dir='ltr'><strong>Ofﬁcium</strong></span> <span class='ocrx_word' id='word_1_275' title='bbox 885 1307 974 1340; x_wconf 88' lang='lat' dir='ltr'><strong>:Apta</strong></span> 
     </span>
    </p>
   </div>
   <div class='ocr_carea' id='block_1_34' title="bbox 182 1340 972 1376">
    <p class='ocr_par' dir='ltr' id='par_1_34' title="bbox 182 1340 972 1376">
     <span class='ocr_line' id='line_1_35' title="bbox 182 1340 972 1376; baseline -0.001 -7"><span class='ocrx_word' id='word_1_276' title='bbox 182 1342 267 1369; x_wconf 88' lang='lat' dir='ltr'><strong>illum.</strong></span> <span class='ocrx_word' id='word_1_277' title='bbox 281 1341 409 1376; x_wconf 76' lang='lat' dir='ltr'><strong>Cumque</strong></span> <span class='ocrx_word' id='word_1_278' title='bbox 420 1340 566 1374; x_wconf 81' lang='lat' dir='ltr'><strong>aptaretur,</strong></span> <span class='ocrx_word' id='word_1_279' title='bbox 582 1340 703 1368; x_wconf 65' lang='lat' dir='ltr'><strong>Elianus</strong></span> <span class='ocrx_word' id='word_1_280' title='bbox 722 1341 864 1376; x_wconf 89' lang='lat' dir='ltr'><strong>proconsul</strong></span> <span class='ocrx_word' id='word_1_281' title='bbox 883 1341 949 1368; x_wconf 89' lang='lat' dir='ltr'><strong>dixit</strong></span> <span class='ocrx_word' id='word_1_282' title='bbox 965 1350 972 1369; x_wconf 92' lang='lat'><strong>:</strong></span> 
     </span>
    </p>
   </div>
   <div class='ocr_carea' id='block_1_35' title="bbox 180 1375 974 1412">
    <p class='ocr_par' dir='ltr' id='par_1_35' title="bbox 180 1375 974 1412">
     <span class='ocr_line' id='line_1_36' title="bbox 180 1375 974 1412; baseline 0 -8"><span class='ocrx_word' id='word_1_283' title='bbox 180 1375 374 1412; x_wconf 68' lang='lat' dir='ltr'><strong>Sllspclldatur.</strong></span> <span class='ocrx_word' id='word_1_284' title='bbox 395 1375 514 1412; x_wconf 83' lang='lat' dir='ltr'><strong>Cumque</strong></span> <span class='ocrx_word' id='word_1_285' title='bbox 528 1375 744 1412; x_wconf 58' lang='lat' dir='ltr'><strong>suspenderetul},</strong></span> <span class='ocrx_word' id='word_1_286' title='bbox 767 1376 888 1404; x_wconf 63' lang='lat' dir='ltr'><strong>Elinlltis</strong></span> <span class='ocrx_word' id='word_1_287' title='bbox 911 1385 974 1412; x_wconf 89' lang='lat' dir='ltr'><strong>pro-</strong></span> 
     </span>
    </p>
   </div>
   <div class='ocr_carea' id='block_1_36' title="bbox 180 1411 974 1447">
    <p class='ocr_par' dir='ltr' id='par_1_36' title="bbox 180 1411 974 1447">
     <span class='ocr_line' id='line_1_37' title="bbox 180 1411 974 1447; baseline 0 -8"><span class='ocrx_word' id='word_1_288' title='bbox 180 1411 275 1440; x_wconf 79' lang='lat' dir='ltr'><strong>consul</strong></span> <span class='ocrx_word' id='word_1_289' title='bbox 287 1411 429 1439; x_wconf 74' lang='lat' dir='ltr'><strong>Cmciliano</strong></span> <span class='ocrx_word' id='word_1_290' title='bbox 442 1411 509 1447; x_wconf 83' lang='lat' dir='ltr'><strong>dixit</strong></span> <span class='ocrx_word' id='word_1_291' title='bbox 524 1420 529 1437; x_wconf 95' lang='lat'><strong>:</strong></span> <span class='ocrx_word' id='word_1_292' title='bbox 545 1411 685 1447; x_wconf 86' lang='lat' dir='ltr'><strong>Quomodo</strong></span> <span class='ocrx_word' id='word_1_293' title='bbox 698 1411 730 1438; x_wconf 84' lang='lat' dir='ltr'><strong>ad</strong></span> <span class='ocrx_word' id='word_1_294' title='bbox 745 1417 770 1439; x_wconf 90' lang='lat' dir='ltr'><strong>te</strong></span> <span class='ocrx_word' id='word_1_295' title='bbox 784 1411 919 1447; x_wconf 86' lang='lat' dir='ltr'><strong>lugentius</strong></span> <span class='ocrx_word' id='word_1_296' title='bbox 932 1420 974 1439; x_wconf 63' lang='lat' dir='ltr'><strong>ve&lt;</strong></span> 
     </span>
    </p>
   </div>
   <div class='ocr_carea' id='block_1_37' title="bbox 180 1446 973 1481">
    <p class='ocr_par' dir='ltr' id='par_1_37' title="bbox 180 1446 973 1481">
     <span class='ocr_line' id='line_1_38' title="bbox 180 1446 973 1481; baseline 0 -6"><span class='ocrx_word' id='word_1_297' title='bbox 180 1448 241 1476; x_wconf 73' lang='lat' dir='ltr'><strong>nit?</strong></span> <span class='ocrx_word' id='word_1_298' title='bbox 255 1446 402 1481; x_wconf 79' lang='lat' dir='ltr'><strong>Respondit</strong></span> <span class='ocrx_word' id='word_1_299' title='bbox 418 1455 424 1473; x_wconf 91' lang='lat'><strong>:</strong></span> <span class='ocrx_word' id='word_1_300' title='bbox 450 1446 521 1473; x_wconf 85' lang='lat' dir='ltr'><strong>Misit</strong></span> <span class='ocrx_word' id='word_1_301' title='bbox 535 1447 587 1473; x_wconf 84' lang='lat' dir='ltr'><strong>huc</strong></span> <span class='ocrx_word' id='word_1_302' title='bbox 606 1454 649 1473; x_wconf 88' lang='lat' dir='ltr'><strong>me</strong></span> <span class='ocrx_word' id='word_1_303' title='bbox 664 1446 749 1480; x_wconf 82' lang='lat' dir='ltr'><strong>Felix,</strong></span> <span class='ocrx_word' id='word_1_304' title='bbox 772 1446 848 1481; x_wconf 82' lang='lat' dir='ltr'><strong>dixit,</strong></span> <span class='ocrx_word' id='word_1_305' title='bbox 871 1452 973 1481; x_wconf 88' lang='lat' dir='ltr'><strong>noster,</strong></span> 
     </span>
    </p>
   </div>
   <div class='ocr_carea' id='block_1_38' title="bbox 180 1481 975 1518">
    <p class='ocr_par' dir='ltr' id='par_1_38' title="bbox 180 1481 975 1518">
     <span class='ocr_line' id='line_1_39' title="bbox 180 1481 975 1518; baseline 0 -8"><span class='ocrx_word' id='word_1_306' title='bbox 180 1488 213 1510; x_wconf 89' lang='lat' dir='ltr'><strong>ut</strong></span> <span class='ocrx_word' id='word_1_307' title='bbox 225 1483 326 1510; x_wconf 87' lang='lat' dir='ltr'><strong>scribas</strong></span> <span class='ocrx_word' id='word_1_308' title='bbox 342 1482 387 1510; x_wconf 87' lang='lat' dir='ltr'><strong>illo</strong></span> <span class='ocrx_word' id='word_1_309' title='bbox 395 1481 416 1514; x_wconf 73' lang='grc'><strong>⁸,</strong></span> <span class='ocrx_word' id='word_1_310' title='bbox 430 1482 489 1518; x_wconf 83' lang='lat' dir='ltr'><strong>quia</strong></span> <span class='ocrx_word' id='word_1_311' title='bbox 501 1486 542 1509; x_wconf 86' lang='lat' dir='ltr'><strong>est</strong></span> <span class='ocrx_word' id='word_1_312' title='bbox 556 1489 624 1518; x_wconf 86' lang='lat' dir='ltr'><strong>unus</strong></span> <span class='ocrx_word' id='word_1_313' title='bbox 634 1482 754 1517; x_wconf 88' lang='lat' dir='ltr'><strong>perditus</strong></span> <span class='ocrx_word' id='word_1_314' title='bbox 764 1484 854 1510; x_wconf 91' lang='lat' dir='ltr'><strong>nescio</strong></span> <span class='ocrx_word' id='word_1_315' title='bbox 864 1483 919 1518; x_wconf 85' lang='lat' dir='ltr'><strong>qui.</strong></span> <span class='ocrx_word' id='word_1_316' title='bbox 932 1484 975 1511; x_wconf 85' lang='lat' dir='ltr'><strong>lia-</strong></span> 
     </span>
    </p>
   </div>
   <div class='ocr_carea' id='block_1_39' title="bbox 180 1516 973 1552">
    <p class='ocr_par' dir='ltr' id='par_1_39' title="bbox 180 1516 973 1552">
     <span class='ocr_line' id='line_1_40' title="bbox 180 1516 973 1552; baseline 0.001 -7"><span class='ocrx_word' id='word_1_317' title='bbox 180 1518 249 1545; x_wconf 83' lang='lat' dir='ltr'><strong>belts</strong></span> <span class='ocrx_word' id='word_1_318' title='bbox 260 1525 342 1552; x_wconf 87' lang='lat' dir='ltr'><strong>penes</strong></span> <span class='ocrx_word' id='word_1_319' title='bbox 357 1524 400 1552; x_wconf 82' lang='lat' dir='ltr'><strong>me</strong></span> <span class='ocrx_word' id='word_1_320' title='bbox 414 1516 520 1544; x_wconf 84' lang='lat' dir='ltr'><strong>codices</strong></span> <span class='ocrx_word' id='word_1_321' title='bbox 533 1516 673 1552; x_wconf 82' lang='lat' dir='ltr'><strong>pretiosos,</strong></span> <span class='ocrx_word' id='word_1_322' title='bbox 694 1522 721 1545; x_wconf 89' lang='lat' dir='ltr'><strong>et</strong></span> <span class='ocrx_word' id='word_1_323' title='bbox 743 1518 805 1545; x_wconf 93' lang='lat' dir='ltr'><strong>nolo</strong></span> <span class='ocrx_word' id='word_1_324' title='bbox 820 1516 880 1546; x_wconf 78' lang='lat' dir='ltr'><strong>illos</strong></span> <span class='ocrx_word' id='word_1_325' title='bbox 894 1519 973 1546; x_wconf 88' lang='lat' dir='ltr'><strong>resti-</strong></span> 
     </span>
    </p>
   </div>
   <div class='ocr_carea' id='block_1_40' title="bbox 181 1551 974 1587">
    <p class='ocr_par' dir='ltr' id='par_1_40' title="bbox 181 1551 974 1587">
     <span class='ocr_line' id='line_1_41' title="bbox 181 1551 974 1587; baseline 0 -6"><span class='ocrx_word' id='word_1_326' title='bbox 181 1551 268 1581; x_wconf 75' lang='lat' dir='ltr'><strong>tuere.</strong></span> <span class='ocrx_word' id='word_1_327' title='bbox 283 1553 372 1587; x_wconf 80' lang='lat' dir='ltr'><strong>Itaque</strong></span> <span class='ocrx_word' id='word_1_328' title='bbox 387 1551 427 1578; x_wconf 83' lang='lat' dir='ltr'><strong>lac</strong></span> <span class='ocrx_word' id='word_1_329' title='bbox 441 1551 550 1587; x_wconf 82' lang='lat' dir='ltr'><strong>litteras,</strong></span> <span class='ocrx_word' id='word_1_330' title='bbox 560 1553 621 1587; x_wconf 88' lang='lat' dir='ltr'><strong>quia</strong></span> <span class='ocrx_word' id='word_1_331' title='bbox 631 1552 717 1581; x_wconf 69' lang='lat' dir='ltr'><strong>adus&#39;i</strong></span> <span class='ocrx_word' id='word_1_332' title='bbox 727 1558 798 1586; x_wconf 85' lang='lat' dir='ltr'><strong>sunt,</strong></span> <span class='ocrx_word' id='word_1_333' title='bbox 808 1562 842 1581; x_wconf 92' lang='lat' dir='ltr'><strong>ne</strong></span> <span class='ocrx_word' id='word_1_334' title='bbox 852 1561 974 1582; x_wconf 86' lang='lat' dir='ltr'><strong>revocem</strong></span> 
     </span>
    </p>
   </div>
   <div class='ocr_carea' id='block_1_41' title="bbox 181 1586 974 1624">
    <p class='ocr_par' dir='ltr' id='par_1_41' title="bbox 181 1586 974 1624">
     <span class='ocr_line' id='line_1_42' title="bbox 181 1586 974 1624; baseline 0.001 -8"><span class='ocrx_word' id='word_1_335' title='bbox 181 1589 253 1624; x_wconf 83' lang='lat' dir='ltr'><strong>illos.</strong></span> <span class='ocrx_word' id='word_1_336' title='bbox 270 1589 301 1616; x_wconf 84' lang='lat' dir='ltr'><strong>Et</strong></span> <span class='ocrx_word' id='word_1_337' title='bbox 315 1586 364 1624; x_wconf 73' lang='lat' dir='ltr'><strong>ego</strong></span> <span class='ocrx_word' id='word_1_338' title='bbox 377 1587 452 1624; x_wconf 80' lang='lat' dir='ltr'><strong>dixi;</strong></span> <span class='ocrx_word' id='word_1_339' title='bbox 467 1586 608 1624; x_wconf 72' lang='lat' dir='ltr'><strong>Christiani</strong></span> <span class='ocrx_word' id='word_1_340' title='bbox 624 1587 691 1615; x_wconf 87' lang='lat' dir='ltr'><strong>ﬁdes</strong></span> <span class='ocrx_word' id='word_1_341' title='bbox 709 1588 766 1616; x_wconf 70' lang='lat' dir='ltr'><strong>llazc</strong></span> <span class='ocrx_word' id='word_1_342' title='bbox 778 1589 841 1616; x_wconf 86' lang='lat' dir='ltr'><strong>est?</strong></span> <span class='ocrx_word' id='word_1_343' title='bbox 859 1589 893 1616; x_wconf 89' lang='lat' dir='ltr'><strong>Et</strong></span> <span class='ocrx_word' id='word_1_344' title='bbox 905 1589 974 1624; x_wconf 74' lang='grc' dir='ltr'><strong>εωρί</strong></span> 
     </span>
    </p>
   </div>
   <div class='ocr_carea' id='block_1_42' title="bbox 180 1623 974 1659">
    <p class='ocr_par' dir='ltr' id='par_1_42' title="bbox 180 1623 974 1659">
     <span class='ocr_line' id='line_1_43' title="bbox 180 1623 974 1659; baseline 0 -7"><span class='ocrx_word' id='word_1_345' title='bbox 180 1623 257 1652; x_wconf 80' lang='lat' dir='ltr'><strong>illum</strong></span> <span class='ocrx_word' id='word_1_346' title='bbox 269 1623 413 1659; x_wconf 64' lang='lat' dir='ltr'><strong>Corripere.</strong></span> <span class='ocrx_word' id='word_1_347' title='bbox 422 1623 463 1659; x_wconf 75' lang='lat' dir='ltr'><strong>Et</strong></span> <span class='ocrx_word' id='word_1_348' title='bbox 476 1623 514 1650; x_wconf 86' lang='lat' dir='ltr'><strong>ait</strong></span> <span class='ocrx_word' id='word_1_349' title='bbox 524 1623 625 1659; x_wconf 83' lang='lat' dir='ltr'><strong>collega</strong></span> <span class='ocrx_word' id='word_1_350' title='bbox 636 1631 713 1651; x_wconf 91' lang='lat' dir='ltr'><strong>meus</strong></span> <span class='ocrx_word' id='word_1_351' title='bbox 725 1633 731 1651; x_wconf 76' lang='grc' dir='ltr'>ε</span> <span class='ocrx_word' id='word_1_352' title='bbox 744 1624 835 1652; x_wconf 89' lang='lat' dir='ltr'><strong>Scribe</strong></span> <span class='ocrx_word' id='word_1_353' title='bbox 849 1625 905 1656; x_wconf 86' lang='lat' dir='ltr'><strong>illo,</strong></span> <span class='ocrx_word' id='word_1_354' title='bbox 921 1623 974 1652; x_wconf 86' lang='lat' dir='ltr'><strong>Fe-</strong></span> 
     </span>
    </p>
   </div>
   <div class='ocr_carea' id='block_1_43' title="bbox 181 1658 975 1695">
    <p class='ocr_par' dir='ltr' id='par_1_43' title="bbox 181 1658 975 1695">
     <span class='ocr_line' id='line_1_44' title="bbox 181 1658 975 1695; baseline 0.001 -8"><span class='ocrx_word' id='word_1_355' title='bbox 181 1659 226 1687; x_wconf 80' lang='lat' dir='ltr'><strong>lici</strong></span> <span class='ocrx_word' id='word_1_356' title='bbox 243 1658 394 1695; x_wconf 30' lang='lat' dir='ltr'><strong>nostrotEt</strong></span> <span class='ocrx_word' id='word_1_357' title='bbox 406 1658 445 1695; x_wconf 85' lang='lat' dir='ltr'><strong>sic</strong></span> <span class='ocrx_word' id='word_1_358' title='bbox 456 1665 517 1695; x_wconf 72' lang='lat' dir='ltr'><strong>ego</strong></span> <span class='ocrx_word' id='word_1_359' title='bbox 529 1658 668 1692; x_wconf 86' lang='lat' dir='ltr'><strong>epistolam</strong></span> <span class='ocrx_word' id='word_1_360' title='bbox 690 1659 797 1693; x_wconf 87' lang='lat' dir='ltr'><strong>dictavi,</strong></span> <span class='ocrx_word' id='word_1_361' title='bbox 821 1667 880 1695; x_wconf 56' lang='lat' dir='ltr'><strong>quas</strong></span> <span class='ocrx_word' id='word_1_362' title='bbox 899 1664 975 1695; x_wconf 90' lang='lat' dir='ltr'><strong>paret</strong></span> 
     </span>
    </p>
   </div>
   <div class='ocr_carea' id='block_1_44' title="bbox 181 1693 974 1730">
    <p class='ocr_par' dir='ltr' id='par_1_44' title="bbox 181 1693 974 1730">
     <span class='ocr_line' id='line_1_45' title="bbox 181 1693 974 1730; baseline 0.001 -8"><span class='ocrx_word' id='word_1_363' title='bbox 181 1702 321 1730; x_wconf 86' lang='lat' dir='ltr'><strong>usquequo</strong></span> <span class='ocrx_word' id='word_1_364' title='bbox 336 1694 445 1721; x_wconf 83' lang='lat' dir='ltr'><strong>dictavi.</strong></span> <span class='ocrx_word' id='word_1_365' title='bbox 464 1693 587 1721; x_wconf 64' lang='lat' dir='ltr'><strong>Elianus</strong></span> <span class='ocrx_word' id='word_1_366' title='bbox 595 1693 974 1729; x_wconf 52' lang='lat' dir='ltr'><strong>proconsuldixithudisine</strong></span> 
     </span>
    </p>
   </div>
   <div class='ocr_carea' id='block_1_45' title="bbox 181 1729 974 1767">
    <p class='ocr_par' dir='ltr' id='par_1_45' title="bbox 181 1729 974 1767">
     <span class='ocr_line' id='line_1_46' title="bbox 181 1729 974 1767; baseline 0.001 -9"><span class='ocrx_word' id='word_1_367' title='bbox 181 1729 262 1767; x_wconf 78' lang='lat' dir='ltr'><strong>metu</strong></span> <span class='ocrx_word' id='word_1_368' title='bbox 268 1730 451 1767; x_wconf 78' lang='lat' dir='ltr'><strong>recitationem</strong></span> <span class='ocrx_word' id='word_1_369' title='bbox 466 1729 585 1767; x_wconf 77' lang='lat' dir='ltr'><strong>epistola:</strong></span> <span class='ocrx_word' id='word_1_370' title='bbox 608 1734 671 1767; x_wconf 69' lang='lat' dir='ltr'><strong>tum.</strong></span> <span class='ocrx_word' id='word_1_371' title='bbox 684 1730 853 1767; x_wconf 71' lang='lat' dir='ltr'><strong>Recognosce</strong></span> <span class='ocrx_word' id='word_1_372' title='bbox 873 1739 974 1767; x_wconf 88' lang='lat' dir='ltr'><strong>quous-</strong></span> 
     </span>
    </p>
   </div>
   <div class='ocr_carea' id='block_1_46' title="bbox 181 1764 974 1802">
    <p class='ocr_par' dir='ltr' id='par_1_46' title="bbox 181 1764 974 1802">
     <span class='ocr_line' id='line_1_47' title="bbox 181 1764 974 1802; baseline 0.003 -10"><span class='ocrx_word' id='word_1_373' title='bbox 181 1774 234 1801; x_wconf 89' lang='lat' dir='ltr'><strong>que</strong></span> <span class='ocrx_word' id='word_1_374' title='bbox 247 1765 407 1802; x_wconf 86' lang='lat' dir='ltr'><strong>dictaveris._</strong></span> <span class='ocrx_word' id='word_1_375' title='bbox 432 1764 569 1802; x_wconf 77' lang='lat' dir='ltr'><strong>Agesilaus</strong></span> <span class='ocrx_word' id='word_1_376' title='bbox 591 1765 711 1802; x_wconf 84' lang='lat' dir='ltr'><strong>recitavit</strong></span> <span class='ocrx_word' id='word_1_377' title='bbox 726 1764 816 1802; x_wconf 36' lang='lat' dir='ltr'><strong>:ﬁOpto</strong></span> <span class='ocrx_word' id='word_1_378' title='bbox 835 1771 867 1798; x_wconf 87' lang='lat' dir='ltr'><strong>te,</strong></span> <span class='ocrx_word' id='word_1_379' title='bbox 883 1764 974 1802; x_wconf 70' lang='lat' dir='ltr'><strong>parens</strong></span> 
     </span>
    </p>
   </div>
   <div class='ocr_carea' id='block_1_47' title="bbox 182 1799 974 1837">
    <p class='ocr_par' dir='ltr' id='par_1_47' title="bbox 182 1799 974 1837">
     <span class='ocr_line' id='line_1_48' title="bbox 182 1799 974 1837; baseline 0.003 -10"><span class='ocrx_word' id='word_1_380' title='bbox 182 1799 338 1837; x_wconf 60' lang='lat' dir='ltr'><strong>charissilllc,</strong></span> <span class='ocrx_word' id='word_1_381' title='bbox 353 1799 446 1837; x_wconf 71' lang='lat' dir='ltr'><strong>multos</strong></span> <span class='ocrx_word' id='word_1_382' title='bbox 453 1808 533 1837; x_wconf 77' lang='lat' dir='ltr'><strong>anuos</strong></span> <span class='ocrx_word' id='word_1_383' title='bbox 544 1801 603 1827; x_wconf 82' lang='lat' dir='ltr'><strong>bene</strong></span> <span class='ocrx_word' id='word_1_384' title='bbox 614 1801 706 1828; x_wconf 85' lang='lat' dir='ltr'><strong>valere.</strong></span> <span class='ocrx_word' id='word_1_385' title='bbox 721 1801 845 1829; x_wconf 59' lang='lat' dir='ltr'><strong>Eliatltts</strong></span> <span class='ocrx_word' id='word_1_386' title='bbox 860 1799 974 1837; x_wconf 77' lang='lat' dir='ltr'><strong>procon-</strong></span> 
     </span>
    </p>
   </div>
   <div class='ocr_carea' id='block_1_48' title="bbox 182 1835 972 1872">
    <p class='ocr_par' dir='ltr' id='par_1_48' title="bbox 182 1835 972 1872">
     <span class='ocr_line' id='line_1_49' title="bbox 182 1835 972 1872; baseline 0 -8"><span class='ocrx_word' id='word_1_387' title='bbox 182 1837 225 1864; x_wconf 94' lang='lat' dir='ltr'><strong>sul</strong></span> <span class='ocrx_word' id='word_1_388' title='bbox 238 1836 379 1864; x_wconf 75' lang='lat' dir='ltr'><strong>Crceiliano</strong></span> <span class='ocrx_word' id='word_1_389' title='bbox 392 1835 459 1872; x_wconf 87' lang='lat' dir='ltr'><strong>dixit</strong></span> <span class='ocrx_word' id='word_1_390' title='bbox 474 1844 480 1862; x_wconf 87' lang='lat'><strong>:</strong></span> <span class='ocrx_word' id='word_1_391' title='bbox 497 1835 553 1872; x_wconf 78' lang='lat' dir='ltr'><strong>“th</strong></span> <span class='ocrx_word' id='word_1_392' title='bbox 567 1843 650 1870; x_wconf 88' lang='lat' dir='ltr'><strong>usque</strong></span> <span class='ocrx_word' id='word_1_393' title='bbox 665 1837 789 1865; x_wconf 74' lang='lat' dir='ltr'><strong>dictasti?</strong></span> <span class='ocrx_word' id='word_1_394' title='bbox 805 1835 950 1872; x_wconf 78' lang='lat' dir='ltr'><strong>Respondit</strong></span> <span class='ocrx_word' id='word_1_395' title='bbox 965 1847 972 1865; x_wconf 88' lang='lat'><strong>:</strong></span> 
     </span>
    </p>
   </div>
   <div class='ocr_carea' id='block_1_49' title="bbox 182 1871 973 1908">
    <p class='ocr_par' dir='ltr' id='par_1_49' title="bbox 182 1871 973 1908">
     <span class='ocr_line' id='line_1_50' title="bbox 182 1871 973 1908; baseline 0.004 -11"><span class='ocrx_word' id='word_1_396' title='bbox 182 1872 241 1908; x_wconf 56' lang='lat' dir='ltr'><strong>[hic</strong></span> <span class='ocrx_word' id='word_1_397' title='bbox 254 1879 355 1908; x_wconf 80' lang='lat' dir='ltr'><strong>usque;</strong></span> <span class='ocrx_word' id='word_1_398' title='bbox 372 1871 502 1908; x_wconf 76' lang='lat' dir='ltr'><strong>reliquum</strong></span> <span class='ocrx_word' id='word_1_399' title='bbox 515 1871 608 1908; x_wconf 79' lang='lat' dir='ltr'><strong>falsum</strong></span> <span class='ocrx_word' id='word_1_400' title='bbox 619 1876 673 1908; x_wconf 64' lang='lat' dir='ltr'><strong>est.</strong></span> <span class='ocrx_word' id='word_1_401' title='bbox 683 1872 821 1908; x_wconf 77' lang='lat' dir='ltr'><strong>Agesilaus</strong></span> <span class='ocrx_word' id='word_1_402' title='bbox 831 1871 952 1901; x_wconf 83' lang='lat' dir='ltr'><strong>recitavit</strong></span> <span class='ocrx_word' id='word_1_403' title='bbox 966 1883 973 1901; x_wconf 84' lang='lat'><strong>:</strong></span> 
     </span>
    </p>
   </div>
   <div class='ocr_carea' id='block_1_50' title="bbox 183 1906 974 1943">
    <p class='ocr_par' dir='ltr' id='par_1_50' title="bbox 183 1906 974 1943">
     <span class='ocr_line' id='line_1_51' title="bbox 183 1906 974 1943; baseline 0.001 -9"><span class='ocrx_word' id='word_1_404' title='bbox 183 1906 241 1934; x_wconf 79' lang='lat' dir='ltr'><strong>Hoc</strong></span> <span class='ocrx_word' id='word_1_405' title='bbox 251 1907 333 1943; x_wconf 78' lang='lat' dir='ltr'><strong>signa,</strong></span> <span class='ocrx_word' id='word_1_406' title='bbox 350 1906 416 1940; x_wconf 87' lang='lat' dir='ltr'><strong>quod</strong></span> <span class='ocrx_word' id='word_1_407' title='bbox 422 1906 628 1943; x_wconf 75' lang='lat' dir='ltr'><strong>_deprecatoriunt</strong></span> <span class='ocrx_word' id='word_1_408' title='bbox 639 1907 674 1933; x_wconf 89' lang='lat' dir='ltr'><strong>ad</strong></span> <span class='ocrx_word' id='word_1_409' title='bbox 685 1906 732 1943; x_wconf 56' lang='lat' dir='ltr'><strong>ille</strong></span> <span class='ocrx_word' id='word_1_410' title='bbox 741 1908 846 1943; x_wconf 68' lang='lat' dir='ltr'><strong>illisisti&#39;,</strong></span> <span class='ocrx_word' id='word_1_411' title='bbox 870 1909 919 1935; x_wconf 87' lang='lat' dir='ltr'><strong>nisi</strong></span> <span class='ocrx_word' id='word_1_412' title='bbox 927 1917 974 1943; x_wconf 84' lang='lat' dir='ltr'><strong>ego</strong></span> 
     </span>
    </p>
   </div>
   <div class='ocr_carea' id='block_1_51' title="bbox 181 1941 972 1978">
    <p class='ocr_par' dir='ltr' id='par_1_51' title="bbox 181 1941 972 1978">
     <span class='ocr_line' id='line_1_52' title="bbox 181 1941 972 1978; baseline 0.004 -10"><span class='ocrx_word' id='word_1_413' title='bbox 181 1947 206 1969; x_wconf 83' lang='lat' dir='ltr'><strong>et</strong></span> <span class='ocrx_word' id='word_1_414' title='bbox 217 1948 244 1968; x_wconf 89' lang='lat' dir='ltr'><strong>tu</strong></span> <span class='ocrx_word' id='word_1_415' title='bbox 259 1947 281 1968; x_wconf 90' lang='lat' dir='ltr'><strong>et</strong></span> <span class='ocrx_word' id='word_1_416' title='bbox 291 1941 362 1978; x_wconf 64' lang='lat' dir='ltr'><strong>cujus</strong></span> <span class='ocrx_word' id='word_1_417' title='bbox 375 1941 432 1978; x_wconf 58' lang='lat' dir='ltr'><strong>estf‘</strong></span> <span class='ocrx_word' id='word_1_418' title='bbox 446 1942 659 1978; x_wconf 60' lang='lat' dir='ltr'><strong>precatorimnret</strong></span> <span class='ocrx_word' id='word_1_419' title='bbox 672 1942 767 1976; x_wconf 69' lang='lat' dir='ltr'><strong>dixisti,</strong></span> <span class='ocrx_word' id='word_1_420' title='bbox 783 1942 856 1970; x_wconf 85' lang='lat' dir='ltr'><strong>Tolle</strong></span> <span class='ocrx_word' id='word_1_421' title='bbox 866 1941 972 1978; x_wconf 68' lang='lat' dir='ltr'><strong>clavem,</strong></span> 
     </span>
    </p>
   </div>
   <div class='ocr_carea' id='block_1_52' title="bbox 182 1976 974 2013">
    <p class='ocr_par' dir='ltr' id='par_1_52' title="bbox 182 1976 974 2013">
     <span class='ocr_line' id='line_1_53' title="bbox 182 1976 974 2013; baseline 0.003 -9"><span class='ocrx_word' id='word_1_422' title='bbox 182 1982 206 2004; x_wconf 71' lang='lat' dir='ltr'><strong>et</strong></span> <span class='ocrx_word' id='word_1_423' title='bbox 220 1985 281 2012; x_wconf 82' lang='lat' dir='ltr'><strong>quos</strong></span> <span class='ocrx_word' id='word_1_424' title='bbox 298 1976 405 2013; x_wconf 79' lang='lat' dir='ltr'><strong>invenies</strong></span> <span class='ocrx_word' id='word_1_425' title='bbox 417 1976 443 2002; x_wconf 83' lang='lat' dir='ltr'><strong>in</strong></span> <span class='ocrx_word' id='word_1_426' title='bbox 456 1976 575 2013; x_wconf 75' lang='lat' dir='ltr'><strong>cathedra</strong></span> <span class='ocrx_word' id='word_1_427' title='bbox 595 1976 681 2013; x_wconf 64' lang='lat' dir='ltr'><strong>libros,</strong></span> <span class='ocrx_word' id='word_1_428' title='bbox 701 1983 725 2004; x_wconf 88' lang='lat' dir='ltr'><strong>et</strong></span> <span class='ocrx_word' id='word_1_429' title='bbox 739 1986 814 2012; x_wconf 80' lang='lat' dir='ltr'><strong>super</strong></span> <span class='ocrx_word' id='word_1_430' title='bbox 827 1978 913 2013; x_wconf 82' lang='lat' dir='ltr'><strong>lapide</strong></span> <span class='ocrx_word' id='word_1_431' title='bbox 930 1976 974 2006; x_wconf 54' lang='lat' dir='ltr'><strong>co;</strong></span> 
     </span>
    </p>
   </div>
   <div class='ocr_carea' id='block_1_53' title="bbox 181 2011 974 2047">
    <p class='ocr_par' dir='ltr' id='par_1_53' title="bbox 181 2011 974 2047">
     <span class='ocr_line' id='line_1_54' title="bbox 181 2011 974 2047; baseline 0.003 -8"><span class='ocrx_word' id='word_1_432' title='bbox 181 2011 260 2041; x_wconf 75' lang='lat' dir='ltr'><strong>dices.</strong></span> <span class='ocrx_word' id='word_1_433' title='bbox 273 2011 332 2047; x_wconf 75' lang='lat' dir='ltr'><strong>tolle</strong></span> <span class='ocrx_word' id='word_1_434' title='bbox 337 2011 401 2047; x_wconf 76' lang='lat' dir='ltr'><strong>illos</strong></span> <span class='ocrx_word' id='word_1_435' title='bbox 414 2019 423 2038; x_wconf 93' lang='lat'><em>:</em></span> <span class='ocrx_word' id='word_1_436' title='bbox 433 2019 494 2038; x_wconf 74' lang='lat' dir='ltr'><strong>sane</strong></span> <span class='ocrx_word' id='word_1_437' title='bbox 506 2011 701 2047; x_wconf 31' lang='lat' dir='ltr'><strong>videto/ﬁcium</strong></span> <span class='ocrx_word' id='word_1_438' title='bbox 711 2021 742 2039; x_wconf 82' lang='lat' dir='ltr'><strong>ne</strong></span> <span class='ocrx_word' id='word_1_439' title='bbox 755 2011 845 2040; x_wconf 74' lang='lat' dir='ltr'><strong>(ullam</strong></span> <span class='ocrx_word' id='word_1_440' title='bbox 855 2011 940 2041; x_wconf 29' lang='lat' dir='ltr'><strong>‘oleum</strong></span> <span class='ocrx_word' id='word_1_441' title='bbox 949 2020 974 2042; x_wconf 82' lang='lat' dir='ltr'><strong>et</strong></span> 
     </span>
    </p>
   </div>
   <div class='ocr_carea' id='block_1_54' title="bbox 182 2046 975 2087">
    <p class='ocr_par' dir='ltr' id='par_1_54' title="bbox 182 2046 975 2087">
     <span class='ocr_line' id='line_1_55' title="bbox 182 2046 975 2087; baseline 0.004 -14"><span class='ocrx_word' id='word_1_442' title='bbox 182 2048 304 2087; x_wconf 57' lang='lat' dir='ltr'><strong>triticum.</strong></span> <span class='ocrx_word' id='word_1_443' title='bbox 320 2046 353 2073; x_wconf 85' lang='lat' dir='ltr'><strong>Et</strong></span> <span class='ocrx_word' id='word_1_444' title='bbox 366 2055 411 2087; x_wconf 73' lang='lat' dir='ltr'><strong>ego</strong></span> <span class='ocrx_word' id='word_1_445' title='bbox 426 2047 478 2087; x_wconf 62' lang='lat' dir='ltr'><strong>dixi</strong></span> <span class='ocrx_word' id='word_1_446' title='bbox 493 2047 558 2074; x_wconf 79' lang='lat' dir='ltr'><strong>tibi:</strong></span> <span class='ocrx_word' id='word_1_447' title='bbox 626 2049 705 2087; x_wconf 70' lang='lat' dir='ltr'><strong>nescis</strong></span> <span class='ocrx_word' id='word_1_448' title='bbox 712 2049 769 2087; x_wconf 42' lang='lat' dir='ltr'><strong>qhuia</strong></span> <span class='ocrx_word' id='word_1_449' title='bbox 780 2049 975 2087; x_wconf 63' lang='lat' dir='ltr'><strong>ulliscriplurte</strong></span> 
     </span>
    </p>
   </div>
   <div class='ocr_carea' id='block_1_55' title="bbox 181 2082 974 2119">
    <p class='ocr_par' dir='ltr' id='par_1_55' title="bbox 181 2082 974 2119">
     <span class='ocr_line' id='line_1_56' title="bbox 181 2082 974 2119; baseline 0.001 -8"><span class='ocrx_word' id='word_1_450' title='bbox 181 2083 351 2115; x_wconf 76' lang='lat' dir='ltr'><strong>inveniuntur,</strong></span> <span class='ocrx_word' id='word_1_451' title='bbox 376 2082 432 2119; x_wconf 53' lang='lat' dir='ltr'><strong>ipsi!</strong></span> <span class='ocrx_word' id='word_1_452' title='bbox 455 2083 544 2119; x_wconf 76' lang='lat' dir='ltr'><strong>domus</strong></span> <span class='ocrx_word' id='word_1_453' title='bbox 565 2082 694 2110; x_wconf 76' lang='lat' dir='ltr'><strong>diruitur.’</strong></span> <span class='ocrx_word' id='word_1_454' title='bbox 714 2083 749 2110; x_wconf 84' lang='lat' dir='ltr'><strong>Et</strong></span> <span class='ocrx_word' id='word_1_455' title='bbox 772 2084 859 2111; x_wconf 67' lang='lat' dir='ltr'><strong>dixisti</strong></span> <span class='ocrx_word' id='word_1_456' title='bbox 872 2082 974 2119; x_wconf 44' lang='lat' dir='ltr'><strong>{Quid</strong></span> 
     </span>
    </p>
   </div>
   <div class='ocr_carea' id='block_1_56' title="bbox 182 2116 972 2155">
    <p class='ocr_par' dir='ltr' id='par_1_56' title="bbox 182 2116 972 2155">
     <span class='ocr_line' id='line_1_57' title="bbox 182 2116 972 2155; baseline 0.003 -10"><span class='ocrx_word' id='word_1_457' title='bbox 182 2127 241 2155; x_wconf 77' lang='lat' dir='ltr'><strong>ergo</strong></span> <span class='ocrx_word' id='word_1_458' title='bbox 255 2117 393 2155; x_wconf 65' lang='lat' dir='ltr'><strong>facinorust</strong></span> <span class='ocrx_word' id='word_1_459' title='bbox 408 2116 442 2144; x_wconf 84' lang='lat' dir='ltr'><strong>Et</strong></span> <span class='ocrx_word' id='word_1_460' title='bbox 456 2118 509 2155; x_wconf 73' lang='lat' dir='ltr'><strong>diri</strong></span> <span class='ocrx_word' id='word_1_461' title='bbox 522 2126 566 2153; x_wconf 80' lang='lat' dir='ltr'><strong>ego</strong></span> <span class='ocrx_word' id='word_1_462' title='bbox 579 2118 664 2155; x_wconf 77' lang='lat' dir='ltr'><strong>uobis:</strong></span> <span class='ocrx_word' id='word_1_463' title='bbox 684 2119 768 2146; x_wconf 85' lang='lat' dir='ltr'><strong>Tollat</strong></span> <span class='ocrx_word' id='word_1_464' title='bbox 780 2120 872 2155; x_wconf 76' lang='lat' dir='ltr'><strong>aliquis</strong></span> <span class='ocrx_word' id='word_1_465' title='bbox 885 2116 972 2148; x_wconf 66' lang='grc' dir='ltr'><strong>αἶνο-</strong></span> 
     </span>
    </p>
   </div>
   <div class='ocr_carea' id='block_1_57' title="bbox 182 2153 973 2193">
    <p class='ocr_par' dir='ltr' id='par_1_57' title="bbox 182 2153 973 2193">
     <span class='ocr_line' id='line_1_58' title="bbox 182 2153 973 2193; baseline 0.003 -12"><span class='ocrx_word' id='word_1_466' title='bbox 182 2153 220 2181; x_wconf 70' lang='lat' dir='ltr'><strong>bis</strong></span> <span class='ocrx_word' id='word_1_467' title='bbox 232 2155 257 2193; x_wconf 79' lang='lat' dir='ltr'><strong>in</strong></span> <span class='ocrx_word' id='word_1_468' title='bbox 266 2153 347 2180; x_wconf 75' lang='lat' dir='ltr'><strong>ureis‘</strong></span> <span class='ocrx_word' id='word_1_469' title='bbox 358 2153 532 2193; x_wconf 70' lang='lat' dir='ltr'><strong>u_lii_or_t_ttioiies</strong></span> <span class='ocrx_word' id='word_1_470' title='bbox 543 2154 635 2193; x_wconf 68' lang='lat' dir='ltr'><strong>facitis,</strong></span> <span class='ocrx_word' id='word_1_471' title='bbox 645 2159 672 2193; x_wconf 81' lang='lat' dir='ltr'><strong>e_t_</strong></span> <span class='ocrx_word' id='word_1_472' title='bbox 680 2155 732 2182; x_wconf 84' lang='lat' dir='ltr'><strong>illic</strong></span> <span class='ocrx_word' id='word_1_473' title='bbox 742 2153 885 2193; x_wconf 17' lang='lat' dir='ltr'><strong>ponanfurr;</strong></span> <span class='ocrx_word' id='word_1_474' title='bbox 895 2161 919 2183; x_wconf 81' lang='lat' dir='ltr'><strong>et</strong></span> <span class='ocrx_word' id='word_1_475' title='bbox 927 2165 973 2193; x_wconf 83' lang='lat' dir='ltr'><strong>ego</strong></span> 
     </span>
    </p>
   </div>
   <div class='ocr_carea' id='block_1_58' title="bbox 181 2188 973 2223">
    <p class='ocr_par' dir='ltr' id='par_1_58' title="bbox 181 2188 973 2223">
     <span class='ocr_line' id='line_1_59' title="bbox 181 2188 973 2223; baseline 0.003 -6"><span class='ocrx_word' id='word_1_476' title='bbox 181 2190 254 2217; x_wconf 69' lang='lat' dir='ltr'><strong>venio</strong></span> <span class='ocrx_word' id='word_1_477' title='bbox 268 2197 324 2215; x_wconf 85' lang='lat' dir='ltr'><strong>cum</strong></span> <span class='ocrx_word' id='word_1_478' title='bbox 345 2189 501 2223; x_wconf 73' lang='lat' dir='ltr'><strong>ofﬁcialibus,</strong></span> <span class='ocrx_word' id='word_1_479' title='bbox 516 2193 539 2215; x_wconf 80' lang='lat' dir='ltr'><strong>et</strong></span> <span class='ocrx_word' id='word_1_480' title='bbox 562 2189 633 2216; x_wconf 86' lang='lat' dir='ltr'><strong>tollo.</strong></span> <span class='ocrx_word' id='word_1_481' title='bbox 649 2188 682 2216; x_wconf 84' lang='lat' dir='ltr'><strong>Et</strong></span> <span class='ocrx_word' id='word_1_482' title='bbox 695 2188 746 2217; x_wconf 25' lang='lat' dir='ltr'><strong>nos.</strong></span> <span class='ocrx_word' id='word_1_483' title='bbox 760 2191 804 2217; x_wconf 88' lang='lat' dir='ltr'><strong>illo</strong></span> <span class='ocrx_word' id='word_1_484' title='bbox 820 2192 931 2219; x_wconf 81' lang='lat' dir='ltr'><strong>venimus</strong></span> <span class='ocrx_word' id='word_1_485' title='bbox 940 2188 973 2220; x_wconf 64' lang='grc' dir='ltr'><em>ὀι</em></span> 
     </span>
    </p>
   </div>
   <div class='ocr_carea' id='block_1_59' title="bbox 182 2224 974 2257">
    <p class='ocr_par' dir='ltr' id='par_1_59' title="bbox 182 2224 974 2257">
     <span class='ocr_line' id='line_1_60' title="bbox 182 2224 974 2257; baseline 0.003 -5"><span class='ocrx_word' id='word_1_486' title='bbox 182 2225 268 2252; x_wconf 86' lang='lat' dir='ltr'><strong>olliniu</strong></span> <span class='ocrx_word' id='word_1_487' title='bbox 287 2224 390 2250; x_wconf 76' lang='lat' dir='ltr'><strong>tulimus</strong></span> <span class='ocrx_word' id='word_1_488' title='bbox 404 2224 540 2250; x_wconf 78' lang='lat' dir='ltr'><strong>secundum</strong></span> <span class='ocrx_word' id='word_1_489' title='bbox 555 2224 684 2257; x_wconf 81' lang='lat' dir='ltr'><strong>placitum,</strong></span> <span class='ocrx_word' id='word_1_490' title='bbox 700 2226 872 2254; x_wconf 79' lang='lat' dir='ltr'><strong>etadussimus</strong></span> <span class='ocrx_word' id='word_1_491' title='bbox 885 2235 974 2254; x_wconf 78' lang='lat' dir='ltr'><strong>secun-</strong></span> 
     </span>
    </p>
   </div>
   <div class='ocr_carea' id='block_1_60' title="bbox 181 2233 974 2298">
    <p class='ocr_par' dir='ltr' id='par_1_60' title="bbox 181 2233 974 2298">
     <span class='ocr_line' id='line_1_61' title="bbox 182 2233 974 2257; baseline 0.003 -5"><span class='ocrx_word' id='word_1_492' title='bbox 182 2233 268 2252; x_wconf 85' lang='lat' dir='ltr'><strong>ollinlu</strong></span> <span class='ocrx_word' id='word_1_493' title='bbox 287 2233 390 2250; x_wconf 72' lang='lat' dir='ltr'><strong>(uirilius</strong></span> <span class='ocrx_word' id='word_1_494' title='bbox 404 2233 540 2250; x_wconf 77' lang='lat' dir='ltr'><strong>scclulauln</strong></span> <span class='ocrx_word' id='word_1_495' title='bbox 573 2233 684 2257; x_wconf 81' lang='lat' dir='ltr'><strong>tacitum,</strong></span> <span class='ocrx_word' id='word_1_496' title='bbox 700 2233 872 2254; x_wconf 76' lang='lat' dir='ltr'><strong>etaausslmus</strong></span> <span class='ocrx_word' id='word_1_497' title='bbox 885 2235 974 2254; x_wconf 77' lang='lat' dir='ltr'><strong>secun-</strong></span> 
     </span>
     <span class='ocr_line' id='line_1_62' title="bbox 181 2233 974 2298; baseline 0.004 -11"><span class='ocrx_word' id='word_1_498' title='bbox 181 2261 243 2298; x_wconf 82' lang='lat' dir='ltr'><strong>dum</strong></span> <span class='ocrx_word' id='word_1_499' title='bbox 253 2268 353 2298; x_wconf 74' lang='lat' dir='ltr'><strong>sacrum</strong></span> <span class='ocrx_word' id='word_1_500' title='bbox 366 2263 525 2298; x_wconf 64' lang='lat' dir='ltr'><strong>praeceptum.</strong></span> <span class='ocrx_word' id='word_1_501' title='bbox 538 2233 668 2298; x_wconf 45' lang='lat' dir='ltr'><strong>Blaxinius</strong></span> <span class='ocrx_word' id='word_1_502' title='bbox 678 2261 744 2298; x_wconf 83' lang='lat' dir='ltr'><strong>dixit</strong></span> <span class='ocrx_word' id='word_1_503' title='bbox 756 2270 761 2287; x_wconf 92' lang='lat'>:</span> <span class='ocrx_word' id='word_1_504' title='bbox 774 2261 903 2295; x_wconf 84' lang='lat' dir='ltr'><strong>Quoniam</strong></span> <span class='ocrx_word' id='word_1_505' title='bbox 915 2263 974 2297; x_wconf 84' lang='lat' dir='ltr'><strong>ejus</strong></span> 
     </span>
    </p>
   </div>
   <div class='ocr_carea' id='block_1_61' title="bbox 182 2294 973 2332">
    <p class='ocr_par' dir='ltr' id='par_1_61' title="bbox 182 2294 973 2332">
     <span class='ocr_line' id='line_1_63' title="bbox 182 2294 973 2332; baseline 0.004 -10"><span class='ocrx_word' id='word_1_506' title='bbox 182 2295 303 2332; x_wconf 59' lang='lat' dir='ltr'><strong>epistola:</strong></span> <span class='ocrx_word' id='word_1_507' title='bbox 318 2298 393 2332; x_wconf 84' lang='lat' dir='ltr'><strong>tenor</strong></span> <span class='ocrx_word' id='word_1_508' title='bbox 415 2294 658 2332; x_wconf 28' lang='lat' dir='ltr'><strong>etiam-apudnacta</strong></span> <span class='ocrx_word' id='word_1_509' title='bbox 680 2294 806 2324; x_wconf 84' lang='lat' dir='ltr'><strong>recitalus</strong></span> <span class='ocrx_word' id='word_1_510' title='bbox 827 2302 877 2329; x_wconf 88' lang='lat' dir='ltr'><strong>est,</strong></span> <span class='ocrx_word' id='word_1_511' title='bbox 894 2294 973 2332; x_wconf 74' lang='lat' dir='ltr'><strong>quam</strong></span> 
     </span>
    </p>
   </div>
   <div class='ocr_carea' id='block_1_62' title="bbox 182 2329 973 2366">
    <p class='ocr_par' dir='ltr' id='par_1_62' title="bbox 182 2329 973 2366">
     <span class='ocr_line' id='line_1_64' title="bbox 182 2329 973 2366; baseline 0.003 -7"><span class='ocrx_word' id='word_1_512' title='bbox 182 2329 242 2365; x_wconf 80' lang='lat' dir='ltr'><strong>ipse</strong></span> <span class='ocrx_word' id='word_1_513' title='bbox 254 2330 438 2366; x_wconf 32' lang='lat' dir='ltr'><strong>agnovisse-Aac</strong></span> <span class='ocrx_word' id='word_1_514' title='bbox 452 2329 568 2366; x_wconf 61' lang='lat' dir='ltr'><strong>misisse</strong></span> <span class='ocrx_word' id='word_1_515' title='bbox 578 2329 654 2364; x_wconf 86' lang='lat' dir='ltr'><strong>dixit,</strong></span> <span class='ocrx_word' id='word_1_516' title='bbox 668 2340 821 2366; x_wconf 75' lang='lat' dir='ltr'><strong>quaisumus</strong></span> <span class='ocrx_word' id='word_1_517' title='bbox 836 2332 886 2360; x_wconf 92' lang='lat' dir='ltr'><strong>lioc</strong></span> <span class='ocrx_word' id='word_1_518' title='bbox 903 2329 973 2361; x_wconf 56' lang='lat' dir='ltr'><strong>&#39;actis</strong></span> 
     </span>
    </p>
   </div>
   <div class='ocr_carea' id='block_1_63' title="bbox 182 2363 973 2404">
    <p class='ocr_par' dir='ltr' id='par_1_63' title="bbox 182 2363 973 2404">
     <span class='ocr_line' id='line_1_65' title="bbox 182 2363 973 2404; baseline 0.004 -11"><span class='ocrx_word' id='word_1_519' title='bbox 182 2363 236 2394; x_wconf 82' lang='lat' dir='ltr'><strong>tuis</strong></span> <span class='ocrx_word' id='word_1_520' title='bbox 255 2363 364 2404; x_wconf 43' lang='lat' dir='ltr'><strong>hiemat.</strong></span> <span class='ocrx_word' id='word_1_521' title='bbox 392 2363 529 2399; x_wconf 86' lang='lat' dir='ltr'><strong>Speretius</strong></span> <span class='ocrx_word' id='word_1_522' title='bbox 543 2363 720 2404; x_wconf 60' lang='lat' dir='ltr'><strong>dile;__Qli:e</strong></span> <span class='ocrx_word' id='word_1_523' title='bbox 744 2367 848 2404; x_wconf 73' lang='lat' dir='ltr'><strong>dixistis</strong></span> <span class='ocrx_word' id='word_1_524' title='bbox 876 2369 973 2404; x_wconf 90' lang='lat' dir='ltr'><strong>scripta</strong></span> 
     </span>
    </p>
   </div>
   <div class='ocr_carea' id='block_1_64' title="bbox 180 2399 975 2436">
    <p class='ocr_par' dir='ltr' id='par_1_64' title="bbox 180 2399 975 2436">
     <span class='ocr_line' id='line_1_66' title="bbox 180 2399 975 2436; baseline 0.003 -7"><span class='ocrx_word' id='word_1_525' title='bbox 180 2406 253 2429; x_wconf 87' lang='lat' dir='ltr'><strong>sunt.</strong></span> <span class='ocrx_word' id='word_1_526' title='bbox 267 2401 423 2429; x_wconf 74' lang='lat' dir='ltr'><strong>Cmciliatius</strong></span> <span class='ocrx_word' id='word_1_527' title='bbox 437 2400 583 2434; x_wconf 88' lang='lat' dir='ltr'><strong>respondit,</strong></span> <span class='ocrx_word' id='word_1_528' title='bbox 599 2399 690 2428; x_wconf 55' lang='lat' dir='ltr'><strong>Citio&quot;</strong></span> <span class='ocrx_word' id='word_1_529' title='bbox 703 2408 744 2430; x_wconf 88' lang='lat' dir='ltr'><strong>est</strong></span> <span class='ocrx_word' id='word_1_530' title='bbox 754 2403 861 2436; x_wconf 79' lang='lat' dir='ltr'><strong>falsum,</strong></span> <span class='ocrx_word' id='word_1_531' title='bbox 875 2399 975 2436; x_wconf 79' lang='lat' dir='ltr'><strong>quous-</strong></span> 
     </span>
    </p>
   </div>
   <div class='ocr_carea' id='block_1_65' title="bbox 180 2435 974 2481">
    <p class='ocr_par' dir='ltr' id='par_1_65' title="bbox 180 2435 974 2481">
     <span class='ocr_line' id='line_1_67' title="bbox 180 2435 974 2481; baseline 0.001 0"><span class='ocrx_word' id='word_1_532' title='bbox 180 2445 233 2472; x_wconf 68' lang='grc' dir='ltr'><strong>«ιιιε</strong></span> <span class='ocrx_word' id='word_1_533' title='bbox 247 2435 410 2481; x_wconf 48' lang='lat' dir='ltr'><strong>eiciet?!“</strong></span> <span class='ocrx_word' id='word_1_534' title='bbox 427 2437 829 2481; x_wconf 50' lang='lat' dir='ltr'><strong>EE‘!!,9999§‘!€&#39;9&quot;1“.‘2Pe&quot;)?</strong></span> <span class='ocrx_word' id='word_1_535' title='bbox 846 2435 974 2481; x_wconf 50' lang='lat' dir='ltr'><strong>&quot;leni&quot;?</strong></span> 
     </span>
    </p>
   </div>
   <div class='ocr_carea' id='block_1_66' title="bbox 179 2471 975 2507">
    <p class='ocr_par' dir='ltr' id='par_1_66' title="bbox 179 2471 975 2507">
     <span class='ocr_line' id='line_1_68' title="bbox 179 2471 975 2507; baseline 0.004 -7"><span class='ocrx_word' id='word_1_536' title='bbox 179 2471 240 2500; x_wconf 77' lang='lat' dir='ltr'><strong>rens</strong></span> <span class='ocrx_word' id='word_1_537' title='bbox 250 2471 541 2507; x_wconf 69' lang='lat' dir='ltr'><strong>charisxilile..4&lt;1lialltts</strong></span> <span class='ocrx_word' id='word_1_538' title='bbox 551 2473 693 2507; x_wconf 90' lang='lat' dir='ltr'><strong>proconsul</strong></span> <span class='ocrx_word' id='word_1_539' title='bbox 706 2473 772 2500; x_wconf 89' lang='lat' dir='ltr'><strong>dixit</strong></span> <span class='ocrx_word' id='word_1_540' title='bbox 787 2483 793 2501; x_wconf 92' lang='lat'>:</span> <span class='ocrx_word' id='word_1_541' title='bbox 808 2474 892 2507; x_wconf 82' lang='lat' dir='ltr'><strong>Quem</strong></span> <span class='ocrx_word' id='word_1_542' title='bbox 905 2471 975 2503; x_wconf 87' lang='lat' dir='ltr'><strong>dicis</strong></span> 
     </span>
    </p>
   </div>
   <div class='ocr_carea' id='block_1_67' title="bbox 180 2506 973 2544">
    <p class='ocr_par' dir='ltr' id='par_1_67' title="bbox 180 2506 973 2544">
     <span class='ocr_line' id='line_1_69' title="bbox 180 2506 973 2544; baseline 0.006 -11"><span class='ocrx_word' id='word_1_543' title='bbox 180 2507 316 2544; x_wconf 66' lang='lat' dir='ltr'><strong>addidisse</strong></span> <span class='ocrx_word' id='word_1_544' title='bbox 327 2506 359 2533; x_wconf 91' lang='lat' dir='ltr'><strong>ad</strong></span> <span class='ocrx_word' id='word_1_545' title='bbox 371 2506 527 2544; x_wconf 73' lang='lat' dir='ltr'><strong>epistolath</strong></span> <span class='ocrx_word' id='word_1_546' title='bbox 541 2506 698 2544; x_wconf 72' lang='lat' dir='ltr'><strong>Cmcilianus</strong></span> <span class='ocrx_word' id='word_1_547' title='bbox 712 2508 780 2536; x_wconf 82' lang='lat' dir='ltr'><strong>dixit</strong></span> <span class='ocrx_word' id='word_1_548' title='bbox 793 2517 800 2536; x_wconf 89' lang='lat'><strong>:</strong></span> <span class='ocrx_word' id='word_1_549' title='bbox 813 2506 973 2544; x_wconf 76' lang='lat' dir='ltr'><strong>ingentium.</strong></span> 
     </span>
    </p>
   </div>
   <div class='ocr_carea' id='block_1_68' title="bbox 179 2542 973 2577">
    <p class='ocr_par' dir='ltr' id='par_1_68' title="bbox 179 2542 973 2577">
     <span class='ocr_line' id='line_1_70' title="bbox 179 2542 973 2577; baseline 0.004 -7"><span class='ocrx_word' id='word_1_550' title='bbox 179 2543 303 2570; x_wconf 65' lang='lat' dir='ltr'><strong>Elianus</strong></span> <span class='ocrx_word' id='word_1_551' title='bbox 318 2542 459 2577; x_wconf 89' lang='lat' dir='ltr'><strong>proconsul</strong></span> <span class='ocrx_word' id='word_1_552' title='bbox 474 2542 541 2569; x_wconf 89' lang='lat' dir='ltr'><strong>dixit</strong></span> <span class='ocrx_word' id='word_1_553' title='bbox 557 2551 563 2569; x_wconf 89' lang='lat'><strong>:</strong></span> <span class='ocrx_word' id='word_1_554' title='bbox 588 2542 720 2572; x_wconf 83' lang='lat' dir='ltr'><strong>Professio</strong></span> <span class='ocrx_word' id='word_1_555' title='bbox 735 2549 778 2571; x_wconf 85' lang='lat' dir='ltr'><strong>tua</strong></span> <span class='ocrx_word' id='word_1_556' title='bbox 798 2542 865 2573; x_wconf 74' lang='lat' dir='ltr'><strong>actis</strong></span> <span class='ocrx_word' id='word_1_557' title='bbox 881 2546 973 2574; x_wconf 76' lang='lat' dir='ltr'><strong>lueret.</strong></span> 
     </span>
    </p>
   </div>
   <div class='ocr_carea' id='block_1_69' title="bbox 179 2577 976 2616">
    <p class='ocr_par' dir='ltr' id='par_1_69' title="bbox 179 2577 976 2616">
     <span class='ocr_line' id='line_1_71' title="bbox 179 2577 976 2616; baseline 0.008 -12"><span class='ocrx_word' id='word_1_558' title='bbox 179 2578 304 2616; x_wconf 64' lang='lat' dir='ltr'><strong>Elianus</strong></span> <span class='ocrx_word' id='word_1_559' title='bbox 327 2577 469 2616; x_wconf 73' lang='lat' dir='ltr'><strong>proconsul</strong></span> <span class='ocrx_word' id='word_1_560' title='bbox 493 2577 617 2616; x_wconf 69' lang='lat' dir='ltr'><strong>lugentig</strong></span> <span class='ocrx_word' id='word_1_561' title='bbox 632 2578 700 2616; x_wconf 83' lang='lat' dir='ltr'><strong>dixit</strong></span> <span class='ocrx_word' id='word_1_562' title='bbox 718 2588 727 2616; x_wconf 66' lang='grc' dir='ltr'><strong><em>ς</em></strong></span> <span class='ocrx_word' id='word_1_563' title='bbox 753 2580 916 2616; x_wconf 72' lang='lat' dir='ltr'><strong>Torqueris,</strong></span> <span class='ocrx_word' id='word_1_564' title='bbox 941 2589 976 2610; x_wconf 90' lang='lat' dir='ltr'><strong>ne</strong></span> 
     </span>
    </p>
   </div>
   <div class='ocr_carea' id='block_1_70' title="bbox 179 2612 975 2653">
    <p class='ocr_par' dir='ltr' id='par_1_70' title="bbox 179 2612 975 2653">
     <span class='ocr_line' id='line_1_72' title="bbox 179 2612 975 2653; baseline 0.004 -11"><span class='ocrx_word' id='word_1_565' title='bbox 179 2612 329 2642; x_wconf 85' lang='lat' dir='ltr'><strong>mentiaris.</strong></span> <span class='ocrx_word' id='word_1_566' title='bbox 345 2612 480 2648; x_wconf 75' lang='lat' dir='ltr'><strong>tngentius</strong></span> <span class='ocrx_word' id='word_1_567' title='bbox 493 2612 560 2641; x_wconf 75' lang='lat' dir='ltr'><strong>dixit</strong></span> <span class='ocrx_word' id='word_1_568' title='bbox 575 2622 581 2640; x_wconf 88' lang='lat'><strong>:</strong></span> <span class='ocrx_word' id='word_1_569' title='bbox 596 2613 703 2648; x_wconf 88' lang='lat' dir='ltr'><strong>Erravi,</strong></span> <span class='ocrx_word' id='word_1_570' title='bbox 718 2614 779 2643; x_wconf 90' lang='lat' dir='ltr'><strong>huic</strong></span> <span class='ocrx_word' id='word_1_571' title='bbox 789 2612 914 2652; x_wconf 69' lang='lat' dir='ltr'><strong>ep&#39;istolze</strong></span> <span class='ocrx_word' id='word_1_572' title='bbox 925 2624 975 2653; x_wconf 80' lang='lat' dir='ltr'><strong>ego</strong></span> 
     </span>
    </p>
   </div>
   <div class='ocr_carea' id='block_1_71' title="bbox 213 2678 532 2709">
    <p class='ocr_par' dir='ltr' id='par_1_71' title="bbox 213 2678 532 2709">
     <span class='ocr_line' id='line_1_73' title="bbox 213 2678 532 2709; baseline -0.009 -4"><span class='ocrx_word' id='word_1_573' title='bbox 213 2680 222 2696; x_wconf 86' lang='grc'>¹</span> <span class='ocrx_word' id='word_1_574' title='bbox 241 2682 320 2709; x_wconf 78' lang='lat' dir='ltr'><strong>Forte,</strong></span> <span class='ocrx_word' id='word_1_575' title='bbox 333 2678 356 2703; x_wconf 71' lang='lat' dir='ltr'><strong>ei</strong></span> <span class='ocrx_word' id='word_1_576' title='bbox 368 2679 532 2704; x_wconf 71' lang='lat' dir='ltr'><strong>(anmiunicet.</strong></span> 
     </span>
    </p>
   </div>
   <div class='ocr_carea' id='block_1_72' title="bbox 211 2710 573 2741">
    <p class='ocr_par' dir='ltr' id='par_1_72' title="bbox 211 2710 573 2741">
     <span class='ocr_line' id='line_1_74' title="bbox 211 2710 573 2741; baseline 0.003 -6"><span class='ocrx_word' id='word_1_577' title='bbox 211 2712 222 2727; x_wconf 78' lang='grc'>¹</span> <span class='ocrx_word' id='word_1_578' title='bbox 238 2714 325 2735; x_wconf 84' lang='lat' dir='ltr'><strong>l-‘orte:</strong></span> <span class='ocrx_word' id='word_1_579' title='bbox 343 2710 445 2740; x_wconf 64' lang='lat' dir='ltr'><strong>Dignam:</strong></span> <span class='ocrx_word' id='word_1_580' title='bbox 456 2717 573 2741; x_wconf 68' lang='lat' dir='ltr'><strong>quarrere.</strong></span> 
     </span>
    </p>
   </div>
   <div class='ocr_carea' id='block_1_73' title="bbox 213 2741 386 2770">
    <p class='ocr_par' dir='ltr' id='par_1_73' title="bbox 213 2741 386 2770">
     <span class='ocr_line' id='line_1_75' title="bbox 213 2741 386 2770; baseline -0.012 -4"><span class='ocrx_word' id='word_1_581' title='bbox 213 2742 224 2758; x_wconf 85' lang='grc'><strong><em>³</em></strong></span> <span class='ocrx_word' id='word_1_582' title='bbox 243 2745 321 2770; x_wconf 81' lang='lat' dir='ltr'><strong>Forte,</strong></span> <span class='ocrx_word' id='word_1_583' title='bbox 340 2741 386 2765; x_wconf 80' lang='lat' dir='ltr'><strong>illi.</strong></span> 
     </span>
    </p>
   </div>
   <div class='ocr_carea' id='block_1_74' title="bbox 211 2772 531 2806">
    <p class='ocr_par' dir='ltr' id='par_1_74' title="bbox 211 2772 531 2806">
     <span class='ocr_line' id='line_1_76' title="bbox 211 2772 531 2806; baseline 0 -10"><span class='ocrx_word' id='word_1_584' title='bbox 211 2774 222 2806; x_wconf 62' lang='grc' dir='ltr'><strong>ξ</strong></span> <span class='ocrx_word' id='word_1_585' title='bbox 240 2776 319 2802; x_wconf 80' lang='lat' dir='ltr'><strong>Forte,</strong></span> <span class='ocrx_word' id='word_1_586' title='bbox 332 2772 376 2806; x_wconf 70' lang='lat' dir='ltr'><strong>illi.</strong></span> <span class='ocrx_word' id='word_1_587' title='bbox 496 2802 500 2806; x_wconf 33' lang='grc' dir='ltr'><strong><em>λ</em></strong></span> <span class='ocrx_word' id='word_1_588' title='bbox 527 2802 531 2806; x_wconf 44' lang='grc'><strong><em>,</em></strong></span> 
     </span>
    </p>
   </div>
   <div class='ocr_carea' id='block_1_75' title="bbox 210 2802 974 2842">
    <p class='ocr_par' dir='ltr' id='par_1_75' title="bbox 210 2802 974 2842">
     <span class='ocr_line' id='line_1_77' title="bbox 210 2802 974 2842; baseline 0.009 -15"><span class='ocrx_word' id='word_1_589' title='bbox 210 2803 223 2842; x_wconf 61' lang='grc' dir='ltr'><strong>ξ</strong></span> <span class='ocrx_word' id='word_1_590' title='bbox 238 2803 453 2842; x_wconf 31' lang='grc' dir='ltr'><strong>ξριςιξεξ-χγῄίςίνηηι</strong></span> <span class='ocrx_word' id='word_1_591' title='bbox 473 2802 611 2835; x_wconf 67' lang='lat' dir='ltr'><strong>Christiani,</strong></span> <span class='ocrx_word' id='word_1_592' title='bbox 630 2811 687 2837; x_wconf 84' lang='lat' dir='ltr'><strong>ergo</strong></span> <span class='ocrx_word' id='word_1_593' title='bbox 707 2809 730 2832; x_wconf 82' lang='lat' dir='ltr'><strong>et</strong></span> <span class='ocrx_word' id='word_1_594' title='bbox 746 2810 772 2833; x_wconf 87' lang='lat' dir='ltr'><strong>tu</strong></span> <span class='ocrx_word' id='word_1_595' title='bbox 788 2807 839 2840; x_wconf 84' lang='lat' dir='ltr'><strong>ipse</strong></span> <span class='ocrx_word' id='word_1_596' title='bbox 850 2808 919 2840; x_wconf 83' lang='lat' dir='ltr'><strong>cujus</strong></span> <span class='ocrx_word' id='word_1_597' title='bbox 929 2813 974 2842; x_wconf 73' lang='lat' dir='ltr'><strong>ezt,</strong></span> 
     </span>
    </p>
   </div>
   <div class='ocr_carea' id='block_1_76' title="bbox 181 2835 392 2869">
    <p class='ocr_par' dir='ltr' id='par_1_76' title="bbox 181 2835 392 2869">
     <span class='ocr_line' id='line_1_78' title="bbox 181 2835 392 2869; baseline -0.009 -11"><span class='ocrx_word' id='word_1_598' title='bbox 181 2837 229 2869; x_wconf 65' lang='lat' dir='ltr'><strong>etc.</strong></span> <span class='ocrx_word' id='word_1_599' title='bbox 242 2835 300 2869; x_wconf 64' lang='lat' dir='ltr'><strong>vide</strong></span> <span class='ocrx_word' id='word_1_600' title='bbox 312 2839 392 2869; x_wconf 80' lang='lat' dir='ltr'><strong>supra.</strong></span> 
     </span>
    </p>
   </div>
   <div class='ocr_carea' id='block_1_77' title="bbox 212 2864 438 2894">
    <p class='ocr_par' dir='ltr' id='par_1_77' title="bbox 212 2864 438 2894">
     <span class='ocr_line' id='line_1_79' title="bbox 212 2864 438 2894; baseline 0 -6"><span class='ocrx_word' id='word_1_601' title='bbox 212 2864 224 2894; x_wconf 57' lang='grc' dir='ltr'>ξ</span> <span class='ocrx_word' id='word_1_602' title='bbox 241 2868 279 2894; x_wconf 75' lang='lat' dir='ltr'><strong>sul</strong></span> <span class='ocrx_word' id='word_1_603' title='bbox 289 2870 325 2893; x_wconf 85' lang='lat' dir='ltr'><strong>ra,</strong></span> <span class='ocrx_word' id='word_1_604' title='bbox 336 2864 361 2888; x_wconf 84' lang='lat' dir='ltr'><strong>in</strong></span> <span class='ocrx_word' id='word_1_605' title='bbox 372 2870 438 2889; x_wconf 83' lang='lat' dir='ltr'><strong>area.</strong></span> 
     </span>
    </p>
   </div>
   <div class='ocr_carea' id='block_1_78' title="bbox 210 2893 419 2924">
    <p class='ocr_par' dir='ltr' id='par_1_78' title="bbox 210 2893 419 2924">
     <span class='ocr_line' id='line_1_80' title="bbox 210 2893 419 2924; baseline 0.005 -6"><span class='ocrx_word' id='word_1_606' title='bbox 210 2893 222 2910; x_wconf 74' lang='grc' dir='ltr'><strong>ν</strong></span> <span class='ocrx_word' id='word_1_607' title='bbox 239 2893 316 2924; x_wconf 75' lang='lat' dir='ltr'><strong>Forte,</strong></span> <span class='ocrx_word' id='word_1_608' title='bbox 328 2900 359 2919; x_wconf 74' lang='lat' dir='ltr'><strong>ea:</strong></span> <span class='ocrx_word' id='word_1_609' title='bbox 370 2894 419 2919; x_wconf 80' lang='lat' dir='ltr'><strong>illo.</strong></span> 
     </span>
    </p>
   </div>
   <div class='ocr_carea' id='block_1_79' title="bbox 915 148 1098 178">
    <p class='ocr_par' dir='ltr' id='par_1_79' title="bbox 915 148 1098 178">
     <span class='ocr_line' id='line_1_81' title="bbox 915 148 1098 178; baseline -0.005 0"><span class='ocrx_word' id='word_1_610' title='bbox 915 148 1098 178; x_wconf 81' lang='lat' dir='ltr'><strong>APPENDlX.</strong></span> 
     </span>
    </p>
   </div>
   <div class='ocr_carea' id='block_1_80' title="bbox 1776 111 1900 185">
    <p class='ocr_par' dir='ltr' id='par_1_80' title="bbox 1776 111 1900 185">
     <span class='ocr_line' id='line_1_82' title="bbox 1776 111 1900 185; baseline 0 0"><span class='ocrx_word' id='word_1_611' title='bbox 1776 111 1900 185; x_wconf 72' lang='lat' dir='ltr'><strong>ml</strong></span> 
     </span>
    </p>
   </div>
   <div class='ocr_carea' id='block_1_81' title="bbox 1030 207 1835 243">
    <p class='ocr_par' dir='ltr' id='par_1_81' title="bbox 1030 207 1835 243">
     <span class='ocr_line' id='line_1_83' title="bbox 1030 207 1835 243; baseline 0 -8"><span class='ocrx_word' id='word_1_612' title='bbox 1030 208 1130 242; x_wconf 85' lang='lat' dir='ltr'><strong>addidi,</strong></span> <span class='ocrx_word' id='word_1_613' title='bbox 1156 207 1250 236; x_wconf 83' lang='lat' dir='ltr'><strong>dolens</strong></span> <span class='ocrx_word' id='word_1_614' title='bbox 1275 214 1353 236; x_wconf 82' lang='lat' dir='ltr'><strong>causa</strong></span> <span class='ocrx_word' id='word_1_615' title='bbox 1378 208 1461 236; x_wconf 80' lang='lat' dir='ltr'><strong>Mauri</strong></span> <span class='ocrx_word' id='word_1_616' title='bbox 1488 207 1600 243; x_wconf 85' lang='lat' dir='ltr'><strong>hospitis</strong></span> <span class='ocrx_word' id='word_1_617' title='bbox 1620 207 1685 235; x_wconf 87' lang='lat' dir='ltr'><strong>mei.</strong></span> <span class='ocrx_word' id='word_1_618' title='bbox 1706 207 1835 236; x_wconf 67' lang='grc' dir='ltr'><strong>Αεὶίιιιιιιι</strong></span> 
     </span>
    </p>
   </div>
   <div class='ocr_carea' id='block_1_82' title="bbox 1029 243 1833 279">
    <p class='ocr_par' dir='ltr' id='par_1_82' title="bbox 1029 243 1833 279">
     <span class='ocr_line' id='line_1_84' title="bbox 1029 243 1833 279; baseline 0 -8"><span class='ocrx_word' id='word_1_619' title='bbox 1029 244 1173 279; x_wconf 89' lang='lat' dir='ltr'><strong>proconsul</strong></span> <span class='ocrx_word' id='word_1_620' title='bbox 1185 243 1252 271; x_wconf 84' lang='lat' dir='ltr'><strong>dixit</strong></span> <span class='ocrx_word' id='word_1_621' title='bbox 1267 251 1274 259; x_wconf 71' lang='grc' dir='ltr'>ι</span> <span class='ocrx_word' id='word_1_622' title='bbox 1288 243 1478 271; x_wconf 83' lang='lat' dir='ltr'><strong>Constantinus</strong></span> <span class='ocrx_word' id='word_1_623' title='bbox 1493 244 1623 271; x_wconf 80' lang='lat' dir='ltr'><strong>Maximus</strong></span> <span class='ocrx_word' id='word_1_624' title='bbox 1642 251 1752 277; x_wconf 87' lang='lat' dir='ltr'><strong>semper</strong></span> <span class='ocrx_word' id='word_1_625' title='bbox 1769 245 1833 271; x_wconf 82' lang='lat' dir='ltr'><strong>Au-</strong></span> 
     </span>
    </p>
   </div>
   <div class='ocr_carea' id='block_1_83' title="bbox 1028 279 1834 314">
    <p class='ocr_par' dir='ltr' id='par_1_83' title="bbox 1028 279 1834 314">
     <span class='ocr_line' id='line_1_85' title="bbox 1028 279 1834 314; baseline 0.002 -8"><span class='ocrx_word' id='word_1_626' title='bbox 1028 284 1122 313; x_wconf 74' lang='lat' dir='ltr'><strong>gustus</strong></span> <span class='ocrx_word' id='word_1_627' title='bbox 1142 284 1169 306; x_wconf 84' lang='lat' dir='ltr'><strong>et</strong></span> <span class='ocrx_word' id='word_1_628' title='bbox 1191 279 1308 307; x_wconf 86' lang='lat' dir='ltr'><strong>Licinius</strong></span> <span class='ocrx_word' id='word_1_629' title='bbox 1321 279 1452 312; x_wconf 71' lang='lat' dir='ltr'><strong>Caesares,</strong></span> <span class='ocrx_word' id='word_1_630' title='bbox 1477 280 1510 306; x_wconf 84' lang='lat' dir='ltr'><strong>ita</strong></span> <span class='ocrx_word' id='word_1_631' title='bbox 1528 279 1653 314; x_wconf 86' lang='lat' dir='ltr'><strong>pietatem</strong></span> <span class='ocrx_word' id='word_1_632' title='bbox 1669 279 1834 308; x_wconf 79' lang='lat' dir='ltr'><strong>Christianis</strong></span> 
     </span>
    </p>
   </div>
   <div class='ocr_carea' id='block_1_84' title="bbox 1029 315 1832 350">
    <p class='ocr_par' dir='ltr' id='par_1_84' title="bbox 1029 315 1832 350">
     <span class='ocr_line' id='line_1_86' title="bbox 1029 315 1832 350; baseline 0 -8"><span class='ocrx_word' id='word_1_633' title='bbox 1029 315 1156 343; x_wconf 86' lang='lat' dir='ltr'><strong>exhibere</strong></span> <span class='ocrx_word' id='word_1_634' title='bbox 1169 315 1321 350; x_wconf 87' lang='lat' dir='ltr'><strong>dignantur.</strong></span> <span class='ocrx_word' id='word_1_635' title='bbox 1338 319 1366 342; x_wconf 92' lang='lat' dir='ltr'><strong>ut</strong></span> <span class='ocrx_word' id='word_1_636' title='bbox 1380 315 1546 350; x_wconf 87' lang='lat' dir='ltr'><strong>disciplinam</strong></span> <span class='ocrx_word' id='word_1_637' title='bbox 1567 315 1706 350; x_wconf 66' lang='lat' dir='ltr'><strong>corrumpi</strong></span> <span class='ocrx_word' id='word_1_638' title='bbox 1732 315 1832 348; x_wconf 81' lang='lat' dir='ltr'><strong>nolint,</strong></span> 
     </span>
    </p>
   </div>
   <div class='ocr_carea' id='block_1_85' title="bbox 1029 350 1831 386">
    <p class='ocr_par' dir='ltr' id='par_1_85' title="bbox 1029 350 1831 386">
     <span class='ocr_line' id='line_1_87' title="bbox 1029 350 1831 386; baseline 0 -9"><span class='ocrx_word' id='word_1_639' title='bbox 1029 350 1077 386; x_wconf 74' lang='lat' dir='ltr'><strong>sed</strong></span> <span class='ocrx_word' id='word_1_640' title='bbox 1093 351 1179 385; x_wconf 90' lang='lat' dir='ltr'><strong>potius</strong></span> <span class='ocrx_word' id='word_1_641' title='bbox 1192 351 1327 378; x_wconf 84' lang='lat' dir='ltr'><strong>observari</strong></span> <span class='ocrx_word' id='word_1_642' title='bbox 1343 351 1500 386; x_wconf 85' lang='lat' dir='ltr'><strong>religionem</strong></span> <span class='ocrx_word' id='word_1_643' title='bbox 1514 351 1603 386; x_wconf 85' lang='lat' dir='ltr'><strong>istam,</strong></span> <span class='ocrx_word' id='word_1_644' title='bbox 1624 356 1650 377; x_wconf 90' lang='lat' dir='ltr'><strong>et</strong></span> <span class='ocrx_word' id='word_1_645' title='bbox 1660 350 1718 386; x_wconf 19' lang='lat' dir='ltr'><strong>rcoli</strong></span> <span class='ocrx_word' id='word_1_646' title='bbox 1732 351 1831 378; x_wconf 85' lang='lat' dir='ltr'><strong>velint.</strong></span> 
     </span>
    </p>
   </div>
   <div class='ocr_carea' id='block_1_86' title="bbox 1029 385 1832 422">
    <p class='ocr_par' dir='ltr' id='par_1_86' title="bbox 1029 385 1832 422">
     <span class='ocr_line' id='line_1_88' title="bbox 1029 385 1832 422; baseline 0.002 -10"><span class='ocrx_word' id='word_1_647' title='bbox 1029 385 1087 412; x_wconf 83' lang='lat' dir='ltr'><strong>Noli</strong></span> <span class='ocrx_word' id='word_1_648' title='bbox 1099 386 1188 421; x_wconf 86' lang='lat' dir='ltr'><strong>itaque</strong></span> <span class='ocrx_word' id='word_1_649' title='bbox 1199 386 1245 414; x_wconf 87' lang='lat' dir='ltr'><strong>tibi</strong></span> <span class='ocrx_word' id='word_1_650' title='bbox 1258 386 1382 418; x_wconf 89' lang='lat' dir='ltr'><strong>blandiri,</strong></span> <span class='ocrx_word' id='word_1_651' title='bbox 1395 385 1466 422; x_wconf 87' lang='lat' dir='ltr'><strong>quod</strong></span> <span class='ocrx_word' id='word_1_652' title='bbox 1480 386 1543 422; x_wconf 89' lang='lat' dir='ltr'><strong>mihi</strong></span> <span class='ocrx_word' id='word_1_653' title='bbox 1554 385 1639 418; x_wconf 91' lang='lat' dir='ltr'><strong>dicas,</strong></span> <span class='ocrx_word' id='word_1_654' title='bbox 1651 385 1832 422; x_wconf 71' lang='lat' dir='ltr'><strong>decurionem</strong></span> 
     </span>
    </p>
   </div>
   <div class='ocr_carea' id='block_1_87' title="bbox 1029 421 1832 456">
    <p class='ocr_par' dir='ltr' id='par_1_87' title="bbox 1029 421 1832 456">
     <span class='ocr_line' id='line_1_89' title="bbox 1029 421 1832 456; baseline 0.001 -8"><span class='ocrx_word' id='word_1_655' title='bbox 1029 425 1056 448; x_wconf 92' lang='lat' dir='ltr'><strong>te</strong></span> <span class='ocrx_word' id='word_1_656' title='bbox 1070 428 1139 454; x_wconf 86' lang='lat' dir='ltr'><strong>esse,</strong></span> <span class='ocrx_word' id='word_1_657' title='bbox 1153 429 1185 449; x_wconf 92' lang='lat' dir='ltr'><strong>ac</strong></span> <span class='ocrx_word' id='word_1_658' title='bbox 1194 426 1335 456; x_wconf 83' lang='lat' dir='ltr'><strong>propterea</strong></span> <span class='ocrx_word' id='word_1_659' title='bbox 1349 429 1402 448; x_wconf 91' lang='lat' dir='ltr'><strong>non</strong></span> <span class='ocrx_word' id='word_1_660' title='bbox 1416 421 1503 456; x_wconf 90' lang='lat' dir='ltr'><strong>possis</strong></span> <span class='ocrx_word' id='word_1_661' title='bbox 1523 422 1652 456; x_wconf 89' lang='lat' dir='ltr'><strong>torqueri.</strong></span> <span class='ocrx_word' id='word_1_662' title='bbox 1668 421 1832 455; x_wconf 76' lang='lat' dir='ltr'><strong>Torquet-is,</strong></span> 
     </span>
    </p>
   </div>
   <div class='ocr_carea' id='block_1_88' title="bbox 1030 456 1833 491">
    <p class='ocr_par' dir='ltr' id='par_1_88' title="bbox 1030 456 1833 491">
     <span class='ocr_line' id='line_1_90' title="bbox 1030 456 1833 491; baseline 0.002 -8"><span class='ocrx_word' id='word_1_663' title='bbox 1030 464 1064 483; x_wconf 88' lang='lat' dir='ltr'><strong>ne</strong></span> <span class='ocrx_word' id='word_1_664' title='bbox 1078 457 1224 487; x_wconf 87' lang='lat' dir='ltr'><strong>mentiaris.</strong></span> <span class='ocrx_word' id='word_1_665' title='bbox 1238 457 1309 491; x_wconf 89' lang='lat' dir='ltr'><strong>quod</strong></span> <span class='ocrx_word' id='word_1_666' title='bbox 1324 457 1439 484; x_wconf 87' lang='lat' dir='ltr'><strong>alienum</strong></span> <span class='ocrx_word' id='word_1_667' title='bbox 1456 457 1616 485; x_wconf 83' lang='lat' dir='ltr'><strong>Christianis</strong></span> <span class='ocrx_word' id='word_1_668' title='bbox 1631 464 1693 484; x_wconf 85' lang='lat' dir='ltr'><strong>esse</strong></span> <span class='ocrx_word' id='word_1_669' title='bbox 1708 456 1833 485; x_wconf 81' lang='lat' dir='ltr'><strong>videtur.</strong></span> 
     </span>
    </p>
   </div>
   <div class='ocr_carea' id='block_1_89' title="bbox 1029 491 1834 528">
    <p class='ocr_par' dir='ltr' id='par_1_89' title="bbox 1029 491 1834 528">
     <span class='ocr_line' id='line_1_91' title="bbox 1029 491 1834 528; baseline 0.001 -9"><span class='ocrx_word' id='word_1_670' title='bbox 1029 492 1063 528; x_wconf 72' lang='lat' dir='ltr'><strong>Et</strong></span> <span class='ocrx_word' id='word_1_671' title='bbox 1076 492 1136 519; x_wconf 90' lang='lat' dir='ltr'><strong>ideo</strong></span> <span class='ocrx_word' id='word_1_672' title='bbox 1146 492 1190 519; x_wconf 91' lang='lat' dir='ltr'><strong>dic</strong></span> <span class='ocrx_word' id='word_1_673' title='bbox 1200 492 1365 527; x_wconf 82' lang='lat' dir='ltr'><strong>simpliciter,</strong></span> <span class='ocrx_word' id='word_1_674' title='bbox 1376 500 1410 520; x_wconf 88' lang='lat' dir='ltr'><strong>ne</strong></span> <span class='ocrx_word' id='word_1_675' title='bbox 1419 492 1579 528; x_wconf 89' lang='lat' dir='ltr'><strong>torquearis.</strong></span> <span class='ocrx_word' id='word_1_676' title='bbox 1592 491 1728 527; x_wconf 78' lang='lat' dir='ltr'><strong>logelltills</strong></span> <span class='ocrx_word' id='word_1_677' title='bbox 1741 492 1815 520; x_wconf 86' lang='lat' dir='ltr'><strong>dixit</strong></span> <span class='ocrx_word' id='word_1_678' title='bbox 1827 502 1834 520; x_wconf 79' lang='lat'>2</span> 
     </span>
    </p>
   </div>
   <div class='ocr_carea' id='block_1_90' title="bbox 1029 527 1835 562">
    <p class='ocr_par' dir='ltr' id='par_1_90' title="bbox 1029 527 1835 562">
     <span class='ocr_line' id='line_1_92' title="bbox 1029 527 1835 562; baseline 0.001 -8"><span class='ocrx_word' id='word_1_679' title='bbox 1029 527 1087 554; x_wconf 85' lang='lat' dir='ltr'><strong>Jam</strong></span> <span class='ocrx_word' id='word_1_680' title='bbox 1101 528 1239 555; x_wconf 79' lang='lat' dir='ltr'><strong>confessus</strong></span> <span class='ocrx_word' id='word_1_681' title='bbox 1253 535 1311 554; x_wconf 88' lang='lat' dir='ltr'><strong>sunt</strong></span> <span class='ocrx_word' id='word_1_682' title='bbox 1326 528 1384 555; x_wconf 88' lang='lat' dir='ltr'><strong>sine</strong></span> <span class='ocrx_word' id='word_1_683' title='bbox 1397 527 1541 560; x_wconf 86' lang='lat' dir='ltr'><strong>tormento,</strong></span> <span class='ocrx_word' id='word_1_684' title='bbox 1557 528 1728 562; x_wconf 83' lang='lat' dir='ltr'><strong>Apronianus</strong></span> <span class='ocrx_word' id='word_1_685' title='bbox 1739 528 1811 555; x_wconf 77' lang='lat' dir='ltr'><strong>dixit</strong></span> <span class='ocrx_word' id='word_1_686' title='bbox 1827 538 1835 555; x_wconf 90' lang='lat'>:</span> 
     </span>
    </p>
   </div>
   <div class='ocr_carea' id='block_1_91' title="bbox 1030 562 1833 598">
    <p class='ocr_par' dir='ltr' id='par_1_91' title="bbox 1030 562 1833 598">
     <span class='ocr_line' id='line_1_93' title="bbox 1030 562 1833 598; baseline 0.001 -9"><span class='ocrx_word' id='word_1_687' title='bbox 1030 562 1143 597; x_wconf 86' lang='lat' dir='ltr'><strong>Dignare</strong></span> <span class='ocrx_word' id='word_1_688' title='bbox 1156 562 1191 590; x_wconf 91' lang='lat' dir='ltr'><strong>de</strong></span> <span class='ocrx_word' id='word_1_689' title='bbox 1208 570 1241 590; x_wconf 92' lang='lat' dir='ltr'><strong>eo</strong></span> <span class='ocrx_word' id='word_1_690' title='bbox 1255 571 1385 597; x_wconf 65' lang='lat' dir='ltr'><strong>quarrere,</strong></span> <span class='ocrx_word' id='word_1_691' title='bbox 1407 571 1458 598; x_wconf 86' lang='lat' dir='ltr'><strong>qua</strong></span> <span class='ocrx_word' id='word_1_692' title='bbox 1482 563 1654 596; x_wconf 85' lang='lat' dir='ltr'><strong>auctoritate,</strong></span> <span class='ocrx_word' id='word_1_693' title='bbox 1676 570 1729 598; x_wconf 88' lang='lat' dir='ltr'><strong>quo</strong></span> <span class='ocrx_word' id='word_1_694' title='bbox 1753 563 1833 596; x_wconf 86' lang='lat' dir='ltr'><strong>dolo,</strong></span> 
     </span>
    </p>
   </div>
   <div class='ocr_carea' id='block_1_92' title="bbox 1031 572 1835 632">
    <p class='ocr_par' dir='ltr' id='par_1_92' title="bbox 1031 572 1835 632">
     <span class='ocr_line' id='line_1_94' title="bbox 1031 572 1833 598; baseline 0.001 -9"><span class='ocrx_word' id='word_1_695' title='bbox 1031 572 1143 597; x_wconf 85' lang='lat' dir='ltr'><strong>ulgnare</strong></span> <span class='ocrx_word' id='word_1_696' title='bbox 1156 572 1191 590; x_wconf 86' lang='lat' dir='ltr'><strong>ue</strong></span> <span class='ocrx_word' id='word_1_697' title='bbox 1208 572 1241 590; x_wconf 91' lang='lat' dir='ltr'><strong>eo</strong></span> <span class='ocrx_word' id='word_1_698' title='bbox 1255 572 1385 597; x_wconf 71' lang='lat' dir='ltr'><strong>qumrere,</strong></span> <span class='ocrx_word' id='word_1_699' title='bbox 1407 572 1458 598; x_wconf 88' lang='lat' dir='ltr'><strong>qua</strong></span> <span class='ocrx_word' id='word_1_700' title='bbox 1482 572 1654 596; x_wconf 75' lang='lat' dir='ltr'><strong>aucrorliate,</strong></span> <span class='ocrx_word' id='word_1_701' title='bbox 1695 572 1729 590; x_wconf 89' lang='lat' dir='ltr'><strong>uo</strong></span> <span class='ocrx_word' id='word_1_702' title='bbox 1753 572 1833 596; x_wconf 85' lang='lat' dir='ltr'><strong>uolo,</strong></span> 
     </span>
     <span class='ocr_line' id='line_1_95' title="bbox 1031 572 1835 632; baseline 0.002 -8"><span class='ocrx_word' id='word_1_703' title='bbox 1031 605 1082 632; x_wconf 89' lang='lat' dir='ltr'><strong>qua</strong></span> <span class='ocrx_word' id='word_1_704' title='bbox 1097 598 1199 625; x_wconf 89' lang='lat' dir='ltr'><strong>insania</strong></span> <span class='ocrx_word' id='word_1_705' title='bbox 1214 598 1348 626; x_wconf 87' lang='lat' dir='ltr'><strong>circuierit</strong></span> <span class='ocrx_word' id='word_1_706' title='bbox 1366 598 1536 626; x_wconf 87' lang='lat' dir='ltr'><strong>Mauritanias</strong></span> <span class='ocrx_word' id='word_1_707' title='bbox 1559 606 1664 631; x_wconf 88' lang='lat' dir='ltr'><strong>omnes,</strong></span> <span class='ocrx_word' id='word_1_708' title='bbox 1676 572 1835 627; x_wconf 42' lang='grc' dir='ltr'><strong>ίὶΊιιιηίόίπ</strong></span> 
     </span>
    </p>
   </div>
   <div class='ocr_carea' id='block_1_93' title="bbox 1028 633 1834 668">
    <p class='ocr_par' dir='ltr' id='par_1_93' title="bbox 1028 633 1834 668">
     <span class='ocr_line' id='line_1_96' title="bbox 1028 633 1834 668; baseline 0.004 -9"><span class='ocrx_word' id='word_1_709' title='bbox 1028 634 1119 664; x_wconf 89' lang='lat' dir='ltr'><strong>etiam,</strong></span> <span class='ocrx_word' id='word_1_710' title='bbox 1133 641 1184 668; x_wconf 89' lang='lat' dir='ltr'><strong>qua</strong></span> <span class='ocrx_word' id='word_1_711' title='bbox 1200 634 1303 661; x_wconf 84' lang='lat' dir='ltr'><strong>ratione</strong></span> <span class='ocrx_word' id='word_1_712' title='bbox 1316 633 1475 661; x_wconf 87' lang='lat' dir='ltr'><strong>seditionem</strong></span> <span class='ocrx_word' id='word_1_713' title='bbox 1488 634 1666 661; x_wconf 86' lang='lat' dir='ltr'><strong>commoverit</strong></span> <span class='ocrx_word' id='word_1_714' title='bbox 1685 633 1834 662; x_wconf 66' lang='lat' dir='ltr'><strong>catholica</strong></span> 
     </span>
    </p>
   </div>
   <div class='ocr_carea' id='block_1_94' title="bbox 1028 668 1835 704">
    <p class='ocr_par' dir='ltr' id='par_1_94' title="bbox 1028 668 1835 704">
     <span class='ocr_line' id='line_1_97' title="bbox 1028 668 1835 704; baseline 0.002 -9"><span class='ocrx_word' id='word_1_715' title='bbox 1028 668 1167 704; x_wconf 82' lang='lat' dir='ltr'><strong>Ecclesiae.</strong></span> <span class='ocrx_word' id='word_1_716' title='bbox 1190 668 1311 697; x_wconf 61' lang='lat' dir='ltr'><strong>Elianus</strong></span> <span class='ocrx_word' id='word_1_717' title='bbox 1334 669 1475 704; x_wconf 88' lang='lat' dir='ltr'><strong>proconsul</strong></span> <span class='ocrx_word' id='word_1_718' title='bbox 1502 669 1569 696; x_wconf 85' lang='lat' dir='ltr'><strong>dixit</strong></span> <span class='ocrx_word' id='word_1_719' title='bbox 1591 677 1599 696; x_wconf 87' lang='lat'><strong>:</strong></span> <span class='ocrx_word' id='word_1_720' title='bbox 1624 669 1665 696; x_wconf 89' lang='lat' dir='ltr'><strong>Ad</strong></span> <span class='ocrx_word' id='word_1_721' title='bbox 1688 669 1835 698; x_wconf 80' lang='lat' dir='ltr'><strong>Numidias</strong></span> 
     </span>
    </p>
   </div>
   <div class='ocr_carea' id='block_1_95' title="bbox 1027 703 1833 739">
    <p class='ocr_par' dir='ltr' id='par_1_95' title="bbox 1027 703 1833 739">
     <span class='ocr_line' id='line_1_98' title="bbox 1027 703 1833 739; baseline 0.002 -9"><span class='ocrx_word' id='word_1_722' title='bbox 1027 703 1120 730; x_wconf 78' lang='lat' dir='ltr'><strong>fuisti?</strong></span> <span class='ocrx_word' id='word_1_723' title='bbox 1144 704 1313 739; x_wconf 77' lang='lat' dir='ltr'><strong>Respondit:</strong></span> <span class='ocrx_word' id='word_1_724' title='bbox 1336 703 1409 737; x_wconf 83' lang='lat' dir='ltr'><strong>Non,</strong></span> <span class='ocrx_word' id='word_1_725' title='bbox 1426 704 1534 732; x_wconf 86' lang='lat' dir='ltr'><strong>domine</strong></span> <span class='ocrx_word' id='word_1_726' title='bbox 1557 713 1564 731; x_wconf 90' lang='lat'><strong>:</strong></span> <span class='ocrx_word' id='word_1_727' title='bbox 1589 705 1624 731; x_wconf 89' lang='lat' dir='ltr'><strong>sit</strong></span> <span class='ocrx_word' id='word_1_728' title='bbox 1649 705 1694 738; x_wconf 92' lang='lat' dir='ltr'><strong>qui</strong></span> <span class='ocrx_word' id='word_1_729' title='bbox 1718 704 1833 739; x_wconf 75' lang='lat' dir='ltr'><strong>probet.</strong></span> 
     </span>
    </p>
   </div>
   <div class='ocr_carea' id='block_1_96' title="bbox 1028 739 1834 774">
    <p class='ocr_par' dir='ltr' id='par_1_96' title="bbox 1028 739 1834 774">
     <span class='ocr_line' id='line_1_99' title="bbox 1028 739 1834 774; baseline 0.004 -9"><span class='ocrx_word' id='word_1_730' title='bbox 1028 739 1151 767; x_wconf 66' lang='lat' dir='ltr'><strong>JElianus</strong></span> <span class='ocrx_word' id='word_1_731' title='bbox 1167 739 1307 774; x_wconf 86' lang='lat' dir='ltr'><strong>proconsul</strong></span> <span class='ocrx_word' id='word_1_732' title='bbox 1327 739 1394 767; x_wconf 84' lang='lat' dir='ltr'><strong>dixit</strong></span> <span class='ocrx_word' id='word_1_733' title='bbox 1420 749 1427 767; x_wconf 89' lang='lat'>:</span> <span class='ocrx_word' id='word_1_734' title='bbox 1453 739 1508 767; x_wconf 83' lang='lat' dir='ltr'><strong>Nec</strong></span> <span class='ocrx_word' id='word_1_735' title='bbox 1528 740 1555 767; x_wconf 92' lang='lat' dir='ltr'><strong>in</strong></span> <span class='ocrx_word' id='word_1_736' title='bbox 1578 739 1759 767; x_wconf 81' lang='lat' dir='ltr'><strong>Mauritania?</strong></span> <span class='ocrx_word' id='word_1_737' title='bbox 1775 740 1834 768; x_wconf 80' lang='lat' dir='ltr'><strong>Re-</strong></span> 
     </span>
    </p>
   </div>
   <div class='ocr_carea' id='block_1_97' title="bbox 1027 774 1834 810">
    <p class='ocr_par' dir='ltr' id='par_1_97' title="bbox 1027 774 1834 810">
     <span class='ocr_line' id='line_1_100' title="bbox 1027 774 1834 810; baseline 0.004 -9"><span class='ocrx_word' id='word_1_738' title='bbox 1027 775 1154 809; x_wconf 87' lang='lat' dir='ltr'><strong>spondit:</strong></span> <span class='ocrx_word' id='word_1_739' title='bbox 1169 775 1301 810; x_wconf 86' lang='lat' dir='ltr'><strong>Negotiari</strong></span> <span class='ocrx_word' id='word_1_740' title='bbox 1322 775 1367 802; x_wconf 91' lang='lat' dir='ltr'><strong>illo</strong></span> <span class='ocrx_word' id='word_1_741' title='bbox 1387 774 1434 803; x_wconf 82' lang='lat' dir='ltr'><strong>lui.</strong></span> <span class='ocrx_word' id='word_1_742' title='bbox 1455 775 1625 809; x_wconf 88' lang='lat' dir='ltr'><strong>Apronianus</strong></span> <span class='ocrx_word' id='word_1_743' title='bbox 1645 775 1712 802; x_wconf 83' lang='lat' dir='ltr'><strong>dixit</strong></span> <span class='ocrx_word' id='word_1_744' title='bbox 1727 784 1734 802; x_wconf 75' lang='grc' dir='ltr'>ε</span> <span class='ocrx_word' id='word_1_745' title='bbox 1752 775 1790 802; x_wconf 83' lang='lat' dir='ltr'><strong>Et</strong></span> <span class='ocrx_word' id='word_1_746' title='bbox 1804 776 1834 804; x_wconf 78' lang='lat' dir='ltr'><strong>in</strong></span> 
     </span>
    </p>
   </div>
   <div class='ocr_carea' id='block_1_98' title="bbox 1028 809 1832 847">
    <p class='ocr_par' dir='ltr' id='par_1_98' title="bbox 1028 809 1832 847">
     <span class='ocr_line' id='line_1_101' title="bbox 1028 809 1832 847; baseline 0.004 -11"><span class='ocrx_word' id='word_1_747' title='bbox 1028 810 1079 847; x_wconf 82' lang='lat' dir='ltr'><strong>hoc</strong></span> <span class='ocrx_word' id='word_1_748' title='bbox 1093 809 1229 847; x_wconf 66' lang='lat' dir='ltr'><strong>mentitur,</strong></span> <span class='ocrx_word' id='word_1_749' title='bbox 1239 810 1352 847; x_wconf 82' lang='lat' dir='ltr'><strong>domine</strong></span> <span class='ocrx_word' id='word_1_750' title='bbox 1363 809 1435 847; x_wconf 88' lang='lat' dir='ltr'><strong>(nam</strong></span> <span class='ocrx_word' id='word_1_751' title='bbox 1444 810 1477 837; x_wconf 85' lang='lat' dir='ltr'><strong>ad</strong></span> <span class='ocrx_word' id='word_1_752' title='bbox 1489 810 1652 847; x_wconf 65' lang='lat' dir='ltr'><strong>Mauritaniae</strong></span> <span class='ocrx_word' id='word_1_753' title='bbox 1663 811 1743 838; x_wconf 87' lang='lat' dir='ltr'><strong>situm</strong></span> <span class='ocrx_word' id='word_1_754' title='bbox 1752 818 1832 847; x_wconf 22' lang='lat' dir='ltr'><strong>iuon-</strong></span> 
     </span>
    </p>
   </div>
   <div class='ocr_carea' id='block_1_99' title="bbox 1028 845 1834 881">
    <p class='ocr_par' dir='ltr' id='par_1_99' title="bbox 1028 845 1834 881">
     <span class='ocr_line' id='line_1_102' title="bbox 1028 845 1834 881; baseline 0.001 -9"><span class='ocrx_word' id='word_1_755' title='bbox 1028 846 1078 872; x_wconf 85' lang='lat' dir='ltr'><strong>nisi</strong></span> <span class='ocrx_word' id='word_1_756' title='bbox 1092 854 1138 880; x_wconf 91' lang='lat' dir='ltr'><strong>per</strong></span> <span class='ocrx_word' id='word_1_757' title='bbox 1150 845 1286 874; x_wconf 85' lang='lat' dir='ltr'><strong>Numidias</strong></span> <span class='ocrx_word' id='word_1_758' title='bbox 1298 845 1437 881; x_wconf 33' lang='lat' dir='ltr'><strong>pergi‘tur),</strong></span> <span class='ocrx_word' id='word_1_759' title='bbox 1451 851 1583 881; x_wconf 85' lang='lat' dir='ltr'><strong>quatenus</strong></span> <span class='ocrx_word' id='word_1_760' title='bbox 1593 846 1658 881; x_wconf 79' lang='lat' dir='ltr'><strong>dicit</strong></span> <span class='ocrx_word' id='word_1_761' title='bbox 1669 853 1699 873; x_wconf 87' lang='lat' dir='ltr'><strong>se</strong></span> <span class='ocrx_word' id='word_1_762' title='bbox 1712 846 1737 873; x_wconf 90' lang='lat' dir='ltr'><strong>in</strong></span> <span class='ocrx_word' id='word_1_763' title='bbox 1751 846 1834 873; x_wconf 77' lang='lat' dir='ltr'><strong>Man-</strong></span> 
     </span>
    </p>
   </div>
   <div class='ocr_carea' id='block_1_100' title="bbox 1028 880 1835 917">
    <p class='ocr_par' dir='ltr' id='par_1_100' title="bbox 1028 880 1835 917">
     <span class='ocr_line' id='line_1_103' title="bbox 1028 880 1835 917; baseline 0.002 -10"><span class='ocrx_word' id='word_1_764' title='bbox 1028 881 1124 907; x_wconf 88' lang='lat' dir='ltr'><strong>ritaliia</strong></span> <span class='ocrx_word' id='word_1_765' title='bbox 1140 880 1231 912; x_wconf 82' lang='lat' dir='ltr'><strong>fuisse,</strong></span> <span class='ocrx_word' id='word_1_766' title='bbox 1247 880 1395 909; x_wconf 41' lang='lat' dir='ltr'><strong>ilonl&#39;ui&#39;sse</strong></span> <span class='ocrx_word' id='word_1_767' title='bbox 1416 882 1442 908; x_wconf 89' lang='lat' dir='ltr'><strong>in</strong></span> <span class='ocrx_word' id='word_1_768' title='bbox 1461 880 1594 909; x_wconf 84' lang='lat' dir='ltr'><strong>Numidia.</strong></span> <span class='ocrx_word' id='word_1_769' title='bbox 1618 880 1741 909; x_wconf 65' lang='lat' dir='ltr'><strong>JEIianus</strong></span> <span class='ocrx_word' id='word_1_770' title='bbox 1764 889 1835 917; x_wconf 82' lang='lat' dir='ltr'><strong>pro-</strong></span> 
     </span>
    </p>
   </div>
   <div class='ocr_carea' id='block_1_101' title="bbox 1027 916 1835 952">
    <p class='ocr_par' dir='ltr' id='par_1_101' title="bbox 1027 916 1835 952">
     <span class='ocr_line' id='line_1_104' title="bbox 1027 916 1835 952; baseline 0.001 -9"><span class='ocrx_word' id='word_1_771' title='bbox 1027 917 1120 944; x_wconf 85' lang='lat' dir='ltr'><strong>consul</strong></span> <span class='ocrx_word' id='word_1_772' title='bbox 1134 917 1252 951; x_wconf 82' lang='lat' dir='ltr'><strong>lngenlio</strong></span> <span class='ocrx_word' id='word_1_773' title='bbox 1265 917 1331 944; x_wconf 89' lang='lat' dir='ltr'><strong>dixit</strong></span> <span class='ocrx_word' id='word_1_774' title='bbox 1343 925 1349 943; x_wconf 90' lang='lat'><strong>:</strong></span> <span class='ocrx_word' id='word_1_775' title='bbox 1359 917 1440 951; x_wconf 84' lang='lat' dir='ltr'><strong>Cujus</strong></span> <span class='ocrx_word' id='word_1_776' title='bbox 1454 916 1615 944; x_wconf 83' lang='lat' dir='ltr'><strong>conditionis</strong></span> <span class='ocrx_word' id='word_1_777' title='bbox 1625 917 1674 943; x_wconf 80' lang='lat' dir='ltr'><strong>es?</strong></span> <span class='ocrx_word' id='word_1_778' title='bbox 1687 917 1835 952; x_wconf 65' lang='lat' dir='ltr'><strong>Ingentia;</strong></span> 
     </span>
    </p>
   </div>
   <div class='ocr_carea' id='block_1_102' title="bbox 1027 952 1834 987">
    <p class='ocr_par' dir='ltr' id='par_1_102' title="bbox 1027 952 1834 987">
     <span class='ocr_line' id='line_1_105' title="bbox 1027 952 1834 987; baseline 0.002 -9"><span class='ocrx_word' id='word_1_779' title='bbox 1027 952 1186 987; x_wconf 87' lang='lat' dir='ltr'><strong>respondit:</strong></span> <span class='ocrx_word' id='word_1_780' title='bbox 1202 953 1314 979; x_wconf 90' lang='lat' dir='ltr'><strong>Decurio</strong></span> <span class='ocrx_word' id='word_1_781' title='bbox 1335 959 1394 979; x_wconf 92' lang='lat' dir='ltr'><strong>sum</strong></span> <span class='ocrx_word' id='word_1_782' title='bbox 1417 952 1597 986; x_wconf 83' lang='lat' dir='ltr'><strong>Ziquensium.</strong></span> <span class='ocrx_word' id='word_1_783' title='bbox 1618 952 1740 980; x_wconf 67' lang='lat' dir='ltr'><strong>Elianus</strong></span> <span class='ocrx_word' id='word_1_784' title='bbox 1761 960 1834 987; x_wconf 56' lang='lat' dir='ltr'><strong>pro.</strong></span> 
     </span>
    </p>
   </div>
   <div class='ocr_carea' id='block_1_103' title="bbox 1027 986 1834 1021">
    <p class='ocr_par' dir='ltr' id='par_1_103' title="bbox 1027 986 1834 1021">
     <span class='ocr_line' id='line_1_106' title="bbox 1027 986 1834 1021; baseline 0.001 -7"><span class='ocrx_word' id='word_1_785' title='bbox 1027 986 1120 1014; x_wconf 77' lang='lat' dir='ltr'><strong>Consul</strong></span> <span class='ocrx_word' id='word_1_786' title='bbox 1135 987 1201 1014; x_wconf 86' lang='lat' dir='ltr'><strong>dixit</strong></span> <span class='ocrx_word' id='word_1_787' title='bbox 1213 987 1246 1014; x_wconf 89' lang='lat' dir='ltr'><strong>ad</strong></span> <span class='ocrx_word' id='word_1_788' title='bbox 1262 986 1378 1015; x_wconf 76' lang='lat' dir='ltr'><strong>ofﬁcium</strong></span> <span class='ocrx_word' id='word_1_789' title='bbox 1402 996 1408 1013; x_wconf 90' lang='lat'><strong>:</strong></span> <span class='ocrx_word' id='word_1_790' title='bbox 1424 988 1557 1015; x_wconf 80' lang='lat' dir='ltr'><strong>Subliiitle</strong></span> <span class='ocrx_word' id='word_1_791' title='bbox 1581 987 1665 1014; x_wconf 87' lang='lat' dir='ltr'><strong>illum.</strong></span> <span class='ocrx_word' id='word_1_792' title='bbox 1681 987 1738 1021; x_wconf 86' lang='lat' dir='ltr'><strong>Quo</strong></span> <span class='ocrx_word' id='word_1_793' title='bbox 1761 986 1834 1015; x_wconf 83' lang='lat' dir='ltr'><strong>sub-</strong></span> 
     </span>
    </p>
   </div>
   <div class='ocr_carea' id='block_1_104' title="bbox 1027 1022 1835 1057">
    <p class='ocr_par' dir='ltr' id='par_1_104' title="bbox 1027 1022 1835 1057">
     <span class='ocr_line' id='line_1_107' title="bbox 1027 1022 1835 1057; baseline 0.001 -8"><span class='ocrx_word' id='word_1_794' title='bbox 1027 1023 1121 1054; x_wconf 84' lang='lat' dir='ltr'><strong>misso,</strong></span> <span class='ocrx_word' id='word_1_795' title='bbox 1145 1022 1269 1050; x_wconf 63' lang='lat' dir='ltr'><strong>Elianus</strong></span> <span class='ocrx_word' id='word_1_796' title='bbox 1300 1024 1441 1057; x_wconf 83' lang='lat' dir='ltr'><strong>proconsul</strong></span> <span class='ocrx_word' id='word_1_797' title='bbox 1473 1022 1616 1050; x_wconf 64' lang='lat' dir='ltr'><strong>Cmeiliano</strong></span> <span class='ocrx_word' id='word_1_798' title='bbox 1636 1022 1725 1050; x_wconf 91' lang='lat' dir='ltr'><strong>dixit:</strong></span> <span class='ocrx_word' id='word_1_799' title='bbox 1745 1022 1835 1051; x_wconf 76' lang='lat' dir='ltr'><strong>Falsa</strong></span> 
     </span>
    </p>
   </div>
   <div class='ocr_carea' id='block_1_105' title="bbox 1027 1057 1833 1093">
    <p class='ocr_par' dir='ltr' id='par_1_105' title="bbox 1027 1057 1833 1093">
     <span class='ocr_line' id='line_1_108' title="bbox 1027 1057 1833 1093; baseline 0.002 -9"><span class='ocrx_word' id='word_1_800' title='bbox 1027 1057 1093 1093; x_wconf 84' lang='lat' dir='ltr'><strong>dicis</strong></span> <span class='ocrx_word' id='word_1_801' title='bbox 1106 1065 1164 1093; x_wconf 67' lang='lat' dir='ltr'><strong>quae</strong></span> <span class='ocrx_word' id='word_1_802' title='bbox 1179 1058 1287 1086; x_wconf 81' lang='lat' dir='ltr'><strong>dixisti?</strong></span> <span class='ocrx_word' id='word_1_803' title='bbox 1301 1057 1457 1086; x_wconf 63' lang='lat' dir='ltr'><strong>Caecilianus</strong></span> <span class='ocrx_word' id='word_1_804' title='bbox 1467 1058 1614 1093; x_wconf 87' lang='lat' dir='ltr'><strong>respondit,</strong></span> <span class='ocrx_word' id='word_1_805' title='bbox 1626 1058 1695 1091; x_wconf 87' lang='lat' dir='ltr'><strong>Non,</strong></span> <span class='ocrx_word' id='word_1_806' title='bbox 1705 1058 1833 1086; x_wconf 88' lang='lat' dir='ltr'><strong>domine.</strong></span> 
     </span>
    </p>
   </div>
   <div class='ocr_carea' id='block_1_106' title="bbox 1028 1092 1835 1129">
    <p class='ocr_par' dir='ltr' id='par_1_106' title="bbox 1028 1092 1835 1129">
     <span class='ocr_line' id='line_1_109' title="bbox 1028 1092 1835 1129; baseline 0.002 -10"><span class='ocrx_word' id='word_1_807' title='bbox 1028 1092 1052 1120; x_wconf 86' lang='lat' dir='ltr'><strong>is</strong></span> <span class='ocrx_word' id='word_1_808' title='bbox 1066 1092 1232 1129; x_wconf 49' lang='lat' dir='ltr'><strong>qui&#39;scripsit</strong></span> <span class='ocrx_word' id='word_1_809' title='bbox 1247 1094 1397 1128; x_wconf 88' lang='lat' dir='ltr'><strong>epistolam,</strong></span> <span class='ocrx_word' id='word_1_810' title='bbox 1414 1093 1477 1129; x_wconf 87' lang='lat' dir='ltr'><strong>jube</strong></span> <span class='ocrx_word' id='word_1_811' title='bbox 1498 1092 1595 1121; x_wconf 83' lang='lat' dir='ltr'><strong>veniat.</strong></span> <span class='ocrx_word' id='word_1_812' title='bbox 1619 1094 1731 1129; x_wconf 74' lang='lat' dir='ltr'><strong>Amicus</strong></span> <span class='ocrx_word' id='word_1_813' title='bbox 1742 1094 1835 1128; x_wconf 79' lang='lat' dir='ltr'><strong>ipsius</strong></span> 
     </span>
    </p>
   </div>
   <div class='ocr_carea' id='block_1_107' title="bbox 1027 1128 1834 1164">
    <p class='ocr_par' dir='ltr' id='par_1_107' title="bbox 1027 1128 1834 1164">
     <span class='ocr_line' id='line_1_110' title="bbox 1027 1128 1834 1164; baseline 0.002 -9"><span class='ocrx_word' id='word_1_814' title='bbox 1027 1135 1078 1155; x_wconf 87' lang='lat' dir='ltr'><strong>est.</strong></span> <span class='ocrx_word' id='word_1_815' title='bbox 1092 1128 1151 1163; x_wconf 88' lang='lat' dir='ltr'><strong>Ipse</strong></span> <span class='ocrx_word' id='word_1_816' title='bbox 1173 1129 1253 1161; x_wconf 89' lang='lat' dir='ltr'><strong>dicet,</strong></span> <span class='ocrx_word' id='word_1_817' title='bbox 1267 1136 1404 1164; x_wconf 90' lang='lat' dir='ltr'><strong>quousque</strong></span> <span class='ocrx_word' id='word_1_818' title='bbox 1425 1129 1521 1156; x_wconf 81' lang='lat' dir='ltr'><strong>dictavi</strong></span> <span class='ocrx_word' id='word_1_819' title='bbox 1537 1129 1690 1164; x_wconf 90' lang='lat' dir='ltr'><strong>epistolam.</strong></span> <span class='ocrx_word' id='word_1_820' title='bbox 1702 1128 1834 1157; x_wconf 61' lang='lat' dir='ltr'><strong>Elianus</strong></span> 
     </span>
    </p>
   </div>
   <div class='ocr_carea' id='block_1_108' title="bbox 1029 1164 1835 1199">
    <p class='ocr_par' dir='ltr' id='par_1_108' title="bbox 1029 1164 1835 1199">
     <span class='ocr_line' id='line_1_111' title="bbox 1029 1164 1835 1199; baseline 0.002 -9"><span class='ocrx_word' id='word_1_821' title='bbox 1029 1164 1170 1198; x_wconf 89' lang='lat' dir='ltr'><strong>proconsul</strong></span> <span class='ocrx_word' id='word_1_822' title='bbox 1185 1164 1268 1191; x_wconf 88' lang='lat' dir='ltr'><strong>dixit:</strong></span> <span class='ocrx_word' id='word_1_823' title='bbox 1280 1165 1346 1198; x_wconf 83' lang='lat' dir='ltr'><strong>Quis</strong></span> <span class='ocrx_word' id='word_1_824' title='bbox 1360 1170 1401 1191; x_wconf 92' lang='lat' dir='ltr'><strong>cst</strong></span> <span class='ocrx_word' id='word_1_825' title='bbox 1413 1164 1467 1197; x_wconf 91' lang='lat' dir='ltr'><strong>ille,</strong></span> <span class='ocrx_word' id='word_1_826' title='bbox 1476 1172 1554 1199; x_wconf 90' lang='lat' dir='ltr'><strong>quem</strong></span> <span class='ocrx_word' id='word_1_827' title='bbox 1568 1165 1658 1192; x_wconf 87' lang='lat' dir='ltr'><strong>venire</strong></span> <span class='ocrx_word' id='word_1_828' title='bbox 1670 1164 1835 1192; x_wconf 80' lang='lat' dir='ltr'><strong>desideras?</strong></span> 
     </span>
    </p>
   </div>
   <div class='ocr_carea' id='block_1_109' title="bbox 1027 1199 1832 1234">
    <p class='ocr_par' dir='ltr' id='par_1_109' title="bbox 1027 1199 1832 1234">
     <span class='ocr_line' id='line_1_112' title="bbox 1027 1199 1832 1234; baseline 0.004 -9"><span class='ocrx_word' id='word_1_829' title='bbox 1027 1199 1183 1234; x_wconf 69' lang='lat' dir='ltr'><strong>Caecilianus</strong></span> <span class='ocrx_word' id='word_1_830' title='bbox 1205 1200 1292 1226; x_wconf 81' lang='lat' dir='ltr'><strong>dixit:</strong></span> <span class='ocrx_word' id='word_1_831' title='bbox 1320 1200 1489 1234; x_wconf 85' lang='lat' dir='ltr'><strong>Augelltium,</strong></span> <span class='ocrx_word' id='word_1_832' title='bbox 1513 1207 1574 1227; x_wconf 88' lang='lat' dir='ltr'><strong>cum</strong></span> <span class='ocrx_word' id='word_1_833' title='bbox 1594 1207 1647 1234; x_wconf 92' lang='lat' dir='ltr'><strong>quo</strong></span> <span class='ocrx_word' id='word_1_834' title='bbox 1669 1200 1705 1227; x_wconf 82' lang='lat' dir='ltr'><strong>lui</strong></span> <span class='ocrx_word' id='word_1_835' title='bbox 1728 1199 1832 1228; x_wconf 64' lang='lat' dir='ltr'><strong>aedilis.</strong></span> 
     </span>
    </p>
   </div>
   <div class='ocr_carea' id='block_1_110' title="bbox 1026 1233 1833 1271">
    <p class='ocr_par' dir='ltr' id='par_1_110' title="bbox 1026 1233 1833 1271">
     <span class='ocr_line' id='line_1_113' title="bbox 1026 1233 1833 1271; baseline 0.004 -10"><span class='ocrx_word' id='word_1_836' title='bbox 1026 1233 1085 1271; x_wconf 87' lang='lat' dir='ltr'><strong>Non</strong></span> <span class='ocrx_word' id='word_1_837' title='bbox 1102 1242 1209 1271; x_wconf 82' lang='lat' dir='ltr'><strong>possum</strong></span> <span class='ocrx_word' id='word_1_838' title='bbox 1223 1235 1335 1269; x_wconf 87' lang='lat' dir='ltr'><strong>probare</strong></span> <span class='ocrx_word' id='word_1_839' title='bbox 1349 1233 1399 1261; x_wconf 81' lang='lat' dir='ltr'><strong>nisi</strong></span> <span class='ocrx_word' id='word_1_840' title='bbox 1425 1243 1483 1271; x_wconf 18' lang='lat' dir='ltr'><strong>perr</strong></span> <span class='ocrx_word' id='word_1_841' title='bbox 1493 1235 1578 1269; x_wconf 84' lang='lat' dir='ltr'><strong>ipsum</strong></span> <span class='ocrx_word' id='word_1_842' title='bbox 1594 1233 1768 1271; x_wconf 82' lang='lat' dir='ltr'><strong>Augentium,</strong></span> <span class='ocrx_word' id='word_1_843' title='bbox 1783 1236 1833 1271; x_wconf 88' lang='lat' dir='ltr'><strong>qui</strong></span> 
     </span>
    </p>
   </div>
   <div class='ocr_carea' id='block_1_111' title="bbox 1028 1270 1835 1305">
    <p class='ocr_par' dir='ltr' id='par_1_111' title="bbox 1028 1270 1835 1305">
     <span class='ocr_line' id='line_1_114' title="bbox 1028 1270 1835 1305; baseline 0.002 -9"><span class='ocrx_word' id='word_1_844' title='bbox 1028 1270 1135 1305; x_wconf 87' lang='lat' dir='ltr'><strong>scripsit</strong></span> <span class='ocrx_word' id='word_1_845' title='bbox 1149 1270 1300 1304; x_wconf 87' lang='lat' dir='ltr'><strong>epistolam,</strong></span> <span class='ocrx_word' id='word_1_846' title='bbox 1315 1277 1454 1305; x_wconf 81' lang='lat' dir='ltr'><strong>quousque</strong></span> <span class='ocrx_word' id='word_1_847' title='bbox 1469 1270 1566 1297; x_wconf 88' lang='lat' dir='ltr'><strong>dictavi</strong></span> <span class='ocrx_word' id='word_1_848' title='bbox 1588 1270 1624 1297; x_wconf 91' lang='lat' dir='ltr'><strong>illi</strong></span> <span class='ocrx_word' id='word_1_849' title='bbox 1643 1280 1649 1297; x_wconf 90' lang='lat'>:</span> <span class='ocrx_word' id='word_1_850' title='bbox 1663 1270 1722 1305; x_wconf 88' lang='lat' dir='ltr'><strong>ipse</strong></span> <span class='ocrx_word' id='word_1_851' title='bbox 1736 1270 1835 1299; x_wconf 76' lang='lat' dir='ltr'><strong>dicere</strong></span> 
     </span>
    </p>
   </div>
   <div class='ocr_carea' id='block_1_112' title="bbox 1028 1305 1832 1341">
    <p class='ocr_par' dir='ltr' id='par_1_112' title="bbox 1028 1305 1832 1341">
     <span class='ocr_line' id='line_1_115' title="bbox 1028 1305 1832 1341; baseline 0.002 -10"><span class='ocrx_word' id='word_1_852' title='bbox 1028 1310 1124 1340; x_wconf 88' lang='lat' dir='ltr'><strong>potest.</strong></span> <span class='ocrx_word' id='word_1_853' title='bbox 1133 1305 1254 1333; x_wconf 64' lang='lat' dir='ltr'><strong>(Eliantls</strong></span> <span class='ocrx_word' id='word_1_854' title='bbox 1266 1305 1405 1340; x_wconf 88' lang='lat' dir='ltr'><strong>proconsul</strong></span> <span class='ocrx_word' id='word_1_855' title='bbox 1418 1305 1485 1333; x_wconf 87' lang='lat' dir='ltr'><strong>dixit</strong></span> <span class='ocrx_word' id='word_1_856' title='bbox 1497 1315 1504 1332; x_wconf 87' lang='lat'><strong>:</strong></span> <span class='ocrx_word' id='word_1_857' title='bbox 1518 1306 1628 1333; x_wconf 88' lang='lat' dir='ltr'><strong>Constat</strong></span> <span class='ocrx_word' id='word_1_858' title='bbox 1635 1313 1703 1341; x_wconf 77' lang='lat' dir='ltr'><strong>ergo</strong></span> <span class='ocrx_word' id='word_1_859' title='bbox 1715 1306 1832 1334; x_wconf 77' lang='lat' dir='ltr'><strong>falsam&#39;</strong></span> 
     </span>
    </p>
   </div>
   <div class='ocr_carea' id='block_1_113' title="bbox 1027 1340 1835 1376">
    <p class='ocr_par' dir='ltr' id='par_1_113' title="bbox 1027 1340 1835 1376">
     <span class='ocr_line' id='line_1_116' title="bbox 1027 1340 1835 1376; baseline 0.002 -9"><span class='ocrx_word' id='word_1_860' title='bbox 1027 1348 1087 1368; x_wconf 84' lang='lat' dir='ltr'><strong>esse</strong></span> <span class='ocrx_word' id='word_1_861' title='bbox 1101 1341 1262 1376; x_wconf 83' lang='lat' dir='ltr'><strong>epistolam?</strong></span> <span class='ocrx_word' id='word_1_862' title='bbox 1275 1341 1434 1368; x_wconf 69' lang='lat' dir='ltr'><strong>Cmcilianus</strong></span> <span class='ocrx_word' id='word_1_863' title='bbox 1454 1341 1591 1375; x_wconf 88' lang='lat' dir='ltr'><strong>respondit</strong></span> <span class='ocrx_word' id='word_1_864' title='bbox 1605 1350 1611 1367; x_wconf 91' lang='lat'>:</span> <span class='ocrx_word' id='word_1_865' title='bbox 1627 1340 1739 1368; x_wconf 87' lang='lat' dir='ltr'><strong>Constat</strong></span> <span class='ocrx_word' id='word_1_866' title='bbox 1749 1362 1757 1374; x_wconf 90' lang='lat'><strong>,</strong></span> <span class='ocrx_word' id='word_1_867' title='bbox 1779 1341 1835 1369; x_wconf 87' lang='lat' dir='ltr'><strong>do-</strong></span> 
     </span>
    </p>
   </div>
   <div class='ocr_carea' id='block_1_114' title="bbox 1027 1376 1835 1411">
    <p class='ocr_par' dir='ltr' id='par_1_114' title="bbox 1027 1376 1835 1411">
     <span class='ocr_line' id='line_1_117' title="bbox 1027 1376 1835 1411; baseline 0.002 -8"><span class='ocrx_word' id='word_1_868' title='bbox 1027 1376 1110 1408; x_wconf 86' lang='lat' dir='ltr'><strong>mine,</strong></span> <span class='ocrx_word' id='word_1_869' title='bbox 1127 1384 1179 1403; x_wconf 93' lang='lat' dir='ltr'><strong>non</strong></span> <span class='ocrx_word' id='word_1_870' title='bbox 1202 1376 1317 1403; x_wconf 87' lang='lat' dir='ltr'><strong>mentior</strong></span> <span class='ocrx_word' id='word_1_871' title='bbox 1337 1376 1363 1403; x_wconf 93' lang='lat' dir='ltr'><strong>in</strong></span> <span class='ocrx_word' id='word_1_872' title='bbox 1378 1376 1507 1411; x_wconf 82' lang='lat' dir='ltr'><strong>sanguine</strong></span> <span class='ocrx_word' id='word_1_873' title='bbox 1529 1383 1599 1403; x_wconf 88' lang='lat' dir='ltr'><strong>meo.</strong></span> <span class='ocrx_word' id='word_1_874' title='bbox 1620 1376 1746 1404; x_wconf 62' lang='lat' dir='ltr'><strong>Elianus</strong></span> <span class='ocrx_word' id='word_1_875' title='bbox 1764 1384 1835 1411; x_wconf 85' lang='lat' dir='ltr'><strong>pro-</strong></span> 
     </span>
    </p>
   </div>
   <div class='ocr_carea' id='block_1_115' title="bbox 1027 1411 1832 1447">
    <p class='ocr_par' dir='ltr' id='par_1_115' title="bbox 1027 1411 1832 1447">
     <span class='ocr_line' id='line_1_118' title="bbox 1027 1411 1832 1447; baseline 0.002 -9"><span class='ocrx_word' id='word_1_876' title='bbox 1027 1411 1120 1438; x_wconf 87' lang='lat' dir='ltr'><strong>consul</strong></span> <span class='ocrx_word' id='word_1_877' title='bbox 1134 1412 1200 1439; x_wconf 85' lang='lat' dir='ltr'><strong>dixit</strong></span> <span class='ocrx_word' id='word_1_878' title='bbox 1213 1421 1219 1438; x_wconf 91' lang='lat'>:</span> <span class='ocrx_word' id='word_1_879' title='bbox 1235 1412 1301 1438; x_wconf 84' lang='lat' dir='ltr'><strong>Cum</strong></span> <span class='ocrx_word' id='word_1_880' title='bbox 1316 1411 1512 1438; x_wconf 88' lang='lat' dir='ltr'><strong>duumviratuln</strong></span> <span class='ocrx_word' id='word_1_881' title='bbox 1522 1411 1609 1447; x_wconf 84' lang='lat' dir='ltr'><strong>egeris</strong></span> <span class='ocrx_word' id='word_1_882' title='bbox 1629 1412 1654 1438; x_wconf 96' lang='lat' dir='ltr'><strong>in</strong></span> <span class='ocrx_word' id='word_1_883' title='bbox 1668 1412 1753 1447; x_wconf 88' lang='lat' dir='ltr'><strong>patria</strong></span> <span class='ocrx_word' id='word_1_884' title='bbox 1769 1417 1832 1446; x_wconf 82' lang='lat' dir='ltr'><strong>tua,</strong></span> 
     </span>
    </p>
   </div>
   <div class='ocr_carea' id='block_1_116' title="bbox 1028 1447 1831 1482">
    <p class='ocr_par' dir='ltr' id='par_1_116' title="bbox 1028 1447 1831 1482">
     <span class='ocr_line' id='line_1_119' title="bbox 1028 1447 1831 1482; baseline 0.004 -10"><span class='ocrx_word' id='word_1_885' title='bbox 1028 1451 1134 1481; x_wconf 87' lang='lat' dir='ltr'><strong>oportet</strong></span> <span class='ocrx_word' id='word_1_886' title='bbox 1156 1447 1235 1474; x_wconf 84' lang='lat' dir='ltr'><strong>ﬁdem</strong></span> <span class='ocrx_word' id='word_1_887' title='bbox 1255 1447 1343 1474; x_wconf 85' lang='lat' dir='ltr'><strong>verbis</strong></span> <span class='ocrx_word' id='word_1_888' title='bbox 1364 1447 1416 1474; x_wconf 85' lang='lat' dir='ltr'><strong>tuis</strong></span> <span class='ocrx_word' id='word_1_889' title='bbox 1430 1447 1537 1474; x_wconf 90' lang='lat' dir='ltr'><strong>habere.</strong></span> <span class='ocrx_word' id='word_1_890' title='bbox 1553 1448 1724 1482; x_wconf 88' lang='lat' dir='ltr'><strong>Apronianus</strong></span> <span class='ocrx_word' id='word_1_891' title='bbox 1737 1447 1831 1475; x_wconf 81' lang='lat' dir='ltr'><strong>dixit:</strong></span> 
     </span>
    </p>
   </div>
   <div class='ocr_carea' id='block_1_117' title="bbox 1027 1482 1833 1514">
    <p class='ocr_par' dir='ltr' id='par_1_117' title="bbox 1027 1482 1833 1514">
     <span class='ocr_line' id='line_1_120' title="bbox 1027 1482 1833 1514; baseline 0.001 -5"><span class='ocrx_word' id='word_1_892' title='bbox 1027 1482 1081 1509; x_wconf 84' lang='lat' dir='ltr'><strong>Nec</strong></span> <span class='ocrx_word' id='word_1_893' title='bbox 1095 1489 1191 1509; x_wconf 89' lang='lat' dir='ltr'><strong>novum</strong></span> <span class='ocrx_word' id='word_1_894' title='bbox 1205 1487 1246 1510; x_wconf 81' lang='lat' dir='ltr'><strong>est</strong></span> <span class='ocrx_word' id='word_1_895' title='bbox 1259 1482 1321 1514; x_wconf 90' lang='lat' dir='ltr'><strong>illis,</strong></span> <span class='ocrx_word' id='word_1_896' title='bbox 1339 1482 1389 1509; x_wconf 88' lang='lat' dir='ltr'><strong>lioc</strong></span> <span class='ocrx_word' id='word_1_897' title='bbox 1401 1482 1497 1509; x_wconf 79' lang='lat' dir='ltr'><strong>facere.</strong></span> <span class='ocrx_word' id='word_1_898' title='bbox 1511 1482 1644 1509; x_wconf 72' lang='lat' dir='ltr'><strong>Ctetcrum</strong></span> <span class='ocrx_word' id='word_1_899' title='bbox 1659 1487 1686 1510; x_wconf 90' lang='lat' dir='ltr'><strong>et</strong></span> <span class='ocrx_word' id='word_1_900' title='bbox 1697 1483 1764 1510; x_wconf 85' lang='lat' dir='ltr'><strong>actis</strong></span> <span class='ocrx_word' id='word_1_901' title='bbox 1777 1482 1833 1510; x_wconf 87' lang='lat' dir='ltr'><strong>ad-</strong></span> 
     </span>
    </p>
   </div>
   <div class='ocr_carea' id='block_1_118' title="bbox 1027 1517 1832 1553">
    <p class='ocr_par' dir='ltr' id='par_1_118' title="bbox 1027 1517 1832 1553">
     <span class='ocr_line' id='line_1_121' title="bbox 1027 1517 1832 1553; baseline 0.001 -8"><span class='ocrx_word' id='word_1_902' title='bbox 1027 1517 1152 1553; x_wconf 85' lang='lat' dir='ltr'><strong>diderunt</strong></span> <span class='ocrx_word' id='word_1_903' title='bbox 1176 1517 1245 1553; x_wconf 84' lang='lat' dir='ltr'><strong>quod</strong></span> <span class='ocrx_word' id='word_1_904' title='bbox 1266 1518 1418 1544; x_wconf 89' lang='lat' dir='ltr'><strong>voluerunt.</strong></span> <span class='ocrx_word' id='word_1_905' title='bbox 1445 1517 1503 1544; x_wconf 81' lang='lat' dir='ltr'><strong>Jam</strong></span> <span class='ocrx_word' id='word_1_906' title='bbox 1527 1518 1669 1545; x_wconf 91' lang='lat' dir='ltr'><strong>artiﬁcium</strong></span> <span class='ocrx_word' id='word_1_907' title='bbox 1684 1523 1737 1553; x_wconf 11' lang='lat' dir='ltr'><strong>gest</strong></span> <span class='ocrx_word' id='word_1_908' title='bbox 1761 1518 1832 1546; x_wconf 80' lang='lat' dir='ltr'><strong>illis.</strong></span> 
     </span>
    </p>
   </div>
   <div class='ocr_carea' id='block_1_119' title="bbox 1028 1552 1831 1587">
    <p class='ocr_par' dir='ltr' id='par_1_119' title="bbox 1028 1552 1831 1587">
     <span class='ocr_line' id='line_1_122' title="bbox 1028 1552 1831 1587; baseline 0.001 -7"><span class='ocrx_word' id='word_1_909' title='bbox 1028 1552 1151 1581; x_wconf 67' lang='lat' dir='ltr'><strong>Elianus</strong></span> <span class='ocrx_word' id='word_1_910' title='bbox 1164 1552 1306 1587; x_wconf 79' lang='lat' dir='ltr'><strong>proconsul</strong></span> <span class='ocrx_word' id='word_1_911' title='bbox 1328 1553 1397 1580; x_wconf 89' lang='lat' dir='ltr'><strong>dixit</strong></span> <span class='ocrx_word' id='word_1_912' title='bbox 1412 1562 1418 1579; x_wconf 88' lang='lat'>:</span> <span class='ocrx_word' id='word_1_913' title='bbox 1433 1553 1473 1580; x_wconf 90' lang='lat' dir='ltr'><strong>Ex</strong></span> <span class='ocrx_word' id='word_1_914' title='bbox 1488 1553 1655 1587; x_wconf 80' lang='lat' dir='ltr'><strong>professione</strong></span> <span class='ocrx_word' id='word_1_915' title='bbox 1676 1552 1831 1587; x_wconf 70' lang='lat' dir='ltr'><strong>Cmciliani,</strong></span> 
     </span>
    </p>
   </div>
   <div class='ocr_carea' id='block_1_120' title="bbox 1027 1588 1832 1651">
    <p class='ocr_par' dir='ltr' id='par_1_120' title="bbox 1027 1588 1832 1651">
     <span class='ocr_line' id='line_1_123' title="bbox 1049 1588 1832 1624; baseline 0.004 -10"><span class='ocrx_word' id='word_1_916' title='bbox 1049 1589 1072 1615; x_wconf 93' lang='lat' dir='ltr'><strong>iti</strong></span> <span class='ocrx_word' id='word_1_917' title='bbox 1088 1593 1146 1616; x_wconf 89' lang='lat' dir='ltr'><strong>aeta</strong></span> <span class='ocrx_word' id='word_1_918' title='bbox 1159 1588 1252 1616; x_wconf 80' lang='lat' dir='ltr'><strong>falsata</strong></span> <span class='ocrx_word' id='word_1_919' title='bbox 1265 1596 1325 1616; x_wconf 83' lang='lat' dir='ltr'><strong>esse</strong></span> <span class='ocrx_word' id='word_1_920' title='bbox 1337 1589 1410 1620; x_wconf 91' lang='lat' dir='ltr'><strong>dicit,</strong></span> <span class='ocrx_word' id='word_1_921' title='bbox 1424 1593 1450 1615; x_wconf 87' lang='lat' dir='ltr'><strong>at</strong></span> <span class='ocrx_word' id='word_1_922' title='bbox 1471 1596 1503 1615; x_wconf 91' lang='lat' dir='ltr'><strong>tie</strong></span> <span class='ocrx_word' id='word_1_923' title='bbox 1518 1589 1638 1623; x_wconf 66' lang='lat' dir='ltr'><strong>epistolae</strong></span> <span class='ocrx_word' id='word_1_924' title='bbox 1649 1589 1764 1624; x_wconf 85' lang='lat' dir='ltr'><strong>plurima</strong></span> <span class='ocrx_word' id='word_1_925' title='bbox 1776 1589 1832 1617; x_wconf 79' lang='lat' dir='ltr'><strong>ad-</strong></span> 
     </span>
     <span class='ocr_line' id='line_1_124' title="bbox 1027 1596 1832 1651; baseline 0.001 -1"><span class='ocrx_word' id='word_1_926' title='bbox 1027 1596 1092 1651; x_wconf 61' lang='lat' dir='ltr'><strong>dita.</strong></span> <span class='ocrx_word' id='word_1_927' title='bbox 1114 1623 1283 1651; x_wconf 80' lang='lat' dir='ltr'><strong>manifestum</strong></span> <span class='ocrx_word' id='word_1_928' title='bbox 1298 1628 1339 1651; x_wconf 89' lang='lat' dir='ltr'><strong>est</strong></span> <span class='ocrx_word' id='word_1_929' title='bbox 1359 1632 1410 1651; x_wconf 87' lang='lat' dir='ltr'><strong>uua</strong></span> <span class='ocrx_word' id='word_1_930' title='bbox 1426 1596 1560 1651; x_wconf 55' lang='lat' dir='ltr'><strong>voluntate</strong></span> <span class='ocrx_word' id='word_1_931' title='bbox 1583 1624 1642 1651; x_wconf 67' lang='lat' dir='ltr'><strong>llaec</strong></span> <span class='ocrx_word' id='word_1_932' title='bbox 1656 1624 1771 1651; x_wconf 72' lang='lat' dir='ltr'><strong>aesserit</strong></span> <span class='ocrx_word' id='word_1_933' title='bbox 1784 1625 1832 1651; x_wconf 85' lang='lat' dir='ltr'><strong>ln-</strong></span> 
     </span>
    </p>
   </div>
   <div class='ocr_carea' id='block_1_121' title="bbox 1048 1623 1833 1659">
    <p class='ocr_par' dir='ltr' id='par_1_121' title="bbox 1048 1623 1833 1659">
     <span class='ocr_line' id='line_1_125' title="bbox 1048 1623 1833 1659; baseline 0.004 -9"><span class='ocrx_word' id='word_1_934' title='bbox 1048 1624 1092 1655; x_wconf 85' lang='lat' dir='ltr'><strong>ita,</strong></span> <span class='ocrx_word' id='word_1_935' title='bbox 1114 1623 1283 1651; x_wconf 80' lang='lat' dir='ltr'><strong>manifestum</strong></span> <span class='ocrx_word' id='word_1_936' title='bbox 1298 1628 1339 1651; x_wconf 89' lang='lat' dir='ltr'><strong>est</strong></span> <span class='ocrx_word' id='word_1_937' title='bbox 1359 1632 1410 1659; x_wconf 87' lang='lat' dir='ltr'><strong>qua</strong></span> <span class='ocrx_word' id='word_1_938' title='bbox 1426 1623 1560 1651; x_wconf 88' lang='lat' dir='ltr'><strong>voluntate</strong></span> <span class='ocrx_word' id='word_1_939' title='bbox 1583 1624 1642 1651; x_wconf 77' lang='lat' dir='ltr'><strong>llzec</strong></span> <span class='ocrx_word' id='word_1_940' title='bbox 1651 1623 1771 1659; x_wconf 76' lang='lat' dir='ltr'><strong>gesserit</strong></span> <span class='ocrx_word' id='word_1_941' title='bbox 1784 1625 1833 1653; x_wconf 84' lang='lat' dir='ltr'><strong>ln-</strong></span> 
     </span>
    </p>
   </div>
   <div class='ocr_carea' id='block_1_122' title="bbox 1027 1658 1833 1694">
    <p class='ocr_par' dir='ltr' id='par_1_122' title="bbox 1027 1658 1833 1694">
     <span class='ocr_line' id='line_1_126' title="bbox 1027 1658 1833 1694; baseline 0.002 -9"><span class='ocrx_word' id='word_1_942' title='bbox 1027 1659 1132 1694; x_wconf 89' lang='lat' dir='ltr'><strong>gentius</strong></span> <span class='ocrx_word' id='word_1_943' title='bbox 1143 1668 1148 1685; x_wconf 94' lang='lat'>:</span> <span class='ocrx_word' id='word_1_944' title='bbox 1161 1663 1187 1686; x_wconf 90' lang='lat' dir='ltr'><strong>et</strong></span> <span class='ocrx_word' id='word_1_945' title='bbox 1201 1658 1260 1686; x_wconf 91' lang='lat' dir='ltr'><strong>ideo</strong></span> <span class='ocrx_word' id='word_1_946' title='bbox 1274 1658 1416 1694; x_wconf 83' lang='lat' dir='ltr'><strong>recipiatur</strong></span> <span class='ocrx_word' id='word_1_947' title='bbox 1430 1659 1455 1686; x_wconf 90' lang='lat' dir='ltr'><strong>in</strong></span> <span class='ocrx_word' id='word_1_948' title='bbox 1473 1666 1620 1687; x_wconf 87' lang='lat' dir='ltr'><strong>carcerein.</strong></span> <span class='ocrx_word' id='word_1_949' title='bbox 1635 1658 1684 1687; x_wconf 77' lang='lat' dir='ltr'><strong>Est</strong></span> <span class='ocrx_word' id='word_1_950' title='bbox 1696 1661 1769 1688; x_wconf 88' lang='lat' dir='ltr'><strong>enim</strong></span> <span class='ocrx_word' id='word_1_951' title='bbox 1783 1667 1833 1688; x_wconf 81' lang='lat' dir='ltr'><strong>ar-</strong></span> 
     </span>
    </p>
   </div>
   <div class='ocr_carea' id='block_1_123' title="bbox 1027 1694 1833 1729">
    <p class='ocr_par' dir='ltr' id='par_1_123' title="bbox 1027 1694 1833 1729">
     <span class='ocr_line' id='line_1_127' title="bbox 1027 1694 1833 1729; baseline 0.004 -8"><span class='ocrx_word' id='word_1_952' title='bbox 1027 1694 1104 1721; x_wconf 87' lang='lat' dir='ltr'><strong>ctiori</strong></span> <span class='ocrx_word' id='word_1_953' title='bbox 1127 1695 1326 1729; x_wconf 88' lang='lat' dir='ltr'><strong>interrogationi</strong></span> <span class='ocrx_word' id='word_1_954' title='bbox 1347 1695 1663 1725; x_wconf 75' lang='lat' dir='ltr'><strong>liecessariils.,l&quot;elicem</strong></span> <span class='ocrx_word' id='word_1_955' title='bbox 1677 1701 1768 1723; x_wconf 86' lang='lat' dir='ltr'><strong>autem</strong></span> <span class='ocrx_word' id='word_1_956' title='bbox 1782 1703 1833 1724; x_wconf 80' lang='lat' dir='ltr'><strong>re-</strong></span> 
     </span>
    </p>
   </div>
   <div class='ocr_carea' id='block_1_124' title="bbox 1026 1729 1831 1764">
    <p class='ocr_par' dir='ltr' id='par_1_124' title="bbox 1026 1729 1831 1764">
     <span class='ocr_line' id='line_1_128' title="bbox 1026 1729 1831 1764; baseline 0.002 -7"><span class='ocrx_word' id='word_1_957' title='bbox 1026 1729 1149 1764; x_wconf 86' lang='lat' dir='ltr'><strong>ligiosum</strong></span> <span class='ocrx_word' id='word_1_958' title='bbox 1164 1730 1318 1764; x_wconf 88' lang='lat' dir='ltr'><strong>episcopum</strong></span> <span class='ocrx_word' id='word_1_959' title='bbox 1332 1730 1442 1757; x_wconf 91' lang='lat' dir='ltr'><strong>liberum</strong></span> <span class='ocrx_word' id='word_1_960' title='bbox 1454 1738 1514 1758; x_wconf 88' lang='lat' dir='ltr'><strong>esse</strong></span> <span class='ocrx_word' id='word_1_961' title='bbox 1525 1730 1559 1758; x_wconf 90' lang='lat' dir='ltr'><strong>ab</strong></span> <span class='ocrx_word' id='word_1_962' title='bbox 1571 1731 1712 1758; x_wconf 79' lang='lat' dir='ltr'><strong>exnstione</strong></span> <span class='ocrx_word' id='word_1_963' title='bbox 1726 1731 1831 1759; x_wconf 72' lang='lat' dir='ltr'><strong>instrn-</strong></span> 
     </span>
    </p>
   </div>
   <div class='ocr_carea' id='block_1_125' title="bbox 1027 1765 1829 1799">
    <p class='ocr_par' dir='ltr' id='par_1_125' title="bbox 1027 1765 1829 1799">
     <span class='ocr_line' id='line_1_129' title="bbox 1027 1765 1829 1799; baseline 0.004 -7"><span class='ocrx_word' id='word_1_964' title='bbox 1027 1769 1178 1793; x_wconf 87' lang='lat' dir='ltr'><strong>melltorum</strong></span> <span class='ocrx_word' id='word_1_965' title='bbox 1202 1765 1358 1793; x_wconf 91' lang='lat' dir='ltr'><strong>deiﬁcorum</strong></span> <span class='ocrx_word' id='word_1_966' title='bbox 1378 1765 1547 1793; x_wconf 80' lang='lat' dir='ltr'><strong>manifestum</strong></span> <span class='ocrx_word' id='word_1_967' title='bbox 1562 1770 1613 1799; x_wconf 91' lang='lat' dir='ltr'><strong>est,</strong></span> <span class='ocrx_word' id='word_1_968' title='bbox 1626 1774 1686 1793; x_wconf 89' lang='lat' dir='ltr'><strong>cum</strong></span> <span class='ocrx_word' id='word_1_969' title='bbox 1704 1774 1784 1794; x_wconf 89' lang='lat' dir='ltr'><strong>nemo</strong></span> <span class='ocrx_word' id='word_1_970' title='bbox 1799 1767 1829 1795; x_wconf 85' lang='lat' dir='ltr'><strong>in</strong></span> 
     </span>
    </p>
   </div>
   <div class='ocr_carea' id='block_1_126' title="bbox 1027 1800 1830 1837">
    <p class='ocr_par' dir='ltr' id='par_1_126' title="bbox 1027 1800 1830 1837">
     <span class='ocr_line' id='line_1_130' title="bbox 1027 1800 1830 1837; baseline 0.004 -10"><span class='ocrx_word' id='word_1_971' title='bbox 1027 1808 1088 1837; x_wconf 80' lang='lat' dir='ltr'><strong>eum</strong></span> <span class='ocrx_word' id='word_1_972' title='bbox 1110 1800 1209 1835; x_wconf 89' lang='lat' dir='ltr'><strong>aliquid</strong></span> <span class='ocrx_word' id='word_1_973' title='bbox 1234 1800 1347 1837; x_wconf 87' lang='lat' dir='ltr'><strong>probare</strong></span> <span class='ocrx_word' id='word_1_974' title='bbox 1365 1801 1490 1836; x_wconf 88' lang='lat' dir='ltr'><strong>poluerit,</strong></span> <span class='ocrx_word' id='word_1_975' title='bbox 1517 1801 1589 1836; x_wconf 91' lang='lat' dir='ltr'><strong>quod</strong></span> <span class='ocrx_word' id='word_1_976' title='bbox 1611 1802 1830 1837; x_wconf 67' lang='lat' dir='ltr'><strong>religiosissima</strong></span> 
     </span>
    </p>
   </div>
   <div class='ocr_carea' id='block_1_127' title="bbox 1026 1836 1829 1871">
    <p class='ocr_par' dir='ltr' id='par_1_127' title="bbox 1026 1836 1829 1871">
     <span class='ocr_line' id='line_1_131' title="bbox 1026 1836 1829 1871; baseline 0.001 -7"><span class='ocrx_word' id='word_1_977' title='bbox 1026 1836 1179 1871; x_wconf 83' lang='lat' dir='ltr'><strong>Scriptllras</strong></span> <span class='ocrx_word' id='word_1_978' title='bbox 1202 1836 1349 1868; x_wconf 88' lang='lat' dir='ltr'><strong>tradiderit,</strong></span> <span class='ocrx_word' id='word_1_979' title='bbox 1376 1836 1415 1864; x_wconf 84' lang='lat' dir='ltr'><strong>vel</strong></span> <span class='ocrx_word' id='word_1_980' title='bbox 1441 1837 1582 1864; x_wconf 89' lang='lat' dir='ltr'><strong>exusserit.</strong></span> <span class='ocrx_word' id='word_1_981' title='bbox 1605 1836 1732 1864; x_wconf 89' lang='lat' dir='ltr'><strong>Omnium</strong></span> <span class='ocrx_word' id='word_1_982' title='bbox 1752 1838 1829 1866; x_wconf 84' lang='lat' dir='ltr'><strong>enim</strong></span> 
     </span>
    </p>
   </div>
   <div class='ocr_carea' id='block_1_128' title="bbox 1027 1871 1829 1906">
    <p class='ocr_par' dir='ltr' id='par_1_128' title="bbox 1027 1871 1829 1906">
     <span class='ocr_line' id='line_1_132' title="bbox 1027 1871 1829 1906; baseline 0.002 -8"><span class='ocrx_word' id='word_1_983' title='bbox 1027 1871 1199 1906; x_wconf 86' lang='lat' dir='ltr'><strong>interrogatio</strong></span> <span class='ocrx_word' id='word_1_984' title='bbox 1212 1872 1390 1906; x_wconf 85' lang='lat' dir='ltr'><strong>suprascripta</strong></span> <span class='ocrx_word' id='word_1_985' title='bbox 1404 1873 1542 1900; x_wconf 79' lang='lat' dir='ltr'><strong>manifesta</strong></span> <span class='ocrx_word' id='word_1_986' title='bbox 1564 1877 1616 1905; x_wconf 88' lang='lat' dir='ltr'><strong>est,</strong></span> <span class='ocrx_word' id='word_1_987' title='bbox 1641 1873 1728 1899; x_wconf 86' lang='lat' dir='ltr'><strong>nullas</strong></span> <span class='ocrx_word' id='word_1_988' title='bbox 1751 1873 1829 1901; x_wconf 82' lang='lat' dir='ltr'><strong>Scri-</strong></span> 
     </span>
    </p>
   </div>
   <div class='ocr_carea' id='block_1_129' title="bbox 1027 1907 1829 1942">
    <p class='ocr_par' dir='ltr' id='par_1_129' title="bbox 1027 1907 1829 1942">
     <span class='ocr_line' id='line_1_133' title="bbox 1027 1907 1829 1942; baseline 0.001 -8"><span class='ocrx_word' id='word_1_989' title='bbox 1027 1911 1119 1942; x_wconf 88' lang='lat' dir='ltr'><strong>pturas</strong></span> <span class='ocrx_word' id='word_1_990' title='bbox 1131 1907 1240 1934; x_wconf 86' lang='lat' dir='ltr'><strong>deiﬁcas</strong></span> <span class='ocrx_word' id='word_1_991' title='bbox 1251 1907 1292 1935; x_wconf 86' lang='lat' dir='ltr'><strong>vel</strong></span> <span class='ocrx_word' id='word_1_992' title='bbox 1304 1908 1434 1938; x_wconf 87' lang='lat' dir='ltr'><strong>inventas,</strong></span> <span class='ocrx_word' id='word_1_993' title='bbox 1450 1908 1493 1935; x_wconf 90' lang='lat' dir='ltr'><strong>vel</strong></span> <span class='ocrx_word' id='word_1_994' title='bbox 1507 1912 1656 1942; x_wconf 80' lang='lat' dir='ltr'><strong>corruptas,</strong></span> <span class='ocrx_word' id='word_1_995' title='bbox 1671 1907 1714 1935; x_wconf 89' lang='lat' dir='ltr'><strong>vel</strong></span> <span class='ocrx_word' id='word_1_996' title='bbox 1730 1908 1829 1936; x_wconf 79' lang='lat' dir='ltr'><strong>incen-</strong></span> 
     </span>
    </p>
   </div>
   <div class='ocr_carea' id='block_1_130' title="bbox 1026 1942 1829 1979">
    <p class='ocr_par' dir='ltr' id='par_1_130' title="bbox 1026 1942 1829 1979">
     <span class='ocr_line' id='line_1_134' title="bbox 1026 1942 1829 1979; baseline 0.002 -10"><span class='ocrx_word' id='word_1_997' title='bbox 1026 1949 1070 1969; x_wconf 88' lang='lat' dir='ltr'><strong>sas</strong></span> <span class='ocrx_word' id='word_1_998' title='bbox 1083 1942 1173 1979; x_wconf 81' lang='lat' dir='ltr'><strong>illisse.</strong></span> <span class='ocrx_word' id='word_1_999' title='bbox 1196 1942 1339 1979; x_wconf 16' lang='lat' dir='ltr'><strong>llocractis</strong></span> <span class='ocrx_word' id='word_1_1000' title='bbox 1358 1943 1520 1979; x_wconf 90' lang='lat' dir='ltr'><strong>continetur,</strong></span> <span class='ocrx_word' id='word_1_1001' title='bbox 1536 1943 1605 1978; x_wconf 94' lang='lat' dir='ltr'><strong>quod</strong></span> <span class='ocrx_word' id='word_1_1002' title='bbox 1622 1942 1696 1970; x_wconf 87' lang='lat' dir='ltr'><strong>Felix</strong></span> <span class='ocrx_word' id='word_1_1003' title='bbox 1717 1943 1829 1979; x_wconf 57' lang='lat' dir='ltr'><strong>episco-</strong></span> 
     </span>
    </p>
   </div>
   <div class='ocr_carea' id='block_1_131' title="bbox 1026 1978 1826 2014">
    <p class='ocr_par' dir='ltr' id='par_1_131' title="bbox 1026 1978 1826 2014">
     <span class='ocr_line' id='line_1_135' title="bbox 1026 1978 1826 2014; baseline 0.003 -10"><span class='ocrx_word' id='word_1_1004' title='bbox 1026 1985 1077 2013; x_wconf 90' lang='lat' dir='ltr'><strong>pus</strong></span> <span class='ocrx_word' id='word_1_1005' title='bbox 1090 1978 1239 2012; x_wconf 77' lang='lat' dir='ltr'><strong>religiosus,</strong></span> <span class='ocrx_word' id='word_1_1006' title='bbox 1256 1978 1307 2005; x_wconf 93' lang='lat' dir='ltr'><strong>illis</strong></span> <span class='ocrx_word' id='word_1_1007' title='bbox 1322 1978 1497 2013; x_wconf 84' lang='lat' dir='ltr'><strong>temporibus,</strong></span> <span class='ocrx_word' id='word_1_1008' title='bbox 1513 1985 1599 2014; x_wconf 79' lang='lat' dir='ltr'><strong>neque</strong></span> <span class='ocrx_word' id='word_1_1009' title='bbox 1621 1978 1743 2014; x_wconf 71' lang='lat' dir='ltr'><strong>praesens</strong></span> <span class='ocrx_word' id='word_1_1010' title='bbox 1765 1978 1826 2006; x_wconf 80' lang='lat' dir='ltr'><strong>fue-</strong></span> 
     </span>
    </p>
   </div>
   <div class='ocr_carea' id='block_1_132' title="bbox 1026 2013 1829 2049">
    <p class='ocr_par' dir='ltr' id='par_1_132' title="bbox 1026 2013 1829 2049">
     <span class='ocr_line' id='line_1_136' title="bbox 1026 2013 1829 2049; baseline 0.002 -9"><span class='ocrx_word' id='word_1_1011' title='bbox 1026 2013 1070 2049; x_wconf 80' lang='lat' dir='ltr'><strong>rit,</strong></span> <span class='ocrx_word' id='word_1_1012' title='bbox 1086 2021 1171 2048; x_wconf 86' lang='lat' dir='ltr'><strong>neque</strong></span> <span class='ocrx_word' id='word_1_1013' title='bbox 1188 2013 1379 2049; x_wconf 85' lang='lat' dir='ltr'><strong>conscientiam</strong></span> <span class='ocrx_word' id='word_1_1014' title='bbox 1402 2013 1654 2044; x_wconf 84' lang='lat' dir='ltr'><strong>acconlnlodaverit.</strong></span> <span class='ocrx_word' id='word_1_1015' title='bbox 1671 2022 1760 2049; x_wconf 87' lang='lat' dir='ltr'><strong>neque</strong></span> <span class='ocrx_word' id='word_1_1016' title='bbox 1772 2015 1829 2043; x_wconf 78' lang='lat' dir='ltr'><strong>tale</strong></span> 
     </span>
    </p>
   </div>
   <div class='ocr_carea' id='block_1_133' title="bbox 1026 2048 1827 2085">
    <p class='ocr_par' dir='ltr' id='par_1_133' title="bbox 1026 2048 1827 2085">
     <span class='ocr_line' id='line_1_137' title="bbox 1026 2048 1827 2085; baseline 0.005 -11"><span class='ocrx_word' id='word_1_1017' title='bbox 1026 2048 1125 2085; x_wconf 71' lang='lat' dir='ltr'><strong>aliquid</strong></span> <span class='ocrx_word' id='word_1_1018' title='bbox 1147 2048 1204 2076; x_wconf 87' lang='lat' dir='ltr'><strong>lieri</strong></span> <span class='ocrx_word' id='word_1_1019' title='bbox 1225 2048 1344 2083; x_wconf 87' lang='lat' dir='ltr'><strong>jusserit.</strong></span> <span class='ocrx_word' id='word_1_1020' title='bbox 1366 2049 1505 2085; x_wconf 79' lang='lat' dir='ltr'><strong>Agesilaus</strong></span> <span class='ocrx_word' id='word_1_1021' title='bbox 1519 2049 1585 2076; x_wconf 89' lang='lat' dir='ltr'><strong>dixit</strong></span> <span class='ocrx_word' id='word_1_1022' title='bbox 1600 2057 1606 2075; x_wconf 90' lang='lat'>:</span> <span class='ocrx_word' id='word_1_1023' title='bbox 1623 2049 1660 2076; x_wconf 89' lang='lat' dir='ltr'><strong>De</strong></span> <span class='ocrx_word' id='word_1_1024' title='bbox 1676 2048 1721 2077; x_wconf 77' lang='lat' dir='ltr'><strong>his</strong></span> <span class='ocrx_word' id='word_1_1025' title='bbox 1731 2050 1777 2085; x_wconf 89' lang='lat' dir='ltr'><strong>qui</strong></span> <span class='ocrx_word' id='word_1_1026' title='bbox 1791 2050 1827 2078; x_wconf 86' lang='lat' dir='ltr'><strong>ad</strong></span> 
     </span>
    </p>
   </div>
   <div class='ocr_carea' id='block_1_134' title="bbox 1026 2083 1827 2120">
    <p class='ocr_par' dir='ltr' id='par_1_134' title="bbox 1026 2083 1827 2120">
     <span class='ocr_line' id='line_1_138' title="bbox 1026 2083 1827 2120; baseline 0.004 -10"><span class='ocrx_word' id='word_1_1027' title='bbox 1026 2083 1188 2120; x_wconf 71' lang='lat' dir='ltr'><strong>Potestatelll</strong></span> <span class='ocrx_word' id='word_1_1028' title='bbox 1202 2088 1328 2120; x_wconf 68' lang='lat' dir='ltr'><strong>vestram</strong></span> <span class='ocrx_word' id='word_1_1029' title='bbox 1344 2083 1526 2112; x_wconf 82' lang='lat' dir='ltr'><strong>instruendam</strong></span> <span class='ocrx_word' id='word_1_1030' title='bbox 1547 2089 1687 2120; x_wconf 78' lang='lat' dir='ltr'><strong>venerunt,</strong></span> <span class='ocrx_word' id='word_1_1031' title='bbox 1703 2083 1767 2120; x_wconf 86' lang='lat' dir='ltr'><strong>quid</strong></span> <span class='ocrx_word' id='word_1_1032' title='bbox 1781 2085 1827 2120; x_wconf 89' lang='lat' dir='ltr'><strong>ju-</strong></span> 
     </span>
    </p>
   </div>
   <div class='ocr_carea' id='block_1_135' title="bbox 1025 2119 1828 2155">
    <p class='ocr_par' dir='ltr' id='par_1_135' title="bbox 1025 2119 1828 2155">
     <span class='ocr_line' id='line_1_139' title="bbox 1025 2119 1828 2155; baseline 0.004 -9"><span class='ocrx_word' id='word_1_1033' title='bbox 1025 2119 1071 2147; x_wconf 86' lang='lat' dir='ltr'><strong>bet</strong></span> <span class='ocrx_word' id='word_1_1034' title='bbox 1083 2119 1204 2147; x_wconf 79' lang='lat' dir='ltr'><strong>Potestas</strong></span> <span class='ocrx_word' id='word_1_1035' title='bbox 1216 2124 1258 2146; x_wconf 89' lang='lat' dir='ltr'><strong>tua</strong></span> <span class='ocrx_word' id='word_1_1036' title='bbox 1267 2120 1279 2146; x_wconf 71' lang='lat'><strong>1&#39;</strong></span> <span class='ocrx_word' id='word_1_1037' title='bbox 1287 2119 1408 2147; x_wconf 66' lang='lat' dir='ltr'><strong>Eliaiius</strong></span> <span class='ocrx_word' id='word_1_1038' title='bbox 1421 2119 1564 2155; x_wconf 88' lang='lat' dir='ltr'><strong>proconsul</strong></span> <span class='ocrx_word' id='word_1_1039' title='bbox 1574 2119 1641 2147; x_wconf 86' lang='lat' dir='ltr'><strong>dixit</strong></span> <span class='ocrx_word' id='word_1_1040' title='bbox 1654 2129 1661 2147; x_wconf 87' lang='lat'><strong>:</strong></span> <span class='ocrx_word' id='word_1_1041' title='bbox 1674 2119 1828 2149; x_wconf 70' lang='lat' dir='ltr'><strong>Revertan-</strong></span> 
     </span>
    </p>
   </div>
   <div class='ocr_carea' id='block_1_136' title="bbox 1025 2155 1292 2182">
    <p class='ocr_par' dir='ltr' id='par_1_136' title="bbox 1025 2155 1292 2182">
     <span class='ocr_line' id='line_1_140' title="bbox 1025 2155 1292 2182; baseline -0.004 0"><span class='ocrx_word' id='word_1_1042' title='bbox 1025 2159 1070 2182; x_wconf 85' lang='lat' dir='ltr'><strong>tur</strong></span> <span class='ocrx_word' id='word_1_1043' title='bbox 1083 2155 1116 2182; x_wconf 88' lang='lat' dir='ltr'><strong>ad</strong></span> <span class='ocrx_word' id='word_1_1044' title='bbox 1130 2156 1207 2182; x_wconf 88' lang='lat' dir='ltr'><strong>sedes</strong></span> <span class='ocrx_word' id='word_1_1045' title='bbox 1221 2162 1292 2182; x_wconf 87' lang='lat' dir='ltr'><strong>suas.</strong></span> 
     </span>
    </p>
   </div>
   <div class='ocr_carea' id='block_1_137' title="bbox 1027 2200 1827 2271">
    <p class='ocr_par' dir='ltr' id='par_1_137' title="bbox 1027 2200 1827 2271">
     <span class='ocr_line' id='line_1_141' title="bbox 1027 2200 1827 2271; baseline 0.003 -39"><span class='ocrx_word' id='word_1_1046' title='bbox 1027 2200 1069 2232; x_wconf 79' lang='lat' dir='ltr'><strong>Ut</strong></span> <span class='ocrx_word' id='word_1_1047' title='bbox 1083 2200 1249 2240; x_wconf 80' lang='lat' dir='ltr'><strong>Ingentius</strong></span> <span class='ocrx_word' id='word_1_1048' title='bbox 1261 2200 1302 2231; x_wconf 89' lang='lat' dir='ltr'><strong>ad</strong></span> <span class='ocrx_word' id='word_1_1049' title='bbox 1319 2201 1500 2271; x_wconf 47' lang='lat' dir='ltr'><strong>couiittatum</strong></span> <span class='ocrx_word' id='word_1_1050' title='bbox 1518 2201 1728 2241; x_wconf 75' lang='lat' dir='ltr'><strong>Imperatoris</strong></span> <span class='ocrx_word' id='word_1_1051' title='bbox 1743 2202 1827 2234; x_wconf 72' lang='lat' dir='ltr'><strong>mit—</strong></span> 
     </span>
     <span class='ocr_line' id='line_1_142' title="bbox 1390 2250 1475 2271; baseline 0.012 -1"><span class='ocrx_word' id='word_1_1052' title='bbox 1390 2251 1408 2270; x_wconf 86' lang='grc' dir='ltr'>α</span> <span class='ocrx_word' id='word_1_1053' title='bbox 1424 2250 1475 2271; x_wconf 86' lang='lat' dir='ltr'><strong>ur.</strong></span> 
     </span>
    </p>
   </div>
   <div class='ocr_carea' id='block_1_138' title="bbox 1390 2250 1475 2271">
    <p class='ocr_par' dir='ltr' id='par_1_138' title="bbox 1390 2250 1475 2271">
     <span class='ocr_line' id='line_1_143' title="bbox 1390 2250 1475 2271; baseline 0.012 -1"><span class='ocrx_word' id='word_1_1054' title='bbox 1390 2250 1475 2271; x_wconf 84' lang='lat' dir='ltr'><strong>amr.</strong></span> 
     </span>
    </p>
   </div>
   <div class='ocr_carea' id='block_1_139' title="bbox 1026 2291 1825 2327">
    <p class='ocr_par' dir='ltr' id='par_1_139' title="bbox 1026 2291 1825 2327">
     <span class='ocr_line' id='line_1_144' title="bbox 1026 2291 1825 2327; baseline 0.004 -8"><span class='ocrx_word' id='word_1_1055' title='bbox 1026 2291 1203 2327; x_wconf 87' lang='lat' dir='ltr'><strong>Imperatores</strong></span> <span class='ocrx_word' id='word_1_1056' title='bbox 1215 2291 1345 2324; x_wconf 66' lang='lat' dir='ltr'><strong>Caesares,</strong></span> <span class='ocrx_word' id='word_1_1057' title='bbox 1365 2291 1458 2323; x_wconf 83' lang='lat' dir='ltr'><strong>Flavii,</strong></span> <span class='ocrx_word' id='word_1_1058' title='bbox 1480 2291 1681 2320; x_wconf 61' lang='lat' dir='ltr'><strong>CONSTANTISUS</strong></span> <span class='ocrx_word' id='word_1_1059' title='bbox 1695 2293 1825 2322; x_wconf 76' lang='lat' dir='ltr'><strong>Mutilus</strong></span> 
     </span>
    </p>
   </div>
   <div class='ocr_carea' id='block_1_140' title="bbox 1061 2327 1826 2365">
    <p class='ocr_par' dir='ltr' id='par_1_140' title="bbox 1061 2327 1826 2365">
     <span class='ocr_line' id='line_1_145' title="bbox 1061 2327 1826 2365; baseline 0.005 -11"><span class='ocrx_word' id='word_1_1060' title='bbox 1061 2332 1089 2355; x_wconf 89' lang='lat' dir='ltr'><strong>et</strong></span> <span class='ocrx_word' id='word_1_1061' title='bbox 1102 2327 1400 2365; x_wconf 34' lang='lat' dir='ltr'><strong>VAEERIUSALICINANIUS</strong></span> <span class='ocrx_word' id='word_1_1062' title='bbox 1413 2327 1539 2361; x_wconf 75' lang='lat' dir='ltr'><strong>LICINIUS,</strong></span> <span class='ocrx_word' id='word_1_1063' title='bbox 1548 2328 1581 2355; x_wconf 83' lang='lat' dir='ltr'><strong>ad</strong></span> <span class='ocrx_word' id='word_1_1064' title='bbox 1593 2328 1746 2357; x_wconf 66' lang='lat' dir='ltr'><strong>PROBIANUI</strong></span> <span class='ocrx_word' id='word_1_1065' title='bbox 1758 2338 1826 2365; x_wconf 87' lang='lat' dir='ltr'><strong>pro-</strong></span> 
     </span>
    </p>
   </div>
   <div class='ocr_carea' id='block_1_141' title="bbox 1062 2363 1317 2390">
    <p class='ocr_par' dir='ltr' id='par_1_141' title="bbox 1062 2363 1317 2390">
     <span class='ocr_line' id='line_1_146' title="bbox 1062 2363 1317 2390; baseline 0 0"><span class='ocrx_word' id='word_1_1066' title='bbox 1062 2363 1200 2390; x_wconf 89' lang='lat' dir='ltr'><strong>consulem</strong></span> <span class='ocrx_word' id='word_1_1067' title='bbox 1211 2363 1317 2390; x_wconf 64' lang='lat' dir='ltr'><strong>Africae.</strong></span> 
     </span>
    </p>
   </div>
   <div class='ocr_carea' id='block_1_142' title="bbox 1064 2408 1825 2448">
    <p class='ocr_par' dir='ltr' id='par_1_142' title="bbox 1064 2408 1825 2448">
     <span class='ocr_line' id='line_1_147' title="bbox 1064 2408 1825 2448; baseline 0.005 -12"><span class='ocrx_word' id='word_1_1068' title='bbox 1064 2408 1184 2448; x_wconf 57' lang='lat' dir='ltr'><strong>[Elinnus</strong></span> <span class='ocrx_word' id='word_1_1069' title='bbox 1206 2409 1397 2448; x_wconf 57' lang='lat' dir='ltr'><strong>prledecesson</strong></span> <span class='ocrx_word' id='word_1_1070' title='bbox 1409 2413 1480 2443; x_wconf 93' lang='lat' dir='ltr'><strong>tutis,</strong></span> <span class='ocrx_word' id='word_1_1071' title='bbox 1496 2410 1601 2448; x_wconf 82' lang='lat' dir='ltr'><strong>merito,</strong></span> <span class='ocrx_word' id='word_1_1072' title='bbox 1618 2410 1680 2439; x_wconf 90' lang='lat' dir='ltr'><strong>dum</strong></span> <span class='ocrx_word' id='word_1_1073' title='bbox 1696 2412 1737 2439; x_wconf 90' lang='lat' dir='ltr'><strong>vir</strong></span> <span class='ocrx_word' id='word_1_1074' title='bbox 1757 2418 1825 2448; x_wconf 86' lang='lat' dir='ltr'><strong>per-</strong></span> 
     </span>
    </p>
   </div>
   <div class='ocr_carea' id='block_1_143' title="bbox 1027 2444 1824 2481">
    <p class='ocr_par' dir='ltr' id='par_1_143' title="bbox 1027 2444 1824 2481">
     <span class='ocr_line' id='line_1_148' title="bbox 1027 2444 1824 2481; baseline 0.006 -9"><span class='ocrx_word' id='word_1_1075' title='bbox 1027 2444 1187 2481; x_wconf 80' lang='lat' dir='ltr'><strong>fectissimus</strong></span> <span class='ocrx_word' id='word_1_1076' title='bbox 1212 2444 1297 2472; x_wconf 86' lang='lat' dir='ltr'><strong>Verus</strong></span> <span class='ocrx_word' id='word_1_1077' title='bbox 1311 2445 1432 2481; x_wconf 68' lang='lat' dir='ltr'><strong>vicarius</strong></span> <span class='ocrx_word' id='word_1_1078' title='bbox 1447 2445 1632 2480; x_wconf 66' lang='lat' dir='ltr'><strong>praefectorum</strong></span> <span class='ocrx_word' id='word_1_1079' title='bbox 1647 2454 1695 2481; x_wconf 90' lang='lat' dir='ltr'><strong>per</strong></span> <span class='ocrx_word' id='word_1_1080' title='bbox 1705 2444 1824 2477; x_wconf 74' lang='lat' dir='ltr'><strong>Africam</strong></span> 
     </span>
    </p>
   </div>
   <div class='ocr_carea' id='block_1_144' title="bbox 1028 2479 1824 2517">
    <p class='ocr_par' dir='ltr' id='par_1_144' title="bbox 1028 2479 1824 2517">
     <span class='ocr_line' id='line_1_149' title="bbox 1028 2479 1824 2517; baseline 0.005 -9"><span class='ocrx_word' id='word_1_1081' title='bbox 1028 2484 1144 2517; x_wconf 71' lang='lat' dir='ltr'><strong>nostram</strong></span> <span class='ocrx_word' id='word_1_1082' title='bbox 1159 2479 1335 2517; x_wconf 68' lang='lat' dir='ltr'><strong>incommoda</strong></span> <span class='ocrx_word' id='word_1_1083' title='bbox 1357 2479 1510 2509; x_wconf 83' lang='lat' dir='ltr'><strong>valetudine</strong></span> <span class='ocrx_word' id='word_1_1084' title='bbox 1533 2479 1678 2515; x_wconf 81' lang='lat' dir='ltr'><strong>teneretur,</strong></span> <span class='ocrx_word' id='word_1_1085' title='bbox 1701 2483 1824 2517; x_wconf 87' lang='lat' dir='ltr'><strong>ejusdem</strong></span> 
     </span>
    </p>
   </div>
   <div class='ocr_carea' id='block_1_145' title="bbox 1027 2515 1825 2551">
    <p class='ocr_par' dir='ltr' id='par_1_145' title="bbox 1027 2515 1825 2551">
     <span class='ocr_line' id='line_1_150' title="bbox 1027 2515 1825 2551; baseline 0.006 -9"><span class='ocrx_word' id='word_1_1086' title='bbox 1027 2515 1146 2551; x_wconf 87' lang='lat' dir='ltr'><strong>partibus</strong></span> <span class='ocrx_word' id='word_1_1087' title='bbox 1157 2515 1273 2549; x_wconf 81' lang='lat' dir='ltr'><strong>iunctus,</strong></span> <span class='ocrx_word' id='word_1_1088' title='bbox 1289 2516 1358 2543; x_wconf 88' lang='lat' dir='ltr'><strong>inter</strong></span> <span class='ocrx_word' id='word_1_1089' title='bbox 1375 2522 1472 2544; x_wconf 64' lang='lat' dir='ltr'><strong>caetera</strong></span> <span class='ocrx_word' id='word_1_1090' title='bbox 1486 2516 1565 2545; x_wconf 90' lang='lat' dir='ltr'><strong>etiam</strong></span> <span class='ocrx_word' id='word_1_1091' title='bbox 1590 2517 1616 2544; x_wconf 92' lang='lat' dir='ltr'><strong>id</strong></span> <span class='ocrx_word' id='word_1_1092' title='bbox 1630 2515 1765 2551; x_wconf 79' lang='lat' dir='ltr'><strong>negotium</strong></span> <span class='ocrx_word' id='word_1_1093' title='bbox 1782 2520 1825 2548; x_wconf 78' lang='lat' dir='ltr'><strong>vel</strong></span> 
     </span>
    </p>
   </div>
   <div class='ocr_carea' id='block_1_146' title="bbox 1027 2550 1827 2587">
    <p class='ocr_par' dir='ltr' id='par_1_146' title="bbox 1027 2550 1827 2587">
     <span class='ocr_line' id='line_1_151' title="bbox 1027 2550 1827 2587; baseline 0.008 -11"><span class='ocrx_word' id='word_1_1094' title='bbox 1027 2550 1163 2587; x_wconf 79' lang='lat' dir='ltr'><strong>invidiam,</strong></span> <span class='ocrx_word' id='word_1_1095' title='bbox 1175 2559 1235 2586; x_wconf 79' lang='lat' dir='ltr'><strong>quae</strong></span> <span class='ocrx_word' id='word_1_1096' title='bbox 1245 2551 1279 2579; x_wconf 94' lang='lat' dir='ltr'><strong>de</strong></span> <span class='ocrx_word' id='word_1_1097' title='bbox 1290 2551 1433 2579; x_wconf 67' lang='lat' dir='ltr'><strong>Camillano</strong></span> <span class='ocrx_word' id='word_1_1098' title='bbox 1444 2552 1571 2587; x_wconf 89' lang='lat' dir='ltr'><strong>episcopo</strong></span> <span class='ocrx_word' id='word_1_1099' title='bbox 1584 2550 1711 2581; x_wconf 72' lang='lat' dir='ltr'><strong>Ecclesia:</strong></span> <span class='ocrx_word' id='word_1_1100' title='bbox 1729 2555 1827 2582; x_wconf 88' lang='lat' dir='ltr'><strong>catllo-</strong></span> 
     </span>
    </p>
   </div>
   <div class='ocr_carea' id='block_1_147' title="bbox 1027 2586 1827 2625">
    <p class='ocr_par' dir='ltr' id='par_1_147' title="bbox 1027 2586 1827 2625">
     <span class='ocr_line' id='line_1_152' title="bbox 1027 2586 1827 2625; baseline 0.006 -12"><span class='ocrx_word' id='word_1_1101' title='bbox 1027 2586 1091 2625; x_wconf 75' lang='lat' dir='ltr'><strong>licce</strong></span> <span class='ocrx_word' id='word_1_1102' title='bbox 1105 2586 1209 2625; x_wconf 88' lang='lat' dir='ltr'><strong>videtur</strong></span> <span class='ocrx_word' id='word_1_1103' title='bbox 1230 2592 1454 2625; x_wconf 39' lang='lat' dir='ltr'><strong>essehcomniota,</strong></span> <span class='ocrx_word' id='word_1_1104' title='bbox 1470 2587 1504 2614; x_wconf 88' lang='lat' dir='ltr'><strong>ad</strong></span> <span class='ocrx_word' id='word_1_1105' title='bbox 1523 2586 1635 2625; x_wconf 81' lang='lat' dir='ltr'><strong>examen</strong></span> <span class='ocrx_word' id='word_1_1106' title='bbox 1651 2595 1728 2616; x_wconf 91' lang='lat' dir='ltr'><strong>suum</strong></span> <span class='ocrx_word' id='word_1_1107' title='bbox 1743 2594 1827 2625; x_wconf 80' lang='lat' dir='ltr'><strong>atque</strong></span> 
     </span>
    </p>
   </div>
   <div class='ocr_carea' id='block_1_148' title="bbox 1025 2621 1663 2657">
    <p class='ocr_par' dir='ltr' id='par_1_148' title="bbox 1025 2621 1663 2657">
     <span class='ocr_line' id='line_1_153' title="bbox 1025 2621 1663 2657; baseline 0.002 -8"><span class='ocrx_word' id='word_1_1108' title='bbox 1025 2621 1172 2657; x_wconf 89' lang='lat' dir='ltr'><strong>jussionem</strong></span> <span class='ocrx_word' id='word_1_1109' title='bbox 1184 2623 1193 2637; x_wconf 86' lang='lat'>&#39;</span> <span class='ocrx_word' id='word_1_1110' title='bbox 1206 2621 1320 2649; x_wconf 87' lang='lat' dir='ltr'><strong>credidit</strong></span> <span class='ocrx_word' id='word_1_1111' title='bbox 1333 2629 1393 2649; x_wconf 87' lang='lat' dir='ltr'><strong>esse</strong></span> <span class='ocrx_word' id='word_1_1112' title='bbox 1405 2622 1594 2656; x_wconf 84' lang='lat' dir='ltr'><strong>revocandum,</strong></span> <span class='ocrx_word' id='word_1_1113' title='bbox 1611 2628 1663 2651; x_wconf 88' lang='lat' dir='ltr'><strong>etc.</strong></span> 
     </span>
    </p>
   </div>
   <div class='ocr_carea' id='block_1_149' title="bbox 1059 2666 1825 2699">
    <p class='ocr_par' dir='ltr' id='par_1_149' title="bbox 1059 2666 1825 2699">
     <span class='ocr_line' id='line_1_154' title="bbox 1059 2666 1825 2699; baseline 0.007 -8"><span class='ocrx_word' id='word_1_1114' title='bbox 1059 2666 1184 2699; x_wconf 74' lang='lat' dir='ltr'><strong>Reliquum</strong></span> <span class='ocrx_word' id='word_1_1115' title='bbox 1196 2673 1228 2699; x_wconf 80' lang='lat' dir='ltr'><strong>ex</strong></span> <span class='ocrx_word' id='word_1_1116' title='bbox 1240 2667 1283 2699; x_wconf 80' lang='lat' dir='ltr'><strong>lib.</strong></span> <span class='ocrx_word' id='word_1_1117' title='bbox 1295 2667 1311 2692; x_wconf 76' lang='grc'><strong>5</strong></span> <span class='ocrx_word' id='word_1_1118' title='bbox 1321 2670 1405 2699; x_wconf 85' lang='lat' dir='ltr'><strong>contra</strong></span> <span class='ocrx_word' id='word_1_1119' title='bbox 1424 2668 1579 2693; x_wconf 80' lang='lat' dir='ltr'><strong>o-esoouiunl</strong></span> <span class='ocrx_word' id='word_1_1120' title='bbox 1595 2675 1620 2693; x_wconf 78' lang='grc' dir='ltr'><strong>ιι.</strong></span> <span class='ocrx_word' id='word_1_1121' title='bbox 1632 2668 1671 2699; x_wconf 78' lang='grc'><strong>81,</strong></span> <span class='ocrx_word' id='word_1_1122' title='bbox 1686 2673 1713 2694; x_wconf 86' lang='lat' dir='ltr'><strong>et</strong></span> <span class='ocrx_word' id='word_1_1123' title='bbox 1724 2676 1756 2695; x_wconf 83' lang='lat' dir='ltr'><strong>ex</strong></span> <span class='ocrx_word' id='word_1_1124' title='bbox 1778 2675 1825 2696; x_wconf 82' lang='lat' dir='ltr'><strong>Itu-</strong></span> 
     </span>
    </p>
   </div>
   <div class='ocr_carea' id='block_1_150' title="bbox 1028 2698 1532 2730">
    <p class='ocr_par' dir='ltr' id='par_1_150' title="bbox 1028 2698 1532 2730">
     <span class='ocr_line' id='line_1_155' title="bbox 1028 2698 1532 2730; baseline 0.002 -7"><span class='ocrx_word' id='word_1_1125' title='bbox 1028 2698 1232 2730; x_wconf 41' lang='lat' dir='ltr'><strong>gustini’epistola</strong></span> <span class='ocrx_word' id='word_1_1126' title='bbox 1240 2698 1280 2729; x_wconf 90' lang='lat'><strong>88,</strong></span> <span class='ocrx_word' id='word_1_1127' title='bbox 1292 2705 1317 2723; x_wconf 89' lang='lat' dir='ltr'><strong>n.</strong></span> <span class='ocrx_word' id='word_1_1128' title='bbox 1326 2698 1350 2728; x_wconf 83' lang='grc'><strong>4,</strong></span> <span class='ocrx_word' id='word_1_1129' title='bbox 1360 2699 1532 2730; x_wconf 87' lang='lat' dir='ltr'><strong>repetendum.</strong></span> 
     </span>
    </p>
   </div>
   <div class='ocr_carea' id='block_1_151' title="bbox 1029 2739 1825 2779">
    <p class='ocr_par' dir='ltr' id='par_1_151' title="bbox 1029 2739 1825 2779">
     <span class='ocr_line' id='line_1_156' title="bbox 1029 2739 1825 2779; baseline 0.006 -10"><span class='ocrx_word' id='word_1_1130' title='bbox 1029 2739 1079 2770; x_wconf 74' lang='lat' dir='ltr'><strong>Ad</strong></span> <span class='ocrx_word' id='word_1_1131' title='bbox 1100 2739 1260 2770; x_wconf 77' lang='lat' dir='ltr'><strong>Vicarium</strong></span> <span class='ocrx_word' id='word_1_1132' title='bbox 1282 2740 1410 2779; x_wconf 62' lang='lat' dir='ltr'><strong>Africa,</strong></span> <span class='ocrx_word' id='word_1_1133' title='bbox 1432 2744 1467 2770; x_wconf 84' lang='lat' dir='ltr'><strong>ut</strong></span> <span class='ocrx_word' id='word_1_1134' title='bbox 1486 2740 1640 2772; x_wconf 80' lang='lat' dir='ltr'><strong>Arelatem</strong></span> <span class='ocrx_word' id='word_1_1135' title='bbox 1654 2742 1696 2772; x_wconf 83' lang='lat' dir='ltr'><strong>ad</strong></span> <span class='ocrx_word' id='word_1_1136' title='bbox 1713 2744 1825 2774; x_wconf 77' lang='lat' dir='ltr'><strong>conci-</strong></span> 
     </span>
    </p>
   </div>
   <div class='ocr_carea' id='block_1_152' title="bbox 1070 2779 1825 2824">
    <p class='ocr_par' dir='ltr' id='par_1_152' title="bbox 1070 2779 1825 2824">
     <span class='ocr_line' id='line_1_157' title="bbox 1070 2779 1825 2824; baseline 0.007 -15"><span class='ocrx_word' id='word_1_1137' title='bbox 1070 2779 1146 2810; x_wconf 83' lang='lat' dir='ltr'><strong>lium</strong></span> <span class='ocrx_word' id='word_1_1138' title='bbox 1160 2779 1206 2824; x_wconf 67' lang='lat' dir='ltr'><strong>t‘re</strong></span> <span class='ocrx_word' id='word_1_1139' title='bbox 1227 2779 1335 2820; x_wconf 73' lang='lat' dir='ltr'><strong>iubeat</strong></span> <span class='ocrx_word' id='word_1_1140' title='bbox 1350 2784 1459 2820; x_wconf 82' lang='lat' dir='ltr'><strong>partes</strong></span> <span class='ocrx_word' id='word_1_1141' title='bbox 1473 2781 1556 2813; x_wconf 78' lang='lat' dir='ltr'><strong>inter</strong></span> <span class='ocrx_word' id='word_1_1142' title='bbox 1575 2790 1652 2822; x_wconf 79' lang='lat' dir='ltr'><strong>quas</strong></span> <span class='ocrx_word' id='word_1_1143' title='bbox 1666 2787 1731 2813; x_wconf 86' lang='lat' dir='ltr'><strong>erat</strong></span> <span class='ocrx_word' id='word_1_1144' title='bbox 1748 2792 1825 2814; x_wconf 80' lang='lat' dir='ltr'><strong>con-</strong></span> 
     </span>
    </p>
   </div>
   <div class='ocr_carea' id='block_1_153' title="bbox 1071 2824 1235 2850">
    <p class='ocr_par' dir='ltr' id='par_1_153' title="bbox 1071 2824 1235 2850">
     <span class='ocr_line' id='line_1_158' title="bbox 1071 2824 1235 2850; baseline 0 -1"><span class='ocrx_word' id='word_1_1145' title='bbox 1071 2824 1235 2850; x_wconf 77' lang='lat' dir='ltr'><strong>trooersta.</strong></span> 
     </span>
    </p>
   </div>
   <div class='ocr_carea' id='block_1_154' title="bbox 1063 2870 1306 2900">
    <p class='ocr_par' dir='ltr' id='par_1_154' title="bbox 1063 2870 1306 2900">
     <span class='ocr_line' id='line_1_159' title="bbox 1063 2870 1306 2900; baseline 0.008 -6"><span class='ocrx_word' id='word_1_1146' title='bbox 1063 2873 1070 2887; x_wconf 85' lang='grc' dir='ltr'>ι</span> <span class='ocrx_word' id='word_1_1147' title='bbox 1088 2874 1157 2895; x_wconf 78' lang='lat' dir='ltr'><strong>Forte</strong></span> <span class='ocrx_word' id='word_1_1148' title='bbox 1167 2887 1174 2899; x_wconf 93' lang='lat'><strong>,</strong></span> <span class='ocrx_word' id='word_1_1149' title='bbox 1186 2870 1306 2900; x_wconf 77' lang='lat' dir='ltr'><strong>falsatum.</strong></span> 
     </span>
    </p>
   </div>
   <div class='ocr_carea' id='block_1_155' title="bbox 1063 2902 1761 2936">
    <p class='ocr_par' dir='ltr' id='par_1_155' title="bbox 1063 2902 1761 2936">
     <span class='ocr_line' id='line_1_160' title="bbox 1063 2902 1761 2936; baseline 0.009 -11"><span class='ocrx_word' id='word_1_1150' title='bbox 1063 2903 1073 2918; x_wconf 77' lang='grc'><strong><em>³</em></strong></span> <span class='ocrx_word' id='word_1_1151' title='bbox 1090 2905 1168 2933; x_wconf 73' lang='lat' dir='ltr'><strong>Forte,</strong></span> <span class='ocrx_word' id='word_1_1152' title='bbox 1180 2905 1250 2933; x_wconf 82' lang='lat' dir='ltr'><strong>atque</strong></span> <span class='ocrx_word' id='word_1_1153' title='bbox 1257 2902 1323 2933; x_wconf 79' lang='lat' dir='ltr'><strong>juris</strong></span> <span class='ocrx_word' id='word_1_1154' title='bbox 1335 2902 1471 2934; x_wconf 76' lang='lat' dir='ltr'><strong>dictionem,</strong></span> <span class='ocrx_word' id='word_1_1155' title='bbox 1485 2902 1534 2933; x_wconf 86' lang='lat' dir='ltr'><strong>vel,</strong></span> <span class='ocrx_word' id='word_1_1156' title='bbox 1546 2902 1635 2936; x_wconf 74' lang='lat' dir='ltr'><strong>absque</strong></span> <span class='ocrx_word' id='word_1_1157' title='bbox 1642 2903 1761 2934; x_wconf 74' lang='lat' dir='ltr'><strong>jussione.</strong></span> 
     </span>
    </p>
   </div>
   <div class='ocr_carea' id='block_1_156' title="bbox 1575 3043 1906 3071">
    <p class='ocr_par' dir='ltr' id='par_1_156' title="bbox 1575 3043 1906 3071">
     <span class='ocr_line' id='line_1_161' title="bbox 1575 3043 1906 3071; baseline 0 -7"><span class='ocrx_word' id='word_1_1158' title='bbox 1575 3065 1601 3067; x_wconf 20' lang='lat' dir='ltr'>ﬁ</span> <span class='ocrx_word' id='word_1_1159' title='bbox 1672 3043 1906 3071; x_wconf 58' lang='lat' dir='ltr'><strong>,mTJ</strong></span> 
     </span>
    </p>
   </div>
  </div>
