3816 6158
158 279 293 341 785

473 398 867 457 Consraurmus
891 401 1169 458 Aucusrus
1196 403 1432 458 ABLAVIO
1450 403 1489 458 ί.

251 489 378 547 1am
407 492 620 563 quidem
647 493 874 549 antehac
893 508 1013 550 cum
1032 495 1288 564 perlatum
1317 494 1502 551 fuisset
1522 496 1589 551 ad
1609 497 1753 552 scien
1768 527 1782 538 ς

165 563 317 636 tiam
354 578 528 636 meam
549 605 565 630 ,
597 564 738 634 apud
763 564 996 619 Africam
1035 563 1276 621 nostram
1314 567 1493 636 plures
1532 567 1736 623 nefario
1760 570 1780 601 ²

169 632 372 708 furore
398 635 549 708 vanis
573 632 1035 708 criminationibus
1061 645 1246 708 contra
1276 632 1338 692 se
1367 639 1595 693 invicem
1618 654 1786 708 super

165 705 523 778 observantia
552 707 902 762 sanctissimae
927 706 1057 778 legis
1095 706 1116 739 ³
1147 707 1425 764 catholica;
1456 705 1733 766 discedere
1756 709 1781 743 ‘

166 776 457 849 cmpisse;
485 776 798 849 dirimenda:
828 776 1178 849 dissensionis
1198 778 1568 849 hujuscemodi
1597 796 1778 848 causa,

168 848 462 917 placuerat
486 847 638 914 mihi,
671 857 728 903 ut
752 849 818 903 ad
850 848 1038 904 urbem
1084 847 1307 904 Romam
1337 860 1442 905 tam
1466 847 1782 908 chiliattus

166 917 623 992 Carthaginensis
651 921 955 990 episcopus,
985 929 1174 975 contra
1219 936 1380 992 quem
1419 921 1501 976 vel
1550 924 1784 978 maxime

169 991 424 1063 universi
475 1005 619 1063 saepe
661 1006 748 1046 me
786 999 1184 1063 convenerant,
1224 991 1383 1062 quam
1424 993 1587 1048 etiam
1619 993 1782 1063 aliqui

169 1074 246 1116 ex
283 1060 369 1116 his
417 1061 525 1133 qui
553 1060 602 1116 ei
634 1061 890 1133 quaedam
921 1061 1221 1133 objicienda
1243 1060 1608 1128 crediderant,
1645 1060 1782 1133 prie-

168 1133 431 1205 sentiam_
453 1132 531 1185 sui
561 1132 899 1189 exhiberem.
930 1131 1079 1205 Nam
1108 1134 1267 1188 etiam
1306 1133 1373 1188 ad
1420 1131 1782 1205 supradictam

170 1202 375 1274 urbem
404 1202 626 1258 Romam
651 1212 887 1258 nostram
913 1203 1172 1274 quosdam
1218 1202 1501 1274 episcopos
1545 1221 1610 1261 ex
1657 1205 1784 1261 Gal-

170 1273 272 1329 liis
309 1274 388 1329 ire
428 1289 807 1346 praeceperam,
837 1283 897 1328 ut
925 1273 1054 1346 _tam
1105 1273 1158 1329 hi
1188 1273 1296 1346 pro
1334 1273 1636 1346 integritate
1659 1277 1783 1333 vitae

169 1359 321 1411 suae,
349 1354 510 1417 atque
539 1345 786 1400 laudabili
815 1344 1078 1417 instituto,
1109 1344 1282 1417 sedet
1307 1344 1510 1417 septem
1538 1347 1783 1417 ejusdem

171 1416 600 1488 communionis,
644 1416 1005 1488 quamoetiam
1051 1415 1197 1471 urbis
1245 1415 1452 1482 Romae,
1477 1415 1713 1488 episcopi
1733 1419 1779 1485 ⁸,

172 1495 352 1556 atque
389 1487 468 1557 illi
515 1487 756 1557 quicum
791 1486 978 1542 iisdem
1010 1497 1412 1556 cognoscerent,
1458 1486 1678 1556 possent
1702 1490 1782 1544 rei

173 1572 309 1628 qua:
333 1556 610 1628 videbatur
628 1572 749 1613 esse
771 1566 1060 1622 commota,
1095 1559 1256 1613 tinem
1289 1558 1525 1614 debitum
1556 1559 1783 1615 adhibe-

175 1627 267 1684 re.
302 1628 403 1696 Qui
451 1627 665 1698 quidem
710 1642 773 1684 ea
803 1643 1152 1698 quaecumque
1190 1629 1244 1682 in
1275 1630 1556 1698 praesentia
1594 1644 1782 1685 eorum

177 1697 405 1769 fuerunt
427 1697 595 1769 gesta,
624 1697 906 1754 cuncta’ad
936 1698 1212 1753 scientiam
1241 1697 1438 1766 meam,
1460 1701 1618 1755 etiam
1646 1702 1783 1756 actis

177 1768 388 1842 habitis
416 1768 733 1836 retulerunt,
755 1769 920 1826 verbo
944 1770 1163 1842 insuper
1189 1770 1515 1826 aflirmantes
1540 1771 1679 1841 quod
1696 1771 1784 1842 ju-

177 1840 388 1895 dicium
436 1857 591 1896 suum
640 1856 737 1912 pro
780 1856 959 1897 rerum
1007 1839 1198 1895 fuisset
1247 1843 1496 1912 mquitate
1529 1839 1782 1912 deprom-

182 1922 364 1982 ptum,
394 1925 593 1982 eosque
639 1913 814 1982 potius
857 1926 1030 1966 causae
1054 1912 1332 1982 iobnoxios
1355 1926 1473 1968 esse
1517 1912 1779 1980 dicentes,

180 1981 284 2052 qui
323 1981 513 2038 contra
540 1981 876 2038 Cméilianum
917 1981 1158 2052 qumdam
1191 1992 1514 2052 putaverunt
1539 1999 1782 2038 commo-

181 2068 350 2108 vere:
399 2053 535 2108 adeo
575 2062 634 2108 ut
663 2055 823 2109 istum
848 2053 869 2085 ⁸
898 2062 1018 2122 post
1040 2053 1297 2122 judicium
1347 2054 1605 2120 habitum,
1640 2053 1785 2110 Afri-

184 2125 787 2196 camripsosremcasse
813 2123 1160 2194 prohiberent
1192 2125 1236 2177 ".
1263 2123 1390 2179 Inde
1417 2134 1633 2196 propter
1668 2124 1786 2180 haec

183 2195 372 2250 omnia
395 2195 654 2265 probabili
681 2211 860 2251 rerum
881 2195 1231 2266 aestimatione
1255 2195 1618 2265 speraveram,
1641 2197 1784 2266 quod

185 2265 443 2322 omnibus
483 2267 702 2321 omnino
726 2265 1080 2322 seditionibus
1113 2275 1168 2320 et
1204 2267 1636 2322 contentionibus
1663 2265 1784 2336 qua:

185 2336 259 2390 ab
290 2338 354 2391 iis
395 2336 702 2392 hominibus
741 2336 1060 2392 videbantur
1100 2335 1278 2391 subito
1317 2348 1619 2402 commotae,
1661 2335 1786 2395 finis

185 2407 406 2463 debitus
453 2407 637 2462 fuisset
680 2406 1128 2478 impositusaSed
1158 2422 1297 2478 cum
1331 2408 1636 2464 dictationis
1679 2417 1783 2466 tuze

191 2478 397 2550 scripta
429 2478 699 2550 legissem,
740 2493 860 2550 quae
889 2477 968 2550 ad
993 2477 1260 2532 Nicasium
1295 2488 1348 2533 et
1373 2490 1597 2535 caeteros
1620 2494 1786 2550 super

189 2547 401 2604 hisdem
430 2547 856 2604 simulationibus
877 2547 1122 2604 Gravitas
1145 2557 1230 2602 tua
1257 2549 1512 2605 mittenda
1543 2547 1787 2607 credide-

189 2629 299 2685 rat,
331 2619 608 2676 evidcnter
636 2621 825 2689 agnovi
869 2619 1010 2689 quod
1041 2634 1214 2688 neque
1259 2630 1559 2689 respectum
1598 2622 1786 2678 salutis

187 2705 327 2755 sum,
367 2706 560 2761 neque,
592 2690 733 2760 quod
763 2699 846 2746 est
873 2690 1060 2760 majus,
1094 2689 1189 2744 Dei
1220 2693 1597 2760 omnipotentis
1626 2708 1786 2748 vene-

190 2761 456 2816 rationem
478 2770 601 2816 ante
624 2761 808 2816 oculos
831 2776 956 2816 suos
980 2761 1144 2817 velint
1167 2776 1367 2832 ponere
1395 2779 1408 2815 :
1435 2762 1694 2832 siquidem
1721 2779 1785 2820 ea

191 2847 354 2902 agere
386 2834 667 2902 persistant
688 2873 703 2898 ,
734 2847 852 2901 qua:
882 2847 986 2886 non
1014 2832 1174 2886 modo
1198 2831 1263 2886 ad
1295 2831 1528 2901 ipsorum
1555 2833 1786 2890 dedecus

192 2901 574 2972 infamiamque
603 2902 921 2972 pertineant,
950 2903 1042 2957 sed
1069 2904 1227 2956 etiam
1257 2903 1336 2956 his
1369 2904 1668 2959 hominibus
1695 2905 1788 2960 dc-

193 2973 438 3028 trahendi
466 2973 588 3029 dent
621 2973 922 3029 facilitatem
944 2973 986 3037 ⁸,
1018 2975 1108 3043 qui
1137 2974 1292 3044 longe
1319 2974 1386 3028 ab
1418 2974 1785 3042 hujuscemodi

193 3045 531 3100 sanctissima
560 3043 893 3099 observantia
928 3059 1116 3099 sensus
1149 3043 1275 3100 suos
1311 3057 1602 3100 noscuntur
1629 3061 1786 3102 aver-

193 3124 329 3170 tere.
353 3115 484 3170 Nam
507 3115 557 3170 id
579 3129 789 3185 quoque
809 3123 862 3169 te
885 3116 1021 3186 scire
1041 3117 1308 3186 convenit,
1332 3115 1472 3186 quod
1494 3133 1559 3172 ex
1581 3117 1784 3172 hisdem

192 3195 489 3256 venerunt,
521 3195 822 3241 asserentes
846 3185 986 3256 quod
1018 3185 1194 3241 minus
1221 3185 1410 3256 dignus
1444 3187 1582 3241 idem
1614 3187 1786 3242 Caeci-

193 3255 369 3327 lianus
387 3257 529 3311 cultu
541 3256 913 3312 sincerissima:
933 3257 1202 3327 religionis
1224 3255 1498 3313 habeatur.
1521 3259 1584 3312 Et
1601 3267 1787 3314 contra

195 3325 248 3382 id
281 3327 424 3397 quod
457 3327 659 3383 hisdem
681 3325 1097 3398 responderant,
1131 3327 1322 3382 frustra
1350 3343 1446 3383 eos
1475 3328 1527 3383 id
1551 3330 1782 3398 jactare,

193 3398 391 3468 quippe
411 3413 532 3454 cum
558 3413 646 3453 res
669 3397 855 3452 fuisset
876 3398 1012 3468 apud
1039 3397 1222 3452 urbem
1247 3399 1468 3453 Romam
1490 3397 1565 3454 ab
1580 3399 1787 3456 idoneis

195 3483 260 3523 ac
292 3469 678 3539 probatissimis
707 3470 835 3523 viris
865 3469 1127 3538 episcopis
1158 3472 1466 3533 terminata,
1499 3471 1694 3526 obnixe
1723 3486 1786 3526 ac

195 3539 540 3610 pertinaciter
563 3539 991 3611 respondendum
1018 3539 1414 3611 aestimaverunt
1433 3541 1574 3611 quod
1600 3557 1786 3597 eorum

195 3608 374 3682 emnis
401 3625 562 3665 causa
589 3608 694 3665 non
722 3608 908 3682 fuisset
934 3609 1132 3682 audita,
1161 3610 1255 3666 sed
1288 3608 1464 3680 potius
1490 3611 1648 3666 iidem
1677 3613 1790 3682 epi-

193 3681 345 3752 scopi
365 3682 594 3752 quodam
622 3682 738 3736 loco
762 3696 821 3736 se
839 3681 1177 3747 clausissent,
1198 3691 1255 3752 _et
1279 3692 1428 3752 prout
1457 3682 1584 3750 ipsis
1604 3691 1786 3752 aptum

198 3749 402 3816 fuerat,
441 3751 788 3821 jndicassent.
831 3751 1006 3819 Quare
1035 3767 1154 3806 cum
1195 3749 1310 3806 haec
1342 3760 1418 3806 tot
1445 3749 1501 3808 et
1530 3749 1671 3807 tanta
1702 3755 1787 3809 ni-

196 3823 363 3894 mium
403 3823 630 3877 obnian
666 3821 1027 3894 dissensiones
1065 3822 1378 3894 protrahere
1415 3823 1783 3894 perviderem,

197 3893 269 3946 ita
299 3905 354 3947 ut
385 3894 530 3947 nullo
558 3892 718 3947 modo
751 3894 870 3963 finis
899 3892 1103 3948 hisdem
1135 3893 1248 3947 dari
1292 3892 1449 3963 posse
1488 3893 1784 3962 videretur,

196 3963 296 4034 nisi
338 3972 394 4018 et
428 3963 746 4019 Caecilianus
786 3962 963 4030 idem,
1004 3974 1059 4018 et
1097 3978 1163 4018 ex
1203 3962 1413 4034 bisqui
1447 3974 1629 4020 contra
1663 3981 1787 4022 eum

196 4033 484 4100 dissident,
522 4043 630 4088 tres
667 4035 824 4104 aliqui
865 4035 917 4088 in
953 4034 1208 4104 judicium
1238 4033 1453 4098 eorum,
1484 4036 1573 4101 qui
1602 4046 1786 4091 contra

194 4103 538 4175 Cmcilianum
559 4107 580 4139 ο
601 4106 856 4172 sentiunt,
880 4103 1305 4175 consensumque
1325 4105 1542 4171 debent,
1565 4107 1633 4160 ad
1653 4111 1789 4162 Are-

196 4174 401 4231 latense
428 4175 677 4246 oppidum
709 4175 986 4241 venerint;
1017 4174 1394 4246 injungendum
1424 4175 1656 4246 solertiae
1683 4187 1788 4233 tua;

199 4245 354 4317 duxi,
383 4256 440 4301 ut
466 4245 590 4301 mox
620 4246 716 4301 has
743 4247 942 4301 litteras
972 4261 1118 4301 meas
1145 4248 1450 4317 acceperis,
1485 4257 1590 4302 tam
1616 4245 1786 4302 Caeci-

198 4316 397 4388 lianum
432 4317 972 4388 supradictum,cum
1007 4316 1356 4388 aliquibus'ex
1399 4317 1483 4372 his
1510 4332 1645 4388 quos
1673 4319 1788 4388 ipse

198 4387 455 4457 delegerit
485 4387 614 4458 (sed
655 4397 708 4442 et
742 4389 810 4442 de
839 4387 1122 4458 Byzacena:
1143 4428 1158 4452 ,
1188 4387 1529 4457 Tripolitanae
1549 4429 1564 4454 ,
1595 4387 1785 4443 Numi-

199 4457 512 4542 diaroAmLet
543 4457 993 4540 Mauritaniarum,
1022 4469 1078 4542 _et
1108 4459 1392 4542 provinciis
1422 4460 1643 4529 singulis
1669 4459 1787 4542 qui:

197 4543 303 4597 que
320 4528 361 4559 ¹⁰
382 4529 682 4601 aliquantus
702 4545 766 4601 ex
783 4530 893 4584 suis
911 4529 1198 4598 perducere
1218 4528 1661 4599 debebunt,’quos
1686 4528 1787 4601 ipsi

195 4599 500 4670 putaverint
535 4599 873 4671 eligendos),
907 4601 1001 4654 sed
1039 4601 1198 4655 etiam
1237 4603 1442 4670 aliquos
1480 4616 1548 4655 ex
1584 4601 1667 4656 his
1695 4599 1786 4671 qui

197 4668 378 4724 contra
408 4668 651 4725 emndem
676 4668 1019 4725 Caecilianum
1045 4668 1383 4733 dissentiunt,
1407 4671 1528 4726 data
1553 4668 1787 4727 evectio-

199 4755 267 4794 ne
293 4741 527 4810 publica,
556 4755 649 4810 per
683 4741 912 4796 Africam
941 4752 995 4796 et
1026 4742 1410 4804 Mauritaniam,
1442 4742 1564 4797 inde
1593 4744 1659 4798 ad
1690 4744 1784 4798 Hi-

197 4811 409 4882 spanias
431 4812 575 4866 brevi
602 4821 767 4866 tractu
796 4813 957 4867 facias
983 4814 1248 4882 navigare.
1280 4812 1343 4867 Et
1371 4813 1491 4868 inde
1518 4813 1786 4870 nihilomi-

198 4896 297 4936 nus
326 4880 626 4951 hujusmodi
659 4883 739 4936 his
770 4883 820 4936 in
852 4884 1074 4953 singulis
1110 4880 1374 4952 episcopis
1409 4885 1643 4953 singulas
1674 4896 1781 4940 tra~

196 4954 392 5006 rtorias
430 4954 657 5017 tribuas,
696 4963 752 5008 ut
792 4955 887 5023 ipsi
930 4955 994 5007 ad
1032 4955 1391 5023 supradictum
1436 4956 1608 5010 locum
1648 4956 1786 5012 intra

196 5023 336 5077 diem
365 5023 704 5078 calendarum
736 5033 1079 5094 augustarum
1113 5025 1316 5094 possint
1353 5027 1663 5094 pervenire;
1691 5042 1783 5082 ce-

197 5094 378 5149 leriter
417 5094 753 5150 intimalnrus
785 5095 970 5150 iisdem
992 5137 1006 5161 ,
1039 5105 1094 5148 ut
1121 5104 1403 5164 antequam
1443 5097 1784 5164 proficiscan-

196 5175 312 5231 tur,
342 5164 572 5218 debeant
606 5165 894 5236 disponere
935 5175 1196 5236 quatenus
1231 5166 1538 5223 absentibus
1574 5168 1702 5239 ipsis
1731 5179 1785 5226 et

259 5256 275 5319 ξ
312 5254 454 5319 Alias,
480 5253 664 5319 [ﬁla/io.

256 5317 277 5347 ²
312 5315 450 5373 Alias,
476 5315 663 5367 vesano.

255 5378 278 5442 θ
309 5377 451 5442 “ias,

251 5441 276 5471 ⁸
309 5439 451 5496 Alias,
473 5438 732 5491 dissidere.

250 5501 274 5568 ξ
307 5499 450 5568 alias,
474 5501 609 5568 orbis
631 5510 789 5553 Romae
809 5503 1072 5568 episCOpus.

252 5563 274 5594 ο
306 5561 447 5621 Alias,
471 5562 618 5613 istud.

248 5625 270 5688 7
305 5623 444 5688 alias,
467 5623 782 5688 perliiberent.

248 5687 270 5718 ⁸
306 5685 443 5749 Aiias,
467 5685 756 5749 (acutarum.

249 5749 270 5780 ⁸
305 5747 444 5807 Alias,
469 5747 578 5798 eum
601 5749 872 5799 Caeciliano.

220 5810 267 5852 ιο
300 5808 442 5872 Alias,
464 5818 509 5862 et
533 5809 926 5865 Matu't'ltmiarttm
940 5809 1200 5873 provinciis
1220 5809 1396 5874 εἱηῃιιιι
1419 5811 1610 5874 quique.

1408 5942 1518 5949 ,νο---
1543 5938 1578 5951 δα

864 283 1230 344 EXCERPTA
1269 283 1361 342 AD
1406 281 1940 347 DONATISTARUM
1980 289 2354 351 HISTORIAM
2393 289 2876 354 PERTINENTIA.‘

3369 293 3490 358 786'

1893 407 2170 481 disciplina
2198 419 2507 481 competens
2538 410 2825 479 habeatur,
2859 421 2914 468 et
2948 412 3090 470 nulla
3125 413 3259 471 forte
3287 415 3484 472 seditio

1896 479 1976 535 vel
2007 479 2301 551 aliquorum
2320 479 2647 548 altercatio,
2680 500 2799 554 quae
2825 485 2890 538 ad
2931 487 3218 543 maximum
3245 485 3482 543 dedecus

1892 562 2132 628 spectet,
2148 554 2350 628 oriatur
2378 572 2390 607 :
2418 554 2485 628 de
2506 563 2705 628 cmtero
2729 557 2881 624 plena
2911 557 3209 626 cognitione
3234 569 3484 628 suscepta

1892 623 2014 704 finis
2049 623 2382 704 adhibeatur:
2419 625 2551 693 Quia
2576 641 2710 704 _cum
2735 623 3086 704 praesentiam
3116 628 3197 683 sui
3225 623 3485 688 exhibue-

1892 695 1998 747 rint
2017 695 2269 759 universi,
2293 695 2382 768 qui
2411 710 2551 750 nunc
2576 697 2626 750 in
2655 695 2994 753 contentione
3019 713 3138 754 esse
3164 709 3480 768 noscuntur,

1891 780 2115 835 quaeque
2151 781 2256 820 non
2295 767 2759 840 immeritofinem
2798 770 2994 824 debent
3029 771 3268 840 accipere
3304 767 3483 828 matué

1889 849 2046 913 rom,
2078 848 2135 891 ut
2174 839 2413 913 protinus
2455 839 2659 908 possint
2701 841 2974 913 terminari
3013 839 3172 912 atque
3208 843 3482 913 componi.

1890 905 2022 962 Nam
2050 905 2334 982 cum'apud
2365 905 2685 982 me'ccrtum
2713 912 2815 972 sit,
2845 920 2898 966 te
2923 905 3133 982 quoque
3163 913 3255 968 Dei
3287 905 3485 970 summi

1889 991 2010 1033 esse
2034 979 2294 1056 cultorem
2316 980 2625 1056 ,_conﬁteor
2649 981 2902 1056 Gravitati
2933 979 3070 1050 tum,
3104 983 3246 1054 quod
3277 1001 3484 1056 nequa-

1889 1063 2047 1119 quam
2063 1048 2158 1122 _fas
2183 1065 2302 1105 esse
2326 1050 2534 1114 ducam,
2564 1060 2620 1106 ut
2646 1053 2905 1122 ejusmodi
2935 1048 3304 1111 contentiones
3328 1048 3383 1110 ei
3407 1057 3488 1112 al-

1892 1120 2216 1196 tercationes
2238 1121 2640 1196 dissimulentur
2665 1120 2876 1196 anubis
2897 1166 2913 1192 ,
2945 1140 3010 1180 ex
3038 1126 3231 1196 quibus
3257 1125 3485 1183 forsitan

1891 1191 2216 1261 commoveri
2247 1194 2413 1261 possit
2435 1209 2642 1247 summa
2666 1191 2933 1260 divinitas,
2964 1191 3072 1251 non
3097 1198 3268 1252 solum
3296 1209 3486 1256 contra

1889 1258 2182 1316 humanum
2208 1258 2400 1338 genus,
2428 1263 2524 1318 sed
2549 1265 2709 1318 etiam
2739 1265 2788 1318 in
2814 1281 2901 1338 me
2921 1258 3120 1338 ipsum.
3141 1269 3292 1336 cujus
3315 1284 3486 1338 curae,

1888 1341 2020 1387 nutu
2050 1348 2147 1387 suo
2177 1334 2404 1399 cmlesti,
2440 1343 2649 1389 terrena
2680 1337 2858 1390 omnia
2900 1334 3224 1393 moderanda
3252 1334 3483 1396 commi;

1888 1403 1977 1467 sit,
2001 1413 2056 1459 et
2073 1404 2090 1436 ¹
2114 1418 2270 1459 secus
2292 1403 2490 1472 aliquid
2519 1405 2780 1461 hactenus
2802 1407 3016 1462 incitata
3038 1408 3312 1465 decernet.
3335 1411 3489 1467 Tunc

1889 1474 2029 1528 enim
2045 1489 2237 1545 revera
2259 1485 2312 1530 et
2334 1475 2644 1544 plenissime
2665 1486 2850 1545 potero
2869 1493 2992 1535 esse
3012 1495 3254 1543 securus.
3277 1489 3332 1536 ct
3351 1496 3488 1537 sem-

1889 1559 1987 1614 per
2022 1543 2092 1600 de
2136 1547 2532 1621 promptissima
2575 1543 2946 1604 benevolentia
2989 1551 3344 1621 potentissimi
3391 1553 3488 1608 Dei

1888 1617 2248 1684 prosperrima
2272 1625 2332 1689 et
2358 1618 2554 1689 optima
2584 1632 2811 1688 quaeque
2841 1617 3088 1689 sperare,
3121 1637 3242 1676 cum
3269 1623 3488 1678 univer-

1887 1699 1978 1762 sos
2006 1701 2229 1762 sensero
2253 1687 2435 1742 debito
2462 1687 2924 1762 cultuicatholica:
2954 1692 3225 1762 religionis
3254 1695 3488 1749 sanctis-

1887 1756 2082 1837 simum
2110 1758 2276 1814 Deum
2305 1759 2556 1815 concordi
2585 1759 2936 1818 observantia:
2977 1756 3309 1819 fraternitate
3329 1766 3350 1797 '
3395 1781 3488 1821 ve.

1887 1841 2084 1885 nerart.

1886 1939 2196 2020 Praecipit
2234 1942 3035 2030 Imperator__$yraeusqno
3074 1948 3364 2030 episcopo
3410 1959 3488 2014 ut

2064 2029 2291 2103 pergat
2323 2023 2407 2086 ad
2435 2023 2772 2088 concilium
2795 2023 3152 2090 Arelatense
3184 2023 3296 2112 (a).

1923 2143 2322 2202 Coas'rmmus
2351 2147 2633 2232 Aucusrus
2653 2191 2668 2214 ,
2699 2149 2951 2208 Causs'ro
2988 2151 3449 2224 Syracusanorum

1897 2235 1900 2238 ’
2037 2249 2044 2262 ι
2551 2236 2824 2293 episcopo.

1959 2327 2076 2410 tiam
2102 2331 2315 2400 quidem
2343 2342 2518 2410 antea,
2543 2349 2665 2389 cum
2693 2336 2932 2410 nonnulli
2959 2352 3123 2407 pravo
3142 2353 3206 2393 ac
3227 2353 3489 2410 perverso

1887 2401 2070 2478 aoimo
2093 2417 2122 2455 a
2149 2412 2331 2478 saneta
2357 2405 2613 2474 religione
2639 2401 3191 2478 cmlestique'virtute,
3214 2401 3268 2465 et
3291 2411 3358 2466 ab
3385 2411 3489 2467 Ec-

1888 2470 2385 2552 clesiecatholica:
2429 2470 2692 2552 sententia
2731 2470 3005 2552 dissidere,
3025 2470 3342 2551 coepissent,
3379 2481 3488 2538 hu-

1882 2542 2116 2622 jusmodi
2155 2559 2339 2599 eorum
2375 2547 2793 2622 contentionem
2817 2542 3127 2622 praecidere'
3150 2542 3371 2622 cupiens
3413 2554 3489 2610 ita

1888 2613 2289 2694 constitueram,
2317 2625 2375 2670 ut
2401 2617 2580 2694 missis
2605 2613 2831 2694 e__Galli-.i
2849 2621 3169 2694 quibusdam
3194 2613 3486 2694 episcopis,

1888 2683 2074 2763 accitis
2109 2685 2269 2763 etiam
2303 2702 2368 2740 ex
2406 2686 2582 2742 Africa
2625 2690 2688 2743 iis
2713 2683 2963 2763 quiduas
2990 2692 3045 2746 in
3091 2683 3266 2761 partes
3293 2683 3486 2763 divisi;

1888 2754 2231 2824 pertinaciter
2255 2757 2395 2835 int_er
2419 2773 2477 2814 se
2501 2754 2946 2835 atqueobstinate
2969 2754 3318 2835 contendunt,
3348 2754 3488 2835 prae;

1889 2835 2041 2880 sente
2067 2841 2278 2904 quoque
2316 2828 2571 2904 Romam:
2597 2831 2742 2904 urbis
2766 2833 3048 2904 episcopo,
3081 2833 3132 2888 id
3163 2828 3310 2904 quod
3329 2828 3488 2891 com-

1889 2897 2286 2977 motumjfuisse
2315 2899 2620 2977 videbatur,
2645 2903 2745 2956 sub
2773 2897 2969 2957 herum
2990 2897 3271 2977 przesetitia
3300 2915 3488 2977 posset

1890 2963 2293 3047 diligentissima
2336 2963 2746 3047 examinatione
2771 2963 3039 3047 componi.
3084 2976 3190 3031 Sed
3229 2963 3484 3047 queniarn

1891 3040 2150 3106 nonnulli,
2180 3051 2234 3113 ut
2258 3040 2367 3097 fere
2391 3044 2466 3108 tit,
2491 3053 2546 3098 et
2569 3043 2798 3113 propriae
2821 3040 3029 3112 salutis,
3051 3056 3106 3101 et
3123 3040 3487 3107 venerationis

1891 3123 2008 3183 q_u:e
2034 3112 2386 3183 sanctissimae
2416 3115 2536 3168 fidei
2565 3112 2789 3169 debetur
2825 3116 3011 3183 obliti,
3049 3119 3283 3183 privatas
3309 3119 3486 3178 adhuc

1892 3179 2188 3259 simultates
2225 3199 2508 3259 prorogare
2526 3200 2642 3259 _non
2671 3197 2916 3251 cessant,
2951 3179 3172 3256 prolatae
3205 3189 3312 3259 jam
3351 3205 3484 3246 sen-

1893 3251 2069 3328 tcntiae
2089 3251 2427 3328 acquiescere
2454 3255 2714 3322 nolentes,
2741 3251 3147 3328 asserentesque
3173 3251 3369 3328 paucos
3386 3261 3487 3316 ad-

1891 3321 2105 3398 modum
2131 3321 2409 3398 episcopos
2429 3321 2744 3382 sententiam
2769 3329 2971 3393 tulisse,
2993 3321 3082 3398 qui
3108 3321 3211 3386 nec
3233 3331 3487 3390 omnibus

1889 3407 2009 3460 qua:
2029 3395 2175 3469 prius
2198 3395 2390 3469 inquiri
2415 3399 2693 3469 oportebat
2715 3398 2995 3469 diligenter
3012 3395 3272 3467 excussis,
3299 3401 3366 3456 ad
3387 3402 3488 3459 de-

1891 3466 2240 3538 promendum
2269 3467 2524 3535 judicium
2554 3466 2904 3538 properanter
2926 3466 3294 3527 accessissent.
3325 3472 3483 3530 Unde

1891 3533 1950 3587 fit
1980 3543 2117 3607 utet
2145 3536 2243 3606 ipsi
2269 3533 2404 3607 quos
2429 3533 2678 3594 concordi
2705 3555 2768 3595 ac
2792 3542 3024 3596 fraterno
3050 3543 3188 3596 inter
3211 3558 3270 3598 se
3297 3545 3483 3600 animo

1890 3617 2015 3678 esse
2035 3606 2305 3678 decuerat,
2340 3611 2475 3677 turpi
2507 3624 2600 3664 seu
2635 3611 2808 3678 potius
2832 3612 3144 3668 detestanda
3173 3615 3483 3672 secessione

1891 3673 2208 3755 dissideant;
2237 3689 2289 3731 et
2315 3679 2380 3734 iis
2406 3673 2709 3755 hominibus
2730 3682 2818 3748 qui
2844 3698 2872 3755 a
2901 3683 3235 3755 sanctissima
3262 3685 3483 3755 religio-

1890 3760 1960 3824 oe
1983 3746 2160 3824 _ali'eno
2185 3758 2308 3824 sunt
2333 3752 2512 3824 animo
2538 3746 2896 3808 subsannandi
2923 3754 3134 3824 occasio
3159 3746 3481 3824 praebeaiur.

1890 3814 2090 3898 Idcirco
2134 3819 2262 3874 mihi
2297 3822 2482 3898 scdulo
2511 3824 2906 3898 providendum
2947 3823 3080 3898 fuit,
3115 3814 3172 3880 ut
3207 3825 3323 3881 lure
3358 3843 3484 3898 qua

1888 3897 2011 3968 post
2034 3889 2405 3968 depromptum
2430 3889 2685 3962 judicium
2714 3895 3009 3968 voluntaria
3034 3889 3347 3954 assensione
3367 3889 3482 3968 jam

1890 3960 2036 4013 finita
2066 3976 2186 4017 esse
2219 3960 2545 4032 debuerant,
2576 3981 2716 4021 nunc
2745 3965 2956 4021 tandem
2987 3967 3276 4023 multorum
3309 3960 3482 4025 inier-

1889 4040 2049 4086 ventu
2093 4033 2252 4109 finem
2297 4037 2504 4106 possint
2541 4039 2803 4109 accipere.
2835 4037 3097 4109 Quoniam
3128 4040 3285 4109 igitur
3315 4041 3484 4108 pluri-

1889 4116 2008 4179 mos
2037 4119 2103 4158 ex
2125 4106 2358 4179 diversis
2393 4121 2456 4161 ac
2491 4122 2656 4177 prope
2696 4107 2915 4179 infinitis
2949 4108 3083 4162 locis
3112 4106 3392 4179 episcopos
3423 4113 3482 4167 in

1890 4171 2076 4227 urbem
2099 4171 2651 4250 _Arelatensem'int'ra
2692 4177 2939 4250 calendas
2976 4171 3182 4248 augnsii
3219 4171 3483 4250 jttssimus

1890 4247 2212 4304 convenire;
2245 4247 2336 4320 tibi
2354 4261 2577 4320 quoque
2614 4249 2950 4303 scribendum
2991 4247 3110 4304 esse
3135 4247 3479 4320 censuimus,

1891 4321 1950 4386 ut
1985 4325 2206 4385 accepto
2243 4318 2452 4386 publico
2478 4318 2724 4374 vehiculo
2751 4334 2782 4373 a
2812 4320 2926 4374 viro
2954 4320 3253 4375 clarissimo
3286 4318 3481 4377 Latro-

1889 4384 2372 4461 nia‘nocmrec‘tore
2391 4388 2605 4461 Siciliae,
2633 4391 2715 4461 adj
2725 4392 2894 4446 unctis
2915 4391 3006 4446 tibi
3027 4390 3236 4448 duobus
3258 4393 3482 4450 secundi

1889 4455 2279 4532 ord_inis,_quos
2309 4468 2362 4513 tu
2393 4455 2663 4530 eligendos
2694 4455 2978 4532 putaveris,
3015 4462 3183 4519 tribus
3213 4464 3337 4520 item
3364 4479 3484 4520 ser-

1889 4529 2025 4604 vulis
2045 4530 2130 4604 qui
2154 4531 2204 4583 in
2227 4530 2414 4604 itinere
2434 4529 2585 4604 vehis
2605 4529 2906 4588 ministrare
2926 4535 3148 4604 possint,
3172 4534 3308 4591 intra
3328 4551 3483 4592 eum-

1889 4597 2011 4653 dem
2045 4597 2184 4655 diem
2199 4601 2288 4676 _ad
2328 4602 2636 4676 praedictum
2681 4603 2852 4658 locum
2897 4597 3179 4670 occurras,
3217 4621 3322 4676 quo
3364 4616 3512 4664 tum.

1891 4685 1985 4739 per
2015 4679 2157 4744 tuam
2187 4671 2552 4739 Gravitatem,
2582 4685 2691 4729 tum
2736 4689 2832 4744 per
2863 4685 3180 4731 cmterorum
3224 4671 3275 4732 in
3314 4693 3480 4733 unum

1889 4743 2201 4816 coeuntium
2223 4745 2524 4800 unanimem
2555 4743 2982 4816 concordemque
3010 4748 3278 4802 solertiam
3297 4789 3311 4813 ,
3341 4763 3478 4804 con-

1891 4813 2152 4886 troversia
2192 4815 2306 4870 lucc
2341 4830 2458 4884 qum
2490 4831 2583 4886 per
2612 4813 2952 4872 foedissimam
2982 4819 3380 4874 altercationem
3409 4821 3480 4876 ad

1893 4883 1994 4939 hoc
2022 4900 2189 4955 usque
2230 4883 2851 4957 temporis—perduravit,
2881 4889 3076 4944 auditis
3101 4890 3350 4947 omnibus
3379 4905 3479 4946 eo-
3510 4935 3513 4940 .

1889 4970 2015 5028 rum,
2042 4957 2130 5026 qui
2172 4973 2314 5013 nunc
2355 4959 2495 5013 inter
2523 4973 2581 5014 se
2608 4959 2904 5024 dissident,
2935 4974 3070 5028 quos
3097 4961 3257 5015 etiam
3286 4961 3480 5018 adesse

1885 5027 2142 5102 jussinms
2163 5070 2177 5093 ,
2210 5029 2613 5102 allegationibus
2633 5071 2646 5091 ,
2690 5030 2755 5085 ad
2793 5027 3081 5100 congruam
3121 5033 3388 5102 religionis
3421 5043 3480 5088 et
3507 5077 3512 5084 .

1890 5098 2011 5172 fidei
2038 5098 2429 5172 observantiam
2461 5100 2855 5172 fraternamque
2888 5098 3242 5157 concordiam
3261 5103 3480 5160 tandem

1887 5170 2171 5240 aliquando
2209 5172 2378 5241 possit
2406 5173 2661 5227 revocari.
2694 5170 3018 5228 Incolumem
3049 5183 3100 5228 te
3128 5174 3270 5229 Deus
3296 5176 3476 5230 omni-

1889 5250 2078 5309 potens
2103 5243 2398 5299 diutissime
2423 5252 2621 5299 servet.

2021 5359 2112 5420 De
2139 5357 2319 5420 rebus
2347 5358 2419 5420 in
2445 5358 2796 5421 Arelatensi
2826 5357 3096 5420 concilio
3122 5359 3332 5438 gestis.

1888 5481 2241 5538 Dilectissimo
2288 5497 2438 5552 papa:
2489 5481 2776 5547 Silvestro,
2829 5481 3096 5546 Marinus,
3151 5479 3396 5537 Acratius
3416 5480 3475 5552 ⁸,

1949 5601 1966 5631 ι
2003 5596 2141 5656 Alias,
2165 5603 2234 5654 ut,
2260 5603 2312 5648 et
2334 5595 2456 5645 infra
2479 5597 2658 5654 statim,
2684 5596 2924 5646 decernat.

1947 5663 1968 5692 ³
1995 5661 2134 5716 Alias,
2156 5659 2449 5708 observantia
2491 5657 2823 5720 fraternitatis.

1947 5724 1968 5756 ³
2001 5721 2142 5780 Alias,
2167 5720 2434 5783 Agrorcius.

1947 5811 2021 5875 (ιι)
2078 5809 2249 5861 Euseb.
2269 5810 2438 5859 Hister.
2460 5809 2636 5861 Eccles.
2663 5810 2744 5862 lib.
2777 5811 2850 5863 10.
