3816 6140
97 228 236 290 789

101 349 254 406 licet
280 347 396 405 htec
427 345 478 403 in
508 345 639 419 ipsis
663 344 948 420 videantur
967 345 1302 420 deprehensa
1324 387 1352 420 ,_
1373 344 1723 420 nihilominus

102 435 218 477 vos
239 464 255 485 ,
292 421 380 492 qui
411 418 632 492 Domini
660 419 968 492 Salvatoris
989 418 1272 490 sequimini
1307 418 1725 492 viam,_,paticn-

104 493 255 546 tiam
286 489 571 557 adhibete,
603 490 724 545 data
767 489 849 545 his
888 489 1079 552 adhuc
1106 493 1356 560 Optione,
1386 489 1510 560 quid
1541 497 1727 558 putent

103 563 468 634 deligendum
501 580 513 617 :
564 577 626 618 ac
663 564 706 618 si
736 577 829 616 eos
869 563 920 616 in
965 560 1171 634 hisdem
1200 561 1438 634 videritis
1467 575 1722 634 perseve-

104 632 256 690 raré
272 677 287 693 .
331 636 575 703 protinus
615 650 735 688 cum
775 633 856 687 his
883 649 1017 703 quos
1057 633 1314 687 Dominus
1353 632 1542 703 dignos
1579 632 1725 687 cultu

103 721 220 761 suo
259 701 519 774 judicavit
544 748 558 767 .
603 701 1037 776 proficiscimini,
1091 713 1146 759 et
1188 703 1358 776 redite
1385 701 1451 758 ad
1481 704 1724 772 proprias

103 777 287 832 sedes
312 820 328 845 ,
379 775 985 848 meiquemementote,
1025 784 1083 848 ut
1127 776 1230 848 mei
1260 775 1504 848 Salvator
1541 784 1728 848 noster

102 864 344 918 semper
370 845 704 903 misereatur.
728 846 996 903 Caeterum
1047 847 1215 902 direxi
1263 862 1410 900 meos
1442 845 1722 918 homines,

102 920 207 990 qui
245 916 468 974 eosdem
518 919 764 974 infandos
809 918 1127 990 deceptores
1169 918 1439 990 religionis
1481 916 1725 990 protinus

102 987 182 1045 ad
221 992 541 1046 comitatum
589 1007 764 1044 memn
805 989 1128 1058 perducant,
1159 998 1217 1042 ut
1262 987 1330 1042 ibi
1359 989 1595 1058 degant,
1652 987 1728 1052 ibi

103 1063 220 1118 sibi
259 1072 486 1117 mortem
518 1061 845 1131 pervideant.
877 1061 1005 1116 Dedi
1032 1076 1243 1131 quoque
1273 1060 1476 1113 litteras
1501 1074 1717 1131 compe-

106 1142 304 1188 tentes
329 1134 394 1188 ad
423 1129 546 1188 eum
575 1133 663 1202 qui
690 1133 940 1186 vicariam
973 1129 1342 1202 pra~fecturam
1375 1146 1468 1202 per
1490 1129 1728 1202 Africam

106 1212 308 1260 tuetur
327 1247 341 1267 ,
374 1215 430 1259 ut
463 1213 724 1274 quotquot
753 1203 910 1274 hujus
939 1201 1161 1257 insania:
1187 1203 1389 1274 similes
1415 1201 1720 1274 invenerit,

106 1275 306 1331 statim
344 1290 438 1331 eos
466 1271 532 1329 ad
563 1271 874 1328 t-otnitatum
922 1289 1097 1328 meum
1136 1271 1357 1344 dirigat,
1405 1288 1471 1326 ne
1499 1273 1723 1328 ulterius

107 1349 222 1401 sub
265 1355 410 1401 tanta
446 1346 688 1401 claritate
717 1345 809 1401 llei
842 1345 1009 1399 nostri
1056 1361 1116 1399 ea
1161 1345 1230 1398 ab
1262 1345 1390 1412 ipsis
1419 1344 1576 1407 ﬁant,
1601 1358 1723 1414 qua:

110 1417 417 1473 maximam
479 1417 804 1472 iracundiam
863 1416 1099 1472 cmlestis
1184 1415 1531 1486 providentia:
1592 1430 1721 1484 pos-

108 1489 232 1543 sint
273 1489 518 1544 incitare.
561 1488 862 1543 Incolumes
899 1503 992 1542 vos
1041 1487 1179 1541 Deus
1249 1487 1586 1556 omnipotens
1623 1487 1720 1539 tri-

108 1558 252 1615 buat
312 1560 450 1614 votis
511 1559 646 1615 meis
698 1569 753 1614 et
811 1559 1006 1614 vestris
1071 1573 1170 1629 per
1231 1555 1463 1623 saecula,
1529 1555 1723 1612 fratres

108 1629 447 1704 clarissimi.

109 1744 487 1827 Episcopo:
544 1745 772 1837 partit
786 1743 1029 1837 populi
1063 1742 1150 1805 ad-
1182 1741 1522 1837 ﬁgendus:
1556 1759 1721 1804 cau-

430 1819 562 1886 sam
589 1824 911 1889 chiliam’
941 1823 1152 1886 adesse
1163 1819 1366 1904 jubet.

374 1924 776 1994 CONSTANTINUS
815 1925 1127 1991 Aoeosrt's,
1171 1924 1466 1996 Episcopis.

189 2021 340 2076 Ante
374 2034 574 2090 paucos
615 2019 828 2090 quidem
885 2019 1031 2086 dies,
1073 2019 1225 2090 juxta
1255 2018 1580 2090 postulatum
1620 2031 1712 2073 ve-

114 2100 298 2154 strum
318 2132 336 2159 ,
376 2089 482 2149 hoc
507 2089 648 2148 mihi
669 2091 958 2162 placuerat,
974 2101 1031 2154 ut
1055 2089 1123 2146 ad
1158 2089 1390 2162 Africam
1419 2096 1714 2162 revertere-

115 2163 301 2229 mini,
347 2170 407 2224 ut
458 2163 568 2218 illic
614 2159 788 2218 omnis
834 2178 1030 2227 causa,
1078 2176 1198 2232 qua:
1255 2160 1408 2216 vobis
1450 2159 1715 2232 adversus

114 2234 470 2305 Cecilianum
497 2243 804 2305 competere
836 2233 1071 2298 videtur,
1099 2231 1184 2305 ab
1205 2232 1392 2305 amicis
1419 2231 1554 2305 meis
1578 2237 1716 2302 quos

115 2303 445 2377 eiegissem,
482 2302 921 2377 cognosceretur,
959 2314 1120 2374 atque
1144 2303 1318 2377 linem
1349 2302 1592 2377 debitum
1622 2317 1712 2357 re-

116 2375 350 2449 ciperet.
386 2375 576 2449 Verum
602 2376 693 2438 ditt
732 2377 860 2449 mihi
901 2375 1188 2449 cogitanti,
1220 2383 1276 2433 et
1303 2376 1356 2431 in
1385 2376 1565 2449 animo
1591 2388 1714 2428 meo

117 2463 233 2506 non
277 2448 545 2504 immerito
583 2448 852 2513 volventi,
899 2447 951 2502 id
977 2446 1338 2517 potissimum
1377 2446 1550 2517 visum
1591 2455 1710 2510 est,

117 2527 219 2590 ut,
255 2519 506 2590 quoniam
566 2520 680 2576 scio
726 2518 986 2588 quosdam
1009 2516 1089 2574 ex
1135 2518 1338 2590 vestris
1381 2516 1712 2590 turbulentos

119 2588 352 2660 satis—et
386 2589 652 2646 obstinato
681 2591 860 2645 animo
887 2599 1088 2645 rectum
1125 2588 1382 2658 judicium
1410 2596 1466 2643 et
1495 2589 1714 2660 integra;

120 2659 369 2722 veritatis
415 2662 673 2724 rationem
735 2661 952 2716 minime
992 2660 1260 2730 respicere
1288 2701 1304 2724 ,
1353 2675 1416 2716 ac
1470 2673 1564 2729 per
1611 2661 1714 2715 hoc

123 2734 313 2790 venire
359 2730 611 2797 forsitan,
652 2741 710 2788 ut
758 2732 804 2787 si
851 2731 1045 2787 ibidem
1083 2740 1466 2801 cognoscatur,
1505 2745 1610 2786 non
1655 2739 1713 2786 ut

119 2801 390 2864 condecet
414 2811 470 2858 et
504 2803 744 2868 veritatis
773 2802 912 2859 ratio
944 2804 1278 2872 expostulat,
1311 2817 1399 2858 res
1426 2801 1586 2857 finem
1612 2817 1706 2856 ae-

120 2872 324 2946 cipiat,
355 2884 513 2945 atque
539 2873 738 2946 aliquid
781 2874 889 2946 tale
925 2875 1172 2946 eveniat,
1201 2873 1365 2946 nimia
1393 2881 1567 2946 vestra
1610 2873 1711 2928 ob-

120 2941 452 3016 stinatione,
495 2941 642 3016 quod
675 2953 732 3002 et
772 2944 1033 3001 divinitati
1073 2947 1277 3002 unlesti
1316 2944 1627 3012 displiceat,
1655 2953 1714 3001 et

121 3015 523 3076 existimationi
565 3032 737 3082 mem,
783 3032 942 3087 quam
985 3031 1200 3087 semper
1251 3015 1506 3087 illibatam
1554 3017 1714 3084 cupio

120 3100 503 3158 perseverare,
527 3086 812 3157 plurimum
836 3086 1119 3158 impediati
1150 3087 1348 3158 placuit
1373 3086 1502 3142 mihi
1526 3128 1542 3154 ,
1572 3087 1713 3142 sicut

120 3157 274 3230 disi,
305 3157 736 3230 ulCmcilianus,
771 3157 923 3229 juxta
953 3158 1100 3229 prius
1135 3157 1448 3222 tractatum.
1484 3159 1585 3213 huc
1610 3173 1710 3229 po-

121 3228 234 3302 tius
276 3228 494 3302 veniat;
541 3245 700 3302 quem
747 3228 909 3287 credo
942 3228 1351 3302 juxtalitteras
1401 3244 1550 3285 meas
1586 3228 1713 3286 mox

122 3297 450 3372 adiuturum.
483 3297 744 3358 Polliceor
783 3297 961 3358 autem
1005 3301 1357 3372 vobis,un
1383 3301 1426 3356 si
1450 3310 1717 3372 praesente

124 3371 244 3441 ipso
286 3371 354 3443 de
402 3387 512 3430 uno
543 3381 746 3443 tantum
787 3373 1011 3430 crimine
1055 3373 1141 3429 vel
1187 3371 1422 3428 facinore
1454 3371 1577 3443 ejus
1617 3386 1716 3442 per

125 3442 487 3514 vosmetipsos
514 3442 715 3514 aliquid
745 3443 1096 3514 probaveritis
1113 3484 1128 3509 ,
1156 3443 1210 3499 id
1233 3443 1373 3514 apud
1401 3442 1500 3498 me
1517 3445 1586 3498 sit
1609 3484 1624 3509 ,
1651 3457 1717 3498 ac

125 3513 170 3586 gi
198 3513 446 3570 universa
476 3513 670 3586 quze’ei
699 3513 990 3582 in’tenditis,
1018 3516 1240 3585 probata
1264 3513 1385 3572 esse
1409 3513 1710 3570 videantur.

127 3582 270 3650 Deus
288 3582 632 3663 omnipotens
665 3595 972 3658 perpetuam
1001 3582 1199 3644 tribuat
1222 3586 1581 3642 securitatem.

125 3699 458 3764 Promittit
486 3699 1056 3783 Constanginus_ad
1087 3699 1370 3783 Africam
1397 3717 1460 3762 se
1488 3707 1716 3783 vente-

203 3797 370 3848 rum.
399 3787 474 3844 ut
526 3781 692 3844 inter
751 3773 1157 3846 Caeilianum'
1203 3787 1260 3836 et
1292 3781 1620 3838 Donatum.
1640 3773 1714 3836 do

205 3858 532 3926 schismate
563 3862 632 3925 in
655 3860 882 3940 Africa
909 3862 1080 3939 [bolo
1101 3854 1372 3936 judicet.

589 3979 764 4042 Cesso
790 3977 990 4044 vicario
1015 3974 1228 4042 Africze.

199 4091 550 4151 Pcrseverare
565 4093 846 4150 Menalium
856 4091 928 4165 (a)
945 4107 1067 4165 eum
1081 4092 1271 4165 quem}
1281 4089 1593 4165 jamdudum
1609 4105 1720 4148 sus-

126 4174 342 4236 ceperat
370 4165 595 4231 insania,
620 4163 952 4236 ueteresque
974 4164 1064 4234 qui
1089 4179 1118 4218 a
1146 4163 1370 4236 veritate
1393 4163 1491 4236 Dei
1508 4163 1719 4234 digres-

128 4235 395 4300 si,errori
417 4237 816 4306 sepravissimo
853 4235 1135 4301 dederunt,
1157 4235 1395 4306 proxima
1427 4235 1584 4288 etiam
1615 4243 1719 4288 tute

131 4306 417 4364 Gravitatis
437 4304 632 4377 scripta
660 4315 848 4362 testata
882 4315 1039 4372 sunt,
1068 4305 1260 4375 quibus
1291 4304 1638 4364 inh:erentein
1667 4313 1720 4359 te

126 4379 352 4450 iussioni
383 4387 580 4434 nostrae
605 4377 672 4432 de
697 4379 890 4450 merito
907 4380 930 4410 ³
957 4377 1233 4450 seditionis
1259 4377 1526 4447 ipsorum,
1550 4389 1721 4445 eoque

134 4447 358 4505 tttmultu
405 4464 566 4520 quem
615 4449 995 4520 apparabant,
1021 4447 1302 4503 inhibitum
1347 4463 1468 4502 esse
1512 4463 1719 4502 memo-

133 4521 292 4588 rasti,
323 4518 490 4591 frater
515 4518 852 4575 charissime.
883 4518 1034 4576 Unde
1058 4520 1308 4591 quoniam
1341 4534 1405 4591 es
1449 4533 1514 4573 eo
1556 4520 1722 4589 patuit

133 4593 278 4662 ipsos
325 4590 558 4647 nefarias
599 4607 688 4646 res
715 4591 1010 4662 cogitasse,
1039 4589 1185 4661 quod
1213 4591 1354 4662 enim
1379 4589 1431 4655 ⁸,
1463 4605 1582 4645 cum
1615 4599 1723 4643 sta-

133 4661 354 4719 tuissem
385 4663 526 4717 inter
558 4662 705 4731 ipsos
731 4661 1180 4733 et’Cmcilianum,
1213 4661 1523 4733 plenissime
1565 4675 1724 4731 super

134 4733 545 4806 allegationibus
573 4733 801 4806 diversis
825 4731 1098 4806 requirere
1117 4775 1134 4801 ,
1164 4731 1474 4806 praesentiai
1497 4747 1632 4788 mea:
1665 4747 1724 4787 se

136 4803 380 4874 suscepta
407 4803 530 4875 iuga
557 4805 871 4875 subtrahere
895 4803 1305 4875 laboraverunt,
1336 4805 1436 4858 hoc
1463 4803 1579 4874 ipso
1609 4813 1724 4858 tur-

137 4873 358 4946 pissimo
397 4873 539 4932 laeto
589 4874 852 4940 confessi,
899 4875 966 4930 ad
1004 4890 1064 4931 ea
1093 4889 1153 4932 se
1189 4874 1367 4931 redire
1395 4873 1683 4945 properare
1706 4915 1722 4942 ,

137 4963 255 5018 qu:e
280 4957 336 5003 et
362 4955 516 5002 antea
563 4947 829 5011 fecerant,
860 4956 916 5002 et
958 4962 1099 5002 nunc
1140 4960 1299 5017 agere
1341 4955 1724 5018 perseverant:

139 5017 196 5073 at
213 5019 234 5052 ⁸
259 5033 383 5089 cum
407 5027 616 5074 constet
637 5018 856 5074 minime
877 5032 1309 5089 unumquemque
1332 5017 1546 5089 propria
1575 5018 1727 5089 peni-

142 5099 228 5144 tus
265 5088 462 5159 delicta
509 5089 738 5155 lucrari,
770 5089 980 5144 etiamsi
1031 5088 1301 5159 pauliSper
1335 5088 1521 5143 eorum
1569 5088 1730 5144 fuerit

141 5160 395 5216 coercitio
419 5158 583 5215 dilata
603 5202 619 5224 ,
665 5158 1308 5216 mandandumGravitati
1339 5167 1445 5214 tute
1473 5159 1598 5214 duxi
1623 5202 1637 5224 ,
1670 5167 1730 5215 ut

144 5232 352 5286 interim
392 5231 608 5301 quidem
655 5231 873 5287 eosdem
912 5231 1160 5301 omittas,
1191 5240 1248 5286 et
1288 5229 1730 5286 dissimulandum

145 5316 305 5376 super
334 5295 481 5372 ipsos
501 5317 623 5358 esse
649 5295 1167 5376 cognoscasNerum
1198 5301 1336 5359 lecta
1359 5301 1458 5358 hac
1481 5302 1728 5374 epistola,

207 5437 228 5508 ξ
257 5442 414 5508 ἔστων
436 5434 491 5508 ἐκ
509 5449 570 5487 ea
589 5449 751 5508 om.

207 5500 229 5532 ³
257 5503 418 5560 Forte,

210 5560 232 5595 ³
257 5557 416 5623 forte,
437 5559 610 5622 etiam,
634 5559 734 5623 vel,

208 5621 234 5658 ⁸
257 5627 414 5675 arte.
435 5627 500 5674 et.

213 5657 835 5750 (aﬁ'ifgicﬁpgipeanoais
870 5696 1012 5735 reum
1043 5690 1179 5736 notat
1199 5690 1399 5750 Optatos
1418 5682 1506 5737 lib.
1534 5687 1582 5738 t.
1615 5684 1736 5738 vide

155 5745 310 5816 supra,
332 5745 425 5800 col.
442 5746 670 5798 773-774.

803 220 1170 285 EXCERPTA
1211 223 1304 284 AD
1345 217 1875 284 DONATISTARUBI
1917 221 2282 284 HISTORIAM
2321 223 2802 285 PERTINENTIA.

3323 230 3432 290 790

1843 353 1948 398 tam
1993 343 2310 422 chiliano,
2353 362 2513 422 quam,
2560 347 2783 422 hisdem
2817 346 2990 417 palam
3035 346 3237 416 facias,
3287 351 3433 422 quod

1833 430 1954 490 cum
2004 417 2211 490 favente
2245 417 2438 489 pietate
2467 419 2646 474 divina
2674 418 2906 475 Africam
2939 435 3137 476 venero
3162 464 3177 485 ,
3230 417 3429 490 plenis-

1833 487 1967 541 sime
1998 487 2260 562 universis
2282 532 2294 551 ,
2327 499 2431 545 tam
2459 491 2778 562 Caeciliano,
2809 507 2967 562 quam
3005 492 3086 546 his
3112 494 3201 562 qui
3230 487 3422 551 contra

1832 573 1954 612 enim
1983 575 2141 630 agere
2164 561 2427 626 videntur,
2460 561 2596 617 lecto
2623 561 2854 618 dilucido
2879 562 3079 630 judicio
3099 561 3426 620 demonstra-

1834 638 1986 704 turus
2010 645 2126 686 smn
2147 673 2161 695 ,
2191 648 2308 701 qua:
2337 643 2389 688 et
2416 633 2586 704 qualis
2615 648 2836 688 summa:
2863 634 3124 689 divinitati
3170 635 3238 689 sit
3268 635 3424 690 adhi-

1831 700 2003 756 benda
2033 700 2308 774 veneratio
2332 745 2348 770 ,
2378 700 2756 774 et'cnjusmodi
2786 707 2932 761 cultu
2958 705 3214 761 delectari
3240 706 3423 762 videa-

1836 780 1921 849 tur
1947 772 2440 849 :_adh_ibito_ct_iam_
2461 772 2698 849 diligenti
2719 778 3004 849 examine,
3035 793 3096 831 ea
3124 794 3242 849 quae
3282 793 3424 836 nunc

1830 843 1990 912 aliqui
2017 845 2210 900 exinde
2241 846 2291 902 in
2325 847 2536 919 latebris
2564 843 2757 902 mentis
2788 843 3204 919 ignorantimqne
3233 850 3422 905 occul-

1832 922 1944 991 tare
1969 930 2028 970 se
2054 925 2272 991 putant,
2317 917 2623 991 plenissime
2651 935 2767 991 sum
2800 917 3144 991 reperturus,
3176 929 3338 990 atque
3365 922 3421 978 in

1832 984 2006 1060 lucem
2049 985 2282 1060 facturus
2317 984 2547 1060 ivenire;
2593 990 2806 1046 easdem
2851 984 3143 1060 personas,
3176 984 3293 1059 quz'e
3336 1008 3421 1048 res

1833 1056 2134 1112 istiusmodi
2179 1059 2481 1125 concitant,
2515 1056 2866 1130 faciuntque,
2914 1069 2968 1115 nt
2998 1078 3101 1116 non
3133 1056 3269 1117 cum
3316 1079 3377 1118 ea
3403 1105 3420 1126 ,

1830 1143 1930 1203 qua
1962 1137 2211 1203 oportet,
2242 1132 2584 1203 veneratione
2614 1147 2851 1186 summus
2879 1132 3018 1188 Dens
3047 1133 3269 1198 colatur,
3300 1149 3422 1203 pero

1828 1197 1950 1252 dam
1979 1210 2136 1270 atque
2165 1199 2463 1256 discutiam.
2498 1201 2736 1271 Cumque
2765 1204 2893 1257 satis
2921 1203 3121 1258 clareat
3151 1197 3422 1260 neminem

1828 1283 1985 1345 posse
2029 1271 2687 1345 iieatitndinesmartyris
2732 1288 2797 1328 eo
2846 1289 3042 1340 genere
3067 1277 3418 1345 conquirere,

1827 1340 1968 1416 quod
1991 1341 2228 1416 alienum
2255 1359 2282 1396 a
2317 1343 2540 1398 veritate
2578 1340 2855 1416 religionis
2882 1354 2934 1398 ct
2966 1340 3314 1416 incongruum
3337 1340 3425 1400 es;

1828 1426 1888 1466 se
1917 1411 2195 1478 videatur;
2225 1428 2318 1468 eos
2344 1429 2478 1484 quos
2506 1411 2797 1469 contra'l'as
2825 1424 2879 1470 ct
2906 1411 3214 1484 religionem
3247 1417 3419 1484 ipsam
3486 1459 3491 1482 ι

1829 1497 2190 1556 recognovero
2214 1525 2253 1556 ,ί
2277 1499 2502 1555 reosque
2533 1486 2791 1541 violenlcs
2815 1487 2831 1518 ¹
2861 1488 3218 1556 competentis
3261 1503 3422 1542 venc-
3488 1516 3496 1552 ε

1826 1552 2049 1625 rationis
2075 1552 2500 1623 deprehendero,
2530 1557 2646 1611 sine
2673 1557 2778 1612 ulla
2809 1552 3136 1614 dubitatione
3155 1600 3170 1625 ,
3200 1559 3423 1614 insania)
3491 1585 3500 1623 _-

1823 1624 2309 1698 obstinationisque
2337 1629 2636 1682 temerariae
2663 1627 2848 1682 faciam
2881 1630 3067 1683 merita
3100 1624 3258 1684 exitia
3293 1644 3418 1698 per-
3491 1637 3499 1674 '-

1827 1694 2240 1770 so‘lvereescire—
2265 1697 2442 1770 itaque
2473 1715 2567 1768 pro
2596 1709 2744 1770 certo
2770 1715 2888 1770 qua:
2911 1698 3112 1755 habere
3141 1694 3371 1756 debeant
3397 1743 3414 1768 ,

1826 1759 1894 1819 ad
1937 1766 2298 1838 plenissimam
2331 1759 2516 1836 li'dem',
2546 1769 2714 1824 salute
2756 1759 2915 1824 e'tiam
2951 1779 3085 1824 teste
3127 1772 3367 1827 invocata

1821 1839 2098 1925 qugodﬂtani
2123 1839 2649 1925 supciz.plebe,quam
2676 1855 2836 1925 super
2861 1841 3072 1925 clericis
3088 1841 3170 1898 his
3191 1842 3419 1925 qui_pri-

1819 1907 1894 1961 mi
1916 1916 2060 1974 sunt,
2081 1907 2201 1983 sum
2215 1907 2620 1983 diligentissime
2646 1907 2964 1982 qmesiturus
2986 1955 2998 1979 ,
3025 1914 3181 1980 idque
3205 1907 3417 1983 judica-

1822 1987 1973 2053 turus
2003 1979 2144 2053 quod
2173 1979 2507 2053 verissimum
2553 1992 2606 2038 et
2636 1979 3105 2053 religiosissimum
3138 1979 3257 2040 esse
3302 2001 3417 2038 ma-

1821 2047 2071 2126 nifestum
2103 2052 2214 2126 sit:
2261 2051 2720 2126 demonstraturus
2739 2047 2908 2126 etiam
2954 2055 3195 2120 hisdem,
3227 2055 3318 2126 qui
3360 2066 3418 2111 et

1818 2122 1989 2191 qualis
2016 2117 2278 2198 divinitati
2323 2125 2496 2198 cultus
2543 2123 2874 2182 adhibendus
2917 2117 3409 2198 siteNam'néqna-

1817 2199 1976 2267 quam
2024 2209 2108 2247 me
2154 2193 2309 2250 aliter
2354 2195 2644 2267 maximum
2693 2205 2896 2252 reatum
2953 2196 3185 2266 ell‘ngere
3247 2193 3412 2267 posse

1817 2262 1979 2344 credo
2002 2305 2017 2330 ,
2045 2280 2203 2344 quam
2233 2275 2290 2344 ut
2320 2267 2421 2344 hoc
2446 2265 2588 2338 quod
2621 2267 2862 2344 improbe
2892 2267 2952 2344 fit
2974 2309 2989 2332 ,
3018 2262 3416 2344 mininie'_exi-

1816 2335 2026 2409 stiniem
2050 2335 2488 2398 dissimulandum
2514 2352 2666 2395 :cum
2686 2335 2817 2394 nihil
2844 2339 3018 2408 potius
3038 2354 3068 2395 a
3098 2355 3184 2396 me
3208 2341 3289 2409 agi
3318 2353 3416 2409 pro

1816 2405 2056 2461 instituto
2085 2422 2204 2481 meo
2229 2450 2244 2475 ,
2277 2409 2546 2481 ipsiusque
2577 2405 3086 2480 principis'muncre
3123 2405 3411 2481 oporteat,

1815 2491 1972 2546 quam
1998 2487 2052 2532 ut
2072 2479 2328 2534 discussis
2351 2479 2624 2535 erroribus
2643 2481 2997 2550 omnibusque
3021 2479 3414 2537 temeritatibus

1814 2550 2102 2621 amputatis
2126 2592 2142 2621 ,
2173 2565 2352 2606 veram
2385 2550 2698 2621 religionem
2728 2551 3036 2617 universos,
3061 2552 3416 2608 concordem-

1814 2633 1918 2694 qn_e
1961 2620 2388 2692 simplicitatem,
2416 2620 2583 2694 atque
2622 2625 2865 2694 meritam
2912 2623 3270 2694 omnipotenti
3301 2623 3413 2679 Deo

1813 2688 2082 2764 culturam
2107 2700 2430 2762 praesentare
2459 2688 2749 2763 perficiam.

1812 2799 2194 2883 Exemplum
2207 2801 2522 2888 Epiitola:
2541 2803 3301 2888 Prufeetorumprwlorio
3330 2804 3415 2868 ad

2319 2883 2558 2947 Celsum
2581 2883 2913 2948 vicarium.

1814 2979 2152 3050 Passennus,
2200 2983 2472 3040 Asulanus
2519 2993 2574 3040 et
2627 2983 2918 3054 Juuasus,
2967 2986 3193 3044 Doumo
3237 2985 3415 3044 CELSO

2383 3055 2584 3112 vicario
2620 3054 2838 3114 Africaa.

1886 3146 2149 3220 Quoniam
2193 3147 2532 3215 Lucianum,
2587 3147 2941 3220 Capitonem,
2990 3151 3292 3207 Fidentium
3356 3161 3413 3208 et

1814 3217 2092 3295 Nasutium
2124 3220 2409 3295 episcopos
2433 3261 2452 3287 ,
2482 3229 2540 3276 et
2581 3217 2952 3295 Mammarium
2999 3225 3368 3295 presbyterum
3395 3265 3411 3289 ,

1817 3290 1913 3364 qui
1945 3290 2243 3364 secundum
2289 3291 2511 3364 eteieste
2553 3301 2880 3364 praeceptum
2911 3290 3120 3364 Domini
3149 3290 3416 3349 Conslan-

1817 3360 1915 3440 ti_n_i
1942 3360 2154 3440 iiaximi
2197 3361 2386 3440 invicti
2433 3360 2650 3440 semper
2677 3360 2903 3435 Augusti
2953 3363 3248 3440 adllatlias
3285 3381 3414 3440 cem
3465 3375 3468 3378 '

1817 3431 1936 3488 aliis
1982 3431 2114 3502 legis
2162 3433 2279 3502 ejus
2327 3431 2632 3490 hominibus
2676 3431 2962 3502 venerant,
3009 3437 3247 3502 Bigmtas
3297 3431 3416 3502 ejus

1818 3502 1885 3558 ad
1936 3498 2078 3558 lares
2116 3498 2363 3573 proprios
2405 3507 2592 3560 venire
2628 3498 2888 3573 praecepit
2913 3515 2928 3564 ;
2958 3499 3283 3573 angarialem
3331 3499 3418 3554 his

1819 3589 1940 3629 cum
1985 3568 2288 3638 annonaria
2317 3570 2675 3638 competentia
2722 3584 2894 3638 usque
2941 3569 3007 3623 ad
3039 3568 3417 3622 Arelatensem

1818 3653 2031 3710 portum
2058 3708 2066 3710 4
2093 3637 2387 3694 secundum
2438 3637 2760 3710 imperatum
2807 3639 3127 3710 aeternitatis
3168 3638 3416 3710 ejusdem

1818 3707 2221 3780 clementissimi
2274 3707 2539 3780 principis,
2571 3709 2850 3777 dedimus,
2890 3707 3057 3765 frater
3083 3751 3099 3776 ,
3139 3707 3245 3780 qua
3293 3708 3418 3765 inde

1819 3777 2056 3836 Africam
2099 3777 2368 3851 navigem.
2395 3777 2546 3851 Quod
2579 3780 2850 3836 solertiam
2897 3790 3042 3836 tuam
3089 3777 3281 3851 litteris
3323 3794 3425 3835 no-

1819 3851 1948 3906 stris
1982 3852 2123 3922 scire
2165 3849 2467 3906 conveniat.
2497 3850 2758 3922 Optamus
2803 3860 2886 3918 te,
2935 3851 3105 3907 frater
3125 3891 3140 3916 ,
3173 3849 3421 3907 felicissi-

1819 3937 1970 3994 mum
2000 3920 2137 3994 bone
2163 3922 2368 3994 valere.
2397 3920 2631 3978 llilarius
2656 3921 2906 3994 princeps
2929 3923 3120 3980 obtulit
3153 3936 3208 3979 tv
3230 3922 3419 3978 calen-

1821 3992 1921 4049 das
1946 3991 2133 4048 maias.
2160 3992 2419 4049 Triberis.

1823 4109 1926 4189 De
1942 4106 2344 4189 Constantini
2353 4107 2607 4189 judicio
2634 4107 2806 4189 apud
2827 4107 3264 4189 Mediolanum
3293 4107 3423 4172 Ita-

1903 4187 2058 4256 bito,
2079 4186 2190 4251 ubi
2214 4186 2464 4250 rursum
2487 4186 2808 4251 absolutus
2837 4196 2923 4250 est
2947 4188 3342 4251 Cacilianus.

1897 4290 1955 4346 lu
1981 4289 2157 4346 indice
2179 4289 2492 4362 collationis
2516 4288 2766 4362 Carthag.
2798 4291 2854 4358 5,
2881 4305 3000 4362 cap.
3031 4291 3137 4348 516
3159 4333 3174 4356 ,
3211 4292 3421 4362 legitur,

1829 4362 2085 4434 liccitgtio
2127 4360 2314 4434 judicii
2359 4359 2678 4416 Constantini
2715 4359 2736 4426 ξ
2783 4378 2881 4434 qna
2928 4359 3072 4434 apud
3125 4379 3179 4418 se
3223 4359 3423 4434 quoque

1827 4431 2160 4505 chilianum
2189 4431 2346 4502 fuisse
2373 4443 2644 4505 purgatum
2677 4431 3106 4505 post-Arelatense
3147 4431 3423 4505 concilium

1825 4503 2080 4577 signiﬁcat
2107 4500 2595 4577 Imperator.ilbid.,
2625 4500 2744 4577 cap.
2778 4503 2901 4577 ξεί.
2932 4502 3262 4577 lnterlocutio
3286 4504 3425 4577 quod

1827 4575 1960 4646 inter
2007 4584 2176 4646 partes
2222 4575 2520 4629 sententiam
2559 4575 2728 4630 tulerit
2774 4574 3081 4642 Imperator.
3116 4576 3276 4642 lbid.,
3298 4574 3419 4646 cap.

1829 4645 1938 4717 523
1965 4660 1985 4700 :
2007 4642 2343 4717 'lntcrlocutio
2384 4645 2479 4701 hoc
2524 4649 2691 4714 ipsum
2734 4647 3030 4717 signiﬁcans
3067 4664 3130 4702 ea:
3180 4642 3424 4717 rescripto

1831 4716 2092 4787 Principis
2137 4717 2371 4786 rapacius
2421 4717 2648 4788 recitato.
2674 4716 3013 4788 Rescriptum
3045 4717 3184 4774 istud
3216 4719 3280 4772 ad
3314 4716 3426 4772 En-

1832 4788 2339 4860 maliumivicarium
2368 4787 2597 4855 Africae,
2627 4788 2808 4843 laudat
2835 4787 3164 4860 Augustinus
3209 4789 3261 4844 in
3291 4788 3428 4844 Bre-

1832 4859 2009 4914 viculo
2033 4857 2226 4930 Collat.
2254 4859 2317 4926 ‘5,
2350 4875 2406 4930 η.
2429 4860 2496 4915 37
2525 4875 2559 4930 :7
2573 4868 2626 4914 et
2669 4860 2761 4915 lib.
2789 4857 3290 4930 post'Collationem
3312 4901 3328 4924 ,
3365 4877 3424 4914 n.

1834 4931 1939 4997 56,
1969 4930 2067 5002 ubi
2101 4929 2288 5002 datum
2355 4929 2486 5002 dicit
2523 4929 2718 5002 Sabino
2765 4929 2812 4984 et
2842 4929 3044 5002 Ru/ﬁno
3088 4932 3382 5002 consulibus
3405 4972 3424 4996 ,

1835 5012 2017 5075 quarto
2053 5001 2168 5075 idus
2197 5000 2481 5075 novemin'cs
2509 5001 2610 5075 (9).
2641 5001 2810 5075 ipsam
2850 5000 3061 5075 queque
3087 5000 3428 5058 Constantini

1836 5071 2157 5156 sententiam
2184 5071 3082 5156 secundumcmcilianum‘dictam
3128 5089 3192 5128 ex
3231 5076 3424 5156 eodem

1837 5146 2100 5216 rescripto
2146 5143 2301 5199 allert
2345 5144 2399 5199 in
2447 5144 2536 5200 lib.
2588 5145 2624 5199 5
2664 5152 2847 5198 contra
2899 5143 3256 5209 Crescon.,n.
3294 5145 3366 5201 82
3410 5162 3427 5198 :

1839 5215 2020 5286 Insere
2047 5215 2246 5282 adhuc,
2275 5215 2380 5282 ait,
2408 5225 2455 5270 et
2479 5216 2627 5270 verba
2668 5215 2986 5270 Constantini
3012 5232 3075 5270 ea:
3109 5217 3287 5270 litteris
3315 5217 3428 5286 ejus

1839 5287 1909 5342 ad
1934 5285 2232 5342 Eumalium
2255 5287 2501 5357 uicarium
2519 5327 2536 5354 ,
2563 5286 2648 5341 ubi
2674 5303 2728 5341 se
2754 5287 2887 5340 inter
2911 5294 3076 5354 partes
3102 5285 3391 5357 cognouisse
3412 5325 3433 5352 ,

1839 5368 1890 5415 et
1930 5361 2244 5414 innocentem
2283 5356 2615 5414 Cecilianum
2663 5359 2970 5428 comperisse
3021 5355 3249 5411 testatur.
3301 5355 3433 5411 Cum

1841 5429 1976 5502 enim
1999 5430 2330 5502 nurrussctrin
2355 5429 2434 5486 his
2457 5444 2571 5500 qua
2592 5444 2751 5502 supra
2775 5431 2974 5502 locutus
2991 5437 3082 5490 est,
3108 5428 3433 5502 quemadmo-

1842 5500 1971 5582 dum
1996 5501 2065 5582 ad
2103 5499 2359 5582 judicium
2395 5498 2508 5582 eius
2542 5498 2666 5572 post
2697 5498 3430 5582 episcOpaliujud‘iciu‘partes

1844 5567 2314 5644 perductte'fuerint
2339 5588 2361 5628 :
2389 5567 2460 5628 In
2477 5567 2577 5646 quo
2605 5567 2798 5645 percidi
2815 5614 2832 5643 ,
2866 5567 3065 5642 inquit,
3093 5567 3427 5627 chilianttlt

1910 5688 1926 5720 ³
1964 5693 2122 5748 Forte,
2143 5686 2346 5740 υἰοιαεαξ.

1913 5749 1986 5814 (a)
2020 5751 2104 5800 Die
2130 5751 2188 5802 10
2210 5751 2440 5804 novemb.
2465 5752 2580 5804 anni
2600 5750 2710 5803 516.

3221 5797 3255 5815 ει
