3816 6134
1579 46 1705 77 μαὺπ’
1712 46 1851 77 hiat."
1886 55 1925 77 γλ

131 163 267 221 809

133 280 399 350 antiquo,
429 290 527 347 per
567 289 765 350 manus
801 276 1192 350 impositionem
1235 274 1433 350 recepti
1474 282 1630 340 sunt,
1664 274 1765 350 de-

134 346 318 407 bem—
334 349 533 404 talibus
576 347 969 418 suscipiendum
1002 362 1191 418 munus
1216 346 1493 400 clericatus
1531 361 1636 398 non
1656 346 1767 418 im-

138 421 362 492 pedire
387 435 581 474 nomen
610 416 808 492 erroris
828 457 844 482 ,
876 428 982 492 etc:
1009 417 1322 492 Quanquam
1340 417 1587 492 nonnulli
1618 416 1735 492 ejus
1746 445 1765 455 -

141 486 294 547 dem
333 499 495 545 sectae
523 489 701 544 clerici
729 504 849 543 cum
879 488 1126 557 plebibus
1150 486 1309 557 atque
1340 486 1629 540 honoribus
1656 486 1767 542 suis

141 562 228 618 ad
262 576 373 617 nos
417 561 644 615 transire
690 558 1141 627 desiderent,qui
1174 570 1355 627 amore
1411 557 1631 610 honoris
1678 563 1769 627 aut

230 631 504 688 rsuadent
547 630 615 684 ad
641 630 835 693 vitam,
868 637 959 683 aut
1003 626 1234 683 retinent
1276 626 1343 681 ad
1384 627 1631 682 salutem.
1661 626 1769 681 Sed

230 648 504 688 rsuauent
547 648 615 684 au
641 648 835 693 Vllam,
868 648 959 683 am
1003 648 1234 683 fellllelll.
1276 648 1343 681 au
1384 648 1631 682 salutem.
1662 648 1769 681 acu

145 648 275 758 Ecce
335 701 523 770 majori
575 700 797 755 fratrum
870 698 1293 770 supradiclorum
1356 696 1773 770 considerationi

151 767 559 829 dimittendum
588 785 805 834 censeo,
833 778 893 824 ut
928 768 1256 839 prudentiori
1295 781 1395 822 suo
1420 767 1642 839 consilio
1672 782 1771 839 no:

150 855 303 899 strzn
334 842 692 913 suggestionis
717 836 1021 913 sermonem
1044 854 1168 913 cum
1199 838 1577 913 perpenderint
1597 879 1611 904 ,
1634 836 1773 913 quid

152 916 235 969 de
266 913 379 968 hac
405 909 468 967 re
495 913 575 966 eis
603 913 825 980 placeat,
856 924 954 964 nos
978 910 1267 963 informare
1296 909 1599 980 dignentur.
1633 909 1775 961 Tan-

154 994 289 1039 tum
326 984 397 1039 de
424 984 504 1036 his
534 983 622 1050 qui
654 980 884 1035 infantes
910 980 1155 1048 baptizati
1192 979 1688 1050 sunt,satagimus_,
1716 985 1778 1032 ut

156 1062 383 1110 nostrae
404 1093 419 1118 ,
450 1053 496 1107 si
525 1048 730 1122 placet,
761 1051 814 1105 in
860 1050 1048 1105 iisdem
1089 1049 1398 1105 ordinandis
1437 1048 1777 1104 consentiant

160 1123 468 1190 voluntati,
494 1132 598 1178 etc.

160 1236 271 1297 De
336 1233 824 1297 reconciliandis
877 1233 1233 1296 Donatistis
1300 1231 1781 1312 Carthaginense

485 1313 835 1377 Concilium
855 1313 1085 1393 Africa:
1115 1311 1489 1373 universale.

250 1433 550 1490 Vincentio
601 1441 656 1487 et
694 1432 902 1486 Flavito
945 1431 1072 1486 viris
1118 1430 1425 1485 clarissimis
1454 1429 1780 1496 consulibus,

172 1506 371 1561 idibus
402 1504 718 1571 septembris
750 1501 847 1575 (a),
878 1500 1192 1575 Carthagine
1233 1502 1285 1555 in
1315 1501 1601 1575 secretario
1638 1500 1783 1575 basi-

172 1578 309 1631 licae
334 1575 634 1641 Restitutm,
661 1571 780 1628 cum
806 1571 863 1627 in
892 1572 1116 1627 concilio
1143 1571 1447 1641 congregati
1475 1573 1530 1625 in
1556 1571 1782 1641 ecclesia

175 1644 599 1714 Carthaginiensi
638 1643 1075 1714 consedissemus
1114 1657 1179 1697 ex
1202 1640 1501 1714 Africanis
1536 1640 1782 1714 omnibus

176 1710 485 1787 provinciis
528 1713 781 1787 episcopi,
834 1713 885 1787 id
932 1720 1014 1787 est
1056 1712 1305 1767 Aurelius
1353 1710 1591 1787 ejusdem
1641 1711 1783 1787 sedis

179 1780 484 1858 cpiscopus
512 1780 630 1839 cum
661 1780 881 1858 collegis
910 1782 1019 1858 suis
1039 1824 1073 1858 ,_
1083 1796 1218 1858 quos
1247 1780 1785 1858 eorum‘subscriptio

181 1850 511 1912 manifestat
551 1873 563 1909 :
608 1850 842 1909 recitatis
888 1850 1127 1923 epistolis
1170 1852 1460 1923 beatissimi
1507 1850 1686 1906 fratris
1730 1859 1785 1923 et

183 1925 604 1982 consacerdotis
630 1925 796 1979 nostri
820 1922 1083 1979 Anastasii
1115 1923 1365 1977 Ecclesiae
1392 1922 1646 1977 Romanae
1674 1922 1787 1991 epi-

184 1997 371 2065 scopi,
402 1996 595 2066 quibus
622 2009 719 2049 nos
749 2002 1062 2066 paternae‘et
1094 1992 1343 2047 fraternm
1370 1992 1641 2066 charitatis
1672 1992 1785 2066 soi-

183 2062 478 2123 licitudine
506 2081 569 2121 ac
595 2062 902 2119 sinceritate
928 2063 1239 2117 adhortatus
1264 2073 1365 2129 est,
1395 2072 1453 2117 ιιι
1476 2062 1543 2117 de
1570 2062 1785 2117 haereti-

186 2152 386 2192 corum
436 2145 490 2191 et
532 2136 994 2191 schismaticorum
1039 2134 1432 2188 Donatistarum
1484 2132 1689 2189 insidiis
1734 2139 1789 2188 et

189 2206 630 2278 improbitatibus
652 2248 666 2272 ,
709 2206 899 2276 quibus
926 2204 1227 2278 Africanam
1250 2203 1582 2278 -Ecciesianr
1600 2204 1788 2258 catho-

188 2273 361 2334 licam
409 2278 638 2348 graviter
677 2273 905 2348 vexant,
952 2275 1099 2348 nullo
1143 2273 1785 2348 modo_dissimuiemus:

190 2342 637 2420 gratias'agimus
664 2347 889 2401 Domino
931 2342 1113 2420 nostro
1136 2387 1150 2411 ,
1184 2344 1326 2415 quod
1370 2344 1445 2399 illi
1486 2344 1685 2413 optimo
1724 2358 1789 2400 ac

193 2417 391 2473 saneto
437 2417 653 2473 antistiti
706 2431 841 2482 suo,
895 2425 998 2470 tam
1052 2417 1192 2485 piam
1245 2429 1428 2469 curam
1478 2429 1574 2483 pro
1617 2429 1788 2485 meme

194 2489 317 2544 bris
357 2488 587 2555 Christi,
629 2489 871 2558 quamvis
915 2488 967 2541 in
1008 2484 1319 2558 diversitate
1360 2495 1650 2558 terrarum,
1695 2484 1790 2540 sed

195 2560 257 2614 in
287 2573 396 2613 una
431 2555 687 2630 compage
715 2558 952 2628 corporis
978 2557 1279 2614 constitutis
1309 2556 1566 2627 inspirare
1600 2555 1790 2626 digna-

195 2638 290 2684 ιιιε
328 2638 428 2683 εει.

274 2699 480 2755 Deinde
516 2699 853 2768 pertractatis
893 2706 947 2754 et
986 2698 1335 2753 consideratis
1359 2695 1637 2760 omnibus,
1669 2710 1791 2766 qua:

196 2770 419 2826 utilitati
473 2769 727 2825 Ecclesiae
785 2770 1071 2825 convenire
1119 2768 1473 2832 videbantur,
1522 2774 1792 2822 annuente

197 2851 367 2911 atque
390 2840 708 2895 admonente
733 2839 934 2910 Spiritu
962 2839 1077 2911 Dei,
1108 2838 1349 2911 eligimus
1378 2852 1498 2893 cum
1515 2851 1793 2911 memora-

199 2908 293 2966 tis'
317 2910 651 2975 hominibus,
682 2908 922 2979 quamvis
948 2909 1013 2965 de
1040 2909 1291 2964 dominici
1321 2908 1559 2978 corporis
1588 2908 1791 2979 unitate

200 2982 444 3053 inquieta
505 2977 835 3053 dissensione
900 2980 1173 3053 praecisis,
1226 2977 1425 3053 leniter
1463 2987 1517 3034 et
1560 2977 1793 3053 ipaciiice

203 3048 409 3123 agere:
442 3061 501 3106 ut
526 3061 779 3122 quantum
809 3052 860 3123 in
892 3048 1043 3123 nobis
1069 3060 1182 3123 est,
1214 3048 1460 3103 omnibus
1484 3048 1575 3120 qui
1593 3063 1791 3123 eorum

203 3119 584 3178 communione
622 3131 673 3177 et
709 3122 963 3177 societate
992 3121 1180 3175 irretiti
1207 3128 1350 3185 sunt,
1396 3119 1793 3189 per'universas

204 3194 513 3264 provincias
537 3191 815 3264 Africanas
846 3194 1053 3262 penitus
1084 3192 1409 3264 innotescat,
1441 3206 1598 3264 quam
1626 3190 1791 3264 mise-

205 3260 363 3319 iabili
389 3278 572 3319 errore
595 3261 823 3319 devincti
849 3260 986 3317 sunt
1012 3279 1039 3333 ι
1056 3279 1118 3315 ne
1142 3265 1271 3333 forte
1288 3302 1303 3326 ,
1322 3260 1468 3333 Asicut
1496 3260 1631 3333 dicit
1648 3261 1792 3329 Apo-

207 3335 412 3400 stolus,
445 3334 599 3389 nobis
628 3336 679 3388 in
711 3332 1116 3388 mansuetudine
1142 3330 1546 3400 corripientibus
1582 3330 1792 3385 diversa

208 3406 538 3471 sentientes,
571 3404 652 3458 det
690 3403 792 3457 illis
820 3404 958 3458 Deus
997 3404 1337 3474 paznitenlimn
1378 3401 1445 3474 ad
1486 3416 1791 3474 cognoscent

210 3474 331 3528 dant
356 3469 631 3535 veritatem,
659 3482 704 3527 et
731 3469 1027 3543 resipiscant
1057 3475 1118 3526 de
1146 3472 1333 3543 (ῥαινοΙί
1372 3469 1578 3543 laqueis,
1610 3470 1794 3541 captivi

207 3543 417 3625 ab_ipso
439 3546 507 3599 ad
526 3545 693 3625 ipsius
716 3541 1023 3625 voluntatem
1049 3543 1127 3625 (il
1152 3542 1288 3625 Τίιιιἶ
1314 3558 1369 3602 ιι,
1514 3541 1632 3625 26);

285 3610 465 3686 Itaque
490 3610 713 3683 placuit,
742 3624 799 3669 ut
824 3630 887 3669 ex
920 3610 1148 3686 concilio
1174 3621 1356 3686 nostro
1387 3610 1793 3686 litieraz’daren-

211 3694 301 3740 tur
323 3682 394 3739 ad
413 3682 621 3755 judices
638 3685 936 3749 Africanos,
964 3701 991 3738 a
1020 3685 1212 3755 quibus
1238 3682 1338 3738 hoc
1364 3683 1468 3751 peti
1497 3696 1793 3751 congruum

210 3755 517 3827 videretur,
562 3764 618 3810 ut
658 3756 710 3812 in
756 3758 855 3811 hoc
898 3756 1147 3827 adjuvent
1189 3767 1527 3827 communem
1568 3760 1793 3827 matrem

214 3822 510 3882 Ecclesiam
535 3827 847 3881 catholicam
870 3868 883 3886 .
925 3822 978 3880 in
1022 3841 1127 3895 quo
1153 3823 1467 3893 episcopalis
1506 3822 1795 3895 auctoritas

213 3898 530 3951 communiri
554 3899 570 3928 ¹
594 3898 646 3951 in
671 3897 971 3951 civitatibus
998 3892 1173 3967 potest
1192 3892 1216 3967 ι
1240 3895 1291 3950 id
1314 3892 1415 3967 est,
1441 3901 1497 3967 u_t
1516 3892 1794 3967 judiciaria

213 3976 479 4039 potestate
519 3976 678 4037 atque
721 3962 1107 4039 diligentia'ex
1150 3964 1620 4039 tidc__chris_tia_na_,
1667 3962 1797 4039 quid

213 4034 423 4163 gestum
450 4039 520 4093 sit
558 4034 609 4092 in
640 4034 885 4093 omnibus
917 4038 1063 4103 locis,
1095 4037 1147 4091 in
1174 4035 1364 4105 quibus
1394 4034 1796 4088 Maximianisttn

257 4110 461 4163 asilicas
502 4109 878 4163 obtinuerunt.
910 4109 997 4163 oui
1039 4107 1106 4161 ab
1147 4108 1227 4161 eis
1270 4106 1501 4161 schisma
1532 4104 1792 4163 fecerunt,

257 4110 461 4163 asilicas
502 4109 878 4173 obtinuerunt,
910 4109 997 4177 qui
1039 4107 1106 4161 ab
1147 4104 1227 4161 eis
1270 4106 1501 4161 schisma
1532 4104 1792 4177 fecerunt,

215 4179 486 4249 inquirant
510 4196 523 4242 ;
553 4188 605 4233 et
623 4180 787 4249 gestis
814 4175 1054 4249 publicis,
1079 4186 1294 4249 propter
1319 4176 1526 4231 ﬁrmant
1552 4175 1797 4229 notitiam

215 4250 464 4304 omnibus
492 4248 869 4316 necessariam,
899 4248 1092 4303 faciant
1122 4248 1402 4301 inhaerere.

292 4320 493 4375 Deinde
524 4320 748 4390 placuit,
778 4330 835 4374 ut
856 4314 1065 4374 littera:
1106 4314 1486 4390 mittanturad
1528 4314 1717 4390 fratres
1737 4321 1801 4390 et

218 4384 565 4463 coepiscopos
591 4399 833 4463 nostros,
870 4400 922 4446 et
950 4392 1178 4445 maxime
1216 4388 1283 4442 ad
1310 4384 1503 4463 Sedeui
1530 4384 1801 4463 A_postoli-

220 4455 358 4527 cani,
389 4463 442 4516 in
469 4455 573 4531 qua
601 4461 843 4531 przesidet
872 4467 1192 4515 memoratus
1219 4456 1537 4531 venerabilis
1562 4455 1726 4531 frater
1747 4464 1802 4531 et

221 4525 420 4603 collega
458 4525 640 4587 n'oste'r
666 4533 1007 4597 Anastasius,
1039 4545 1144 4601 quo
1184 4530 1391 4603 novetjt
1431 4526 1626 4603 habere
1655 4525 1799 4580 Afri-

221 4618 335 4658 cam
360 4598 623 4674 ]nagnam
667 4598 1293 4674 necessitatem'propter
1322 4598 1574 4674 Ecclesia:
1618 4611 1801 4674 pacem

222 4682 279 4728 et
303 4666 603 4739 utilitatem,
634 4681 692 4727 ut
716 4689 779 4728 ex
811 4673 940 4742 ipsis
968 4666 1255 4725 Donatistis
1280 4670 1599 4742 quicumque
1621 4666 1804 4742 Clerici

224 4754 466 4800 correcta
513 4746 734 4799 consilio
780 4739 847 4797 ad
902 4744 1221 4798 catholicam
1268 4739 1525 4794 unitatem
1578 4739 1806 4793 transire

224 4815 516 4879 voluerint,
540 4815 833 4869 secundum
858 4813 1271 4882 uniuscujusque
1296 4810 1529 4882 episcopi
1556 4808 1801 4882 catholici

156 4934 167 4945 ,
223 4888 551 4941 voluntatem
596 4896 755 4954 atque
784 4880 1092 4950 consilium,
1118 4880 1205 4952 qui
1245 4880 1510 4954 incudem
1554 4880 1806 4954 loco_gu«

224 4958 412 5012 bernat
456 4950 768 5021 Ecclesium,
814 4957 856 5008 si
904 4956 1003 5009 hoc
1050 4950 1163 5024 paci
1208 4952 1512 5024 christianze
1554 4950 1808 5024 prodesse

225 5029 393 5080 visum
442 5028 629 5091 fuerit,
666 5026 719 5079 in
756 5028 867 5081 suis
908 5021 1197 5079 honoribus
1238 5022 1630 5091 suscipiantur;
1672 5021 1810 5075 sicut

226 5099 494 5169 prioribus
532 5097 769 5166 ejusdem
798 5096 1076 5169 divisionis
1101 5093 1427 5162 temporibus
1466 5091 1661 5145 factum
1689 5106 1811 5169 esse

227 5163 575 5221 iuanifestum’
610 5178 691 5221 est
729 5184 742 5219 :
787 5166 930 5235 quod
975 5166 1255 5219 multarum
1302 5172 1356 5218 et
1394 5178 1534 5235 pene
1573 5163 1809 5216 omnimn

225 5239 593 5294 Africanarum
620 5234 999 5299 Ecclesiarum,
1030 5237 1081 5289 in
1109 5234 1300 5305 quibus
1334 5234 1453 5287 talis
1479 5247 1628 5305 error
1658 5249 1812 5305 exorg

227 5318 310 5364 tus
335 5317 440 5370 est,
472 5309 714 5377 exempla
760 5316 1040 5363 testantur.
1090 5303 1202 5359 Non
1244 5314 1302 5377 ut
1344 5303 1811 5377 concilium__quc_d

132 5436 141 5449 ,
224 5382 279 5436 in
306 5373 673 5449 transmarinis
702 5379 939 5449 partibus
965 5378 1031 5431 de
1061 5378 1159 5449 hac
1180 5391 1239 5431 re
1280 5376 1473 5449 factum
1500 5383 1583 5449 est
1620 5373 1813 5449 dissol-

165 5453 174 5463 '
226 5459 377 5506 vatur
403 5465 418 5503 :
452 5448 546 5503 sed
575 5456 632 5502 ut
664 5445 792 5503 illud
828 5457 1040 5503 maneat
1074 5448 1213 5502 circa
1238 5461 1348 5511 eos,
1377 5445 1566 5515 quisic
1589 5445 1815 5501 transire

285 5586 302 5616 ³
339 5580 485 5641 Alias,
507 5583 765 5634 contemni.

282 5646 358 5711 (a)
392 5653 529 5695 Anno
546 5645 663 5705 ¹101,
685 5645 926 5708 septemb.
953 5644 1038 5696 die
1062 5646 1137 5695 12.

467 5728 694 5792 SANCT.
744 5731 1023 5791 AUGUST.
1070 5730 1181 5791 lX.

813 159 1179 217 EXCERPTA
1220 160 1307 215 AD
1346 154 1878 215 DONATISTARUM
1916 155 2283 216 HISTORIAM
2321 158 2806 220 PERTINENTIA.

3350 162 3457 220 810
3514 174 3525 183 ‘

1878 273 1944 328 ad
1969 273 2295 331 Catholicam
2323 277 2525 342 volunt,
2551 284 2607 331 ut
2632 277 2773 331 nulla
2808 290 2905 346 per
2929 288 3024 332 eos
3056 277 3273 334 unitatis
3310 293 3460 336 com-

1880 347 2119 413 pensatio
2144 347 2159 378 ¹
2190 357 2523 415 procuretur.
2548 348 2651 402 Per
2674 363 2805 415 quos
2826 357 3003 403 autem
3028 350 3108 403 vel
3133 351 3278 404 omni
3300 352 3460 408 modo

1877 412 2082 488 perﬁci,
2125 412 2209 471 vel
2248 412 2503 488 adjuvari
2532 412 2825 473 manifestis
2864 418 3214 473 fraternarum
3256 421 3461 477 anima-

1878 501 1995 561 rum
2018 487 2183 561 iueris
2210 487 2469 561 catholica
2497 489 2669 561 unitas
2698 489 2750 542 in
2766 489 2912 561 locis
2946 488 2997 543 in
3020 489 3215 561 quibus
3237 490 3457 561 degunt,

1876 557 1990 628 visa
2013 558 2168 612 fuerit
2191 575 2205 624 ;
2247 574 2353 612 non
2375 559 2453 614 eis
2475 558 2617 613 obsit
2641 557 2785 628 quod
2804 568 2990 613 contra
3018 557 3250 615 honores
3270 557 3458 617 eorum

1880 627 2154 707 (quamvis
2196 630 2341 684 salus
2380 629 2508 683 nulli
2550 627 2833 707 interclusa
2876 628 2968 707 sit)
3009 629 3062 707 in
3102 632 3460 707 transmarino

1879 698 2105 772 concilio
2150 706 2404 772 statutum
2449 708 2562 772 est,
2605 698 2658 754 id
2697 708 2798 763 est,
2846 706 2902 772 ut
2943 698 3170 755 Ordinati
3215 702 3268 755 in
3310 711 3460 772 parte

1880 766 2093 833 Donati,
2117 770 2164 824 si
2201 769 2265 823 ad
2291 769 2619 825 Catholicam
2654 769 2878 825 correcti
2913 771 3139 825 transire
3171 766 3455 838 voluerint,

1880 852 1989 892 non
2016 840 2371 909 suscipiantur
2398 841 2450 895 in
2493 839 2783 895 honoribus
2812 840 2924 894 suis
2966 841 3254 897 secundum
3280 850 3462 897 trans-

1879 910 2144 982 marinum
2165 911 2468 982 concilium,
2496 910 2591 965 sed
2614 912 2849 981 exceptis
2872 911 2953 965 his
2980 926 3075 981 per
3099 926 3232 982 quos
3268 913 3455 968 catho-

1881 978 1997 1033 lica:
2028 982 2212 1036 unitati
2252 981 2561 1037 consulitur.

1955 1050 2153 1122 Deinde
2179 1051 2394 1120 placuit,
2432 1060 2490 1107 ut
2529 1050 2613 1105 his
2646 1050 2893 1122 peractis,
2935 1050 3093 1122 legati
3128 1052 3287 1108 etiam
3327 1068 3465 1122 pra:-

1882 1118 2122 1175 dicanda:
2144 1118 2289 1191 pacis
2311 1131 2466 1191 atque
2492 1118 2727 1187 unitatis,
2750 1122 2865 1177 sine
2884 1118 3151 1192 qua'salus
3169 1118 3460 1179 christiana

1884 1204 1990 1263 non
2031 1200 2208 1263 potest
2248 1192 2511 1263 obtineri,
2551 1206 2583 1245 e
2624 1206 2848 1263 numero
2887 1202 3070 1248 nostro
3112 1193 3178 1248 ad
3224 1195 3464 1263 ipsorum

1885 1259 2305 1332 Donatistarum,
2350 1262 2462 1317 sive
2501 1274 2634 1332 quos
2674 1260 2874 1332 habent
2910 1264 3207 1332 episcopos,
3244 1259 3365 1320 sive
3394 1264 3466 1320 ad

1923 1330 2068 1386 lebes
2099 1332 2394 1397 mittantur,
2412 1330 2679 1403 per—quos
2706 1331 2958 1403 omnibus
2986 1333 3040 1386 in
3063 1330 3304 1389 notitiam
3342 1350 3467 1403 per-

1908 1401 2105 1471 'eratur,
2130 1416 2285 1471 quam
2310 1402 2441 1457 nihil
2463 1401 2712 1461 habeant,
2735 1401 2876 1471 quod
2896 1401 3151 1458 adversus
3168 1401 3467 1459 Ecclesiam

1885 1470 2199 1542 catholicam
2235 1471 2377 1542 juste
2420 1472 2627 1541 possint
2668 1470 2886 1527 dicere:
2920 1474 3151 1528 maxime
3195 1484 3250 1528 ut
3291 1476 3467 1528 mani-

1886 1539 2077 1623 festum
2126 1541 2218 1623 fiat
2238 1539 2507 1623 omnibus
2550 1557 2645 1623 per
2696 1551 2844 1623 gesta
2891 1544 3059 1623 etiam
3089 1544 3465 1623 municipalia,

1887 1621 2113 1683 propter
2129 1612 2565 1683 documentorum
2591 1612 2912 1683 firmitatem,
2936 1613 3062 1682 quid
3087 1615 3187 1683 ipsi
3215 1614 3282 1668 de
3303 1612 3472 1668 Maxi-

1888 1682 2150 1738 mianistis
2174 1682 2523 1738 schismaticis
2550 1682 2661 1737 suis
2691 1684 2933 1752 egerint:
2970 1683 3059 1737 ubi
3099 1684 3177 1738 eis
3215 1683 3471 1739 divinitus

1889 1752 2304 1823 demonstratur,
2346 1756 2390 1808 si
2429 1752 2704 1807 attendere
2742 1753 2927 1819 velint,
2977 1760 3082 1807 tam
3124 1755 3303 1823 inique
3343 1762 3472 1810 tunc

1889 1822 2008 1894 illos
2028 1823 2096 1877 ab
2117 1824 2370 1880 Ecclesiae
2406 1825 2606 1878 unitate
2630 1824 2900 1894 praecisos,
2931 1838 3089 1894 quam
3122 1822 3301 1894 inique
3325 1839 3471 1880 nunc

1894 1893 2126 1976 clamant
2147 1909 2177 1948 a
2205 1909 2262 1949 se
2284 1894 2698 1975 Maximiauistas
2718 1892 3315 1976 schisma’iecissej'uex
3336 1909 3473 1976 quo:

1890 1978 2009 2018 rum
2036 1971 2211 2020 tamen
2242 1979 2466 2020 numero
2490 1979 2622 2033 quos
2649 1963 2759 2035 jam
2785 1964 3005 2034 plenarii
3044 1963 3253 2020 concilii
3282 1963 3364 2019 sui
3386 1964 3471 2035 (a)

1891 2035 2207 2091 auctoritate
2247 2036 2665 2101 damnaverant,
2715 2034 2768 2088 in
2810 2035 2920 2089 suis
2965 2035 3257 2089 honoribus
3293 2035 3473 2090 denuo

1890 2114 2230 2174 receperunt,
2258 2106 2583 2174 Baptismum
2621 2120 2778 2174 quem
2819 2105 3053 2159 damnati
3080 2114 3134 2159 et
3158 2105 3477 2163 excluside-

1894 2175 2102 2243 derant,
2132 2185 2544 2246 acceptavcrunt
2570 2191 2584 2228 :
2614 2184 2672 2229 ut
2693 2174 2923 2239 videant,
2948 2190 3106 2246 quam
3127 2176 3292 2230 stulto
3312 2174 3478 2232 corde

1894 2246 2146 2316 resistant
2185 2249 2301 2316 paci
2342 2246 2596 2301 Ecclesia:
2624 2254 2739 2300 toto
2777 2246 2908 2300 orbe
2949 2246 3174 2311 diffusae,
3216 2260 3336 2301 cum
3374 2246 3477 2300 ista

1893 2314 2092 2397 iaciant
2128 2314 2226 2386 pro
2269 2326 2419 2397 parte
2457 2316 2687 2397 Donati;
2734 2330 2907 2384 neque
2947 2331 3005 2370 se
3043 2316 3299 2397 istorum,
3341 2331 3478 2397 quos

1895 2386 1969 2440 ita
2010 2386 2358 2457 receperunt,
2387 2387 2769 2441 communione
2807 2396 3025 2457 propter
3061 2386 3479 2457 intuitumipacis

1895 2456 2247 2512 contaminari
2268 2458 2467 2521 dicant,
2496 2466 2551 2511 et
2572 2471 2671 2512 nos
2693 2456 3019 2511 contendant
3038 2458 3082 2522 ⁸,
3105 2456 3157 2511 id
3177 2465 3279 2519 est,
3301 2456 3482 2510 Eccle-

1896 2526 2031 2581 siam
2055 2527 2370 2583 catholicam
2396 2529 2560 2582 etiam
2592 2528 2645 2582 in
2672 2528 2927 2583 extremis
2950 2535 3211 2583 terrarum
3242 2526 3484 2595 partibus

1897 2598 2238 2652 constitutam
2262 2639 2278 2664 ,
2324 2612 2418 2667 per
2457 2613 2639 2653 eorum
2661 2599 3090 2651 communionem
3128 2597 3482 2665 inquinatam,

1896 2682 2031 2736 quos
2059 2676 2183 2722 tunc
2208 2676 2520 2723 accusantes
2548 2668 2869 2722 convincere
2905 2667 3279 2736 nequiverunt.

1894 2758 1987 2818 De
2015 2758 2448 2820 conveniendis
2477 2758 2830 2819 Donatistis
2863 2758 3189 2817 Decretum
3216 2756 3485 2818 Cartha-

1976 2838 2284 2978 ginensis.
2319 2856 2397 2898 ea:
2473 2844 2605 2898 tota
2660 2837 2881 2916 Africa
2933 2834 3189 2927 concilii
3211 2881 3227 2903 ,
3279 2834 3482 2897 habiti

2032 2917 2319 2978 heodosto
2346 2917 2628 2978 Auansto
2664 2925 2721 2976 et
2742 2915 3089 2977 Rumortdo
3122 2915 3197 2977 ν.
3224 2913 3299 2976 C.
3334 2932 3482 2976 con-

2032 2917 2319 2997 heodosio
2346 2917 2628 2997 Augusto
2664 2913 2723 2976 et
2742 2915 3089 2997 Rumorido
3122 2915 3197 2977 ν.
3224 2913 3299 2976 C.
3334 2932 3486 2976 con-

1977 2996 2242 3067 sulibus,
2277 3015 2393 3062 vm
2420 2993 2536 3058 cal.
2557 2993 2843 3075 septemb.
2872 2993 2984 3076 (b).

1968 3097 2218 3153 Aurelius
2243 3097 2521 3167 episcopus
2547 3095 2681 3167 dixit
2715 3112 2728 3150 :
2760 3094 2913 3167 Quod
2944 3095 2997 3167 in
3024 3101 3309 3167 tractatum
3335 3094 3488 3150 venit

1898 3167 2183 3223 Charitatis
2208 3164 2402 3223 vestrae
2421 3164 2440 3233 ,
2468 3174 2595 3236 puto
2625 3165 2726 3220 hoc
2769 3165 3147 3219 ecclesiasticis
3173 3164 3339 3235 gestis
3365 3178 3490 3236 esse

1896 3237 2240 3293 ﬁrmandum.
2292 3233 2560 3292 Profes'sio
2611 3237 2753 3291 enim
2811 3243 3050 3289 vestrum
3099 3233 3336 3289 omnium
3384 3233 3490 3290 hoc

1896 3308 2262 3377 deprompsit,
2312 3307 2507 3363 debere
2536 3319 2969 3377 unumquemque
2998 3312 3238 3360 nostrum
3268 3304 3490 3377 in_civi-

1896 3372 2008 3434 tate
2033 3372 2256 3448 sua-per
2281 3393 2339 3433 se
2368 3376 2656 3432 convenire
2686 3372 3077 3448 Donatistarum
3119 3375 3437 3448 pra-positos
3463 3372 3507 3443 ,τ

1898 3457 1991 3505 aut
2015 3446 2305 3519 adjungere
2332 3448 2446 3519 _sihi
2496 3448 2728 3519 vicinum
2765 3446 3063 3519 collegam,
3080 3455 3149 3519 ιιιΔ
3166 3446 3367 3514 pariter
3391 3458 3489 3500 eos

1898 3520 1952 3574 in
1980 3509 2209 3589 singulis
2238 3517 2533 3588 quibusque
2577 3516 2878 3589 civitatibus
2912 3509 3001 3570 vel
3041 3509 3202 3589 tofis",
3243 3529 3339 3589 pe!
3370 3529 3493 3589 ma-_-

1896 3585 2150 3660 gistrat'us
2198 3585 2279 3643 vel
2331 3585 2569 3660 seniores
2610 3586 3239 3660 locorum_conveniant.
3288 3585 3492 3660 lioc__si

1897 3653 2145 3715 omnibus
2171 3660 2366 3730 placet,
2398 3659 2654 3730 edicatur.
2684 3657 2767 3711 Ab
2791 3655 3061 3712 universis
3100 3655 3361 3730 episcopis
3402 3653 3494 3730 di-

1898 3740 2044 3785 ctum
2076 3724 2208 3785 est':
2240 3729 2497 3785 Omnibus
2533 3728 2724 3797 placet,
2773 3739 2829 3782 et
2873 3740 3060 3781 omnes
3102 3724 3206 3781 hoc
3252 3724 3490 3797 subscri-

1900 3802 2083 3872 ptione
2111 3809 2294 3872 nostra
2320 3795 2664 3872 firmavit—nus.
2694 3798 2930 3872 Petimus
2950 3797 3222 3872 etiam,_ut
3246 3795 3491 3872 epistolis

1900 3865 1967 3927 ad
1992 3872 2201 3942 judices
2226 3871 2295 3926 de
2319 3870 2545 3926 concilio
2571 3867 2846 3942 mittendis
2871 3882 2969 3937 pro
2988 3867 3240 3942 omnibus
3252 3865 3497 3942 subseri-

1900 3935 2278 3999 bat'Sanctitas
2317 3950 2426 3996 tua.
2457 3940 2707 3995 Aurelius
2733 3935 3015 4009 episcopus
3039 3936 3174 3991 dixit
3206 3955 3218 3989 :
3250 3936 3307 3991 Si
3338 3935 3497 4009 vide-

1902 4023 1987 4069 tur
2010 4013 2267 4069 Cbaritati
2292 4020 2505 4077 vestra),
2535 4012 2703 4066 forma
2733 4006 3105 4063 conventionis
3134 4021 3318 4061 eorum
3340 4006 3494 4077 reci-

1902 4094 2062 4146 tctur,
2094 4092 2152 4138 ut
2176 4086 2318 4137 hunc
2343 4075 2584 4136 tenorem
2628 4079 3015 4148 prosecutionis
3043 4091 3264 4148 omnes,
3306 4075 3351 4128 si
3380 4075 3512 4143 pla-'

1900 4145 2092 4219 cucrit,
2121 4162 2419 4208 teneamus.
2448 4149 2531 4203 Ab
2559 4145 2818 4219 universis
2844 4146 3110 4219 episcopis
3134 4145 3336 4200 dictum
3365 4151 3448 4199 est
3475 4160 3490 4197 :

1901 4217 2194 4279 Recitetur.
2225 4221 2400 4276 Laetus
2425 4219 2663 4275 notarius
2692 4217 2957 4273 recitavit.

2187 4329 2381 4385 Forma
2408 4325 2747 4382 conventionis
2786 4324 3187 4379 Donatistarum.

1977 4445 2071 4500 Ille
2114 4443 2395 4514 episcopus
2444 4438 2683 4514 ecclesiae
2721 4435 3172 4514 catholiczc‘dixit
3203 4451 3216 4489 :
3244 4432 3382 4501 Quid
3426 4433 3495 4514 de

1907 4504 2223 4574 auctoritate
2260 4504 2403 4567 illius
2437 4509 2779 4580 amplissima:
2815 4508 2960 4563 sedis
3001 4504 3076 4579 (c)
3126 4504 3496 4575 impetraveri-

1975 4654 1992 4685 ι
2027 4652 2167 4712 Alias,
2194 4647 2418 4712 camisia.

1974 4716 1995 4746 ³
2030 4704 2190 4771 alias,
2212 4710 2555 4770 condenment;
2573 4704 2672 4768 vel,
2697 4707 3015 4756 contemnant.

1999 4777 2049 4837 α)
2082 4773 2374 4837 Bagaiensis.

2002 4830 2051 4898 li)
2084 4830 2216 4885 Λιιῖιο
2232 4833 2445 4898 403,die
2469 4830 2530 4898 25
2552 4843 2666 4893 aug.
2701 4891 2730 4898 η
2959 4886 2991 4898 η
3031 4890 3059 4898 Δ.
3192 4892 3221 4898 _
3324 4886 3357 4898 γ.
3454 4897 3457 4898 ν
3486 4830 3535 4898 ,ἢ

1999 4886 2047 4959 c5
2080 4900 2227 4959 nujus
2256 4915 2279 4959 ᾳ
2301 4886 2761 4959 ιιίημὶίδδζηιιῡξθόίε
2782 4906 2804 4936 ι
2834 4886 3162 4959 appellatione
3172 4886 3421 4959 ABaronius
3442 4887 3505 4959 ad

1914 4948 1995 5011 an:
2017 4948 2110 5009 405
2132 4948 2752 5020 ἱῖιιθιιὶςίιὶίκιρόξιοιὶαιω
2785 4948 2959 5020 sedem
2997 4951 3134 5020 urbis
3172 4956 3348 5020 Romae,
3379 4964 3401 4993 ιι
3451 4956 3508 5020 et

1915 5028 2089 5073 censet
2120 5039 2142 5066 ‹‹
2157 5011 2325 5069 missas
2343 5020 2405 5068 ab
2424 5011 2530 5081 ipsa
2554 5016 2742 5081 litteras
2763 5030 2785 5060 ι)
2815 5014 2895 5063 hic
2914 5011 3189 5081 recitandas
3210 5012 3331 5073 peti,
3352 5028 3381 5081 να
3398 5012 3503 5081 qui-

1923 5104 1947 5132 ιι
1970 5087 2061 5134 bus
2082 5096 2193 5145 qua:
2226 5084 2287 5130 ab
2324 5093 2384 5145 ea
2406 5074 2614 5145 fuerunt
2655 5080 2940 5145 impetrata,
2975 5081 3091 5145 nota
3118 5074 3249 5145 ﬁant.
3285 5074 3506 5145 {Agitur

1916 5134 2134 5210 profecto
2158 5145 2298 5210 isthic
2319 5144 2382 5192 de
2402 5144 2649 5210 ilgvsa,_qu:e
2673 5134 2894 5210 ejusdem
2907 5134 3506 5210 concilii_g:arthagiuensis

1920 5198 2148 5272 precibus
2172 5205 2321 5272 petita
2343 5198 2455 5272 mo'x
2477 5198 2663 5272 fuit'net
2679 5198 2930 5272 impetraia
2950 5211 2980 5247 a
2998 5198 3277 5272 Septimille
3290 5206 3506 5272 procon-

1920 5257 2048 5326 sule,
2083 5257 2188 5318 sive
2219 5280 2248 5317 a
2271 5267 2461 5330 vicariae
2486 5257 2791 5330 prmiectur'ze
2814 5262 2954 5330 sede,
2992 5257 3397 5330 conficiendoruin
3415 5267 3506 5330 ge-

1920 5322 2101 5383 storum
2125 5330 2340 5379 facultas.
2362 5322 2709 5384 Unde-dicitur,
2743 5322 2999 5387 «heeitata
3026 5327 3198 5387 autem
3215 5322 3453 5387 jusstone,
3473 5330 3501 5362 ι

1919 5394 2051 5445 illius
2076 5392 2303 5443 videlicet
2332 5409 2353 5436 ‹‹
2368 5388 2672 5451 amplissima;
2695 5384 2845 5451 sedis,
2868 5400 2890 5429 ιι
2912 5396 3007 5451 qua
3018 5383 3237 5451 jussione
3253 5383 3509 5451 magistra:

1922 5443 2052 5506 tibus
2088 5443 2477 5517 praecipiebatur,
2500 5456 2555 5498 ut
2576 5443 3086 5517 catholicisepiseopis
3128 5443 3509 5517 iicretpotesitas

1923 5497 2531 5567 EJEicﬁieTiZii'solidatas
2544 5497 2854 5573 percodices
2872 5497 3104 5573 publicos.
3130 5510 3237 5573 tlzec
3258 5497 3311 5573 ei
3342 5518 3363 5544 «
3395 5497 3507 5573 illu-

1932 5597 1954 5625 ‹‹
1977 5579 2208 5628 strissima
2230 5576 2378 5625 sedes
2400 5591 2422 5619 ι)
2455 5581 2507 5623 et
2531 5569 2723 5621 «'sedes
2768 5569 3022 5619 illustrium
3065 5570 3356 5627 potestatum
3373 5576 3396 5605 ι»
3425 5572 3506 5612 v0-

1928 5648 2061 5691 ratur
2088 5641 2137 5688 in
2159 5639 2417 5688 Collatinus
2442 5636 2662 5700 (:artbag.
2688 5634 2732 5694 5,
2762 5645 2900 5693 capp.
2933 5631 3017 5677 ib?
3040 5637 3089 5676 et
3112 5628 3213 5675 l‘it).

2783 5712 3221 5793 {Viam-sim]

2993 5908 3041 5933 ρο
