3816 6178
269 215 374 274 825

267 343 436 384 meum
458 327 522 397 in
536 325 783 397 gentibus,
811 322 932 378 dicit
970 321 1217 377 Dominus
1241 321 1553 397 omnipotens
1574 318 1594 390 (
1615 317 1838 373 Malach.

266 414 310 464 ι,
331 399 422 463 10,
445 392 557 469 il):
585 396 839 469 {eremi-qs
881 408 1091 469 quoque
1116 400 1300 469 gentes
1330 392 1398 469 ab
1426 399 1666 469 extremo
1693 399 1848 445 terra:

271 461 527 525 venturas
551 466 616 520 ad
655 461 933 519 Dominum
953 503 967 526 ,
1006 461 1277 518 damnatis
1307 461 1711 517 simulacrorum
1753 473 1848 513 su-

272 536 782 610 perstitionibus,sic
811 533 1078 610 praedicit:
1097 531 1332 610 Domine,
1359 532 1516 610 uirtus
1541 547 1652 610 mea
1686 539 1734 582 et
1757 529 1851 610 ad:

269 599 510 682 iutarium
533 599 698 682 meum
718 613 763 658 et
789 599 1042 682 refugium
1073 619 1238 682 meum
1267 602 1321 656 in
1355 601 1436 655 die
1475 601 1729 682 malorum
1744 615 1763 663 ;
1783 599 1852 652 ad

271 669 319 734 ie
347 687 515 748 gentes
560 677 752 748 venient
796 669 857 728 αὖ
903 669 1121 729 Extremo
1159 681 1326 748 teri-ie,
1363 682 1411 726 et
1453 671 1658 724 dicent:
1687 669 1851 748 Quam

232 745 240 821 Ι
274 740 407 821 falsa
451 745 774 821 possederunt
817 753 997 821 patres
1025 743 1184 821 nostri
1221 742 1378 808 idola,
1402 751 1450 795 et
1488 757 1598 821 non
1617 751 1688 795 est
1709 741 1760 794 in
1782 740 1852 794 eis

273 811 464 873 utilitas
507 815 744 888 (Jerem._
771 811 881 878 m,
917 814 1026 884 l9).
1069 814 1204 888 Quia
1257 826 1535 888 vero_n9n
1585 811 1640 865 in
1688 826 1852 865 unum

214 881 240 957 Ξ
273 881 696 957 aliquem'terrze
733 886 908 957 locum
939 881 1002 940 ei:
1034 885 1150 939 aliis
1183 884 1324 957 locis
1362 881 1427 957 ad
1455 881 1625 957 Deum
1667 890 1854 957 gentes

273 949 522 1014 venturas
543 972 662 1013 esse
678 955 986 1025 praedictum
998 953 1200 1021 est,sed
1221 953 1274 1025 in
1297 953 1428 1025 loc_is
1449 953 1561 1025 suis
1577 949 1698 1006 eum
1721 949 1854 1025 ado-

231 1020 239 1087 ἒ
279 1037 509 1093 raturas,
549 1028 602 1082 in
633 1020 789 1096 quem
829 1020 1093 1096 damnatis
1118 1023 1418 1079 simulacris
1447 1021 1652 1096 fuergnt
1675 1020 1854 1096 credi-

228 1110 241 1166 :
277 1107 432 1165 tunc,
483 1090 560 1154 sic
603 1090 899 1166 Sophortias
941 1094 1199 1166 propheta
1227 1103 1466 1166 testatur
1491 1108 1530 1166 τΔ
1556 1090 1855 1166 Prteualebit

274 1161 528 1223 Dominus
564 1161 803 1222 adversus
831 1161 1010 1233 eos,'et
1030 1161 1282 1234 disperdet
1305 1178 1475 1234 omnes
1496 1161 1615 1216 deos
1635 1161 1856 1232 gentium

279 1249 445 1305 terraz,
473 1249 518 1294 et
541 1239 824 1292 adorabunt
861 1232 972 1290 eum
992 1232 1333 1305 unusquisque
1351 1232 1414 1286 de
1443 1232 1552 1286 loco
1572 1248 1666 1305 suo
1686 1246 1856 1305 omnes

278 1300 462 1380 insulae
483 1309 702 1380 gentium
734 1305 990 1380 (Sophgn.
1012 1321 1075 1380 ιι,
1101 1300 1214 1380 Η).
1243 1300 1336 1380 llis
1355 1311 1514 1372 atque
1541 1301 1660 1356 aliis
1688 1300 1857 1380 multo

277 1374 518 1448 pluribus
559 1374 873 1448 testimOniis
900 1375 1054 1444 Legis
1069 1384 1123 1430 et
1148 1374 1532 1448 Pr0p_heta_rt_1_m
1570 1375 1858 1448 assgrenti:

279 1441 380 1504 bus
426 1447 721 1504 Ecclesiam
777 1453 889 1500 toto
934 1441 1191 1498 terrarum
1219 1442 1348 1498 orbe
1388 1441 1633 1505 dilfundi,
1660 1441 1856 1496 Psalmi

281 1519 444 1574 etiam
465 1517 627 1572 divini
651 1517 719 1570 ita
744 1515 1028 1571 concinunt
1053 1531 1066 1567 :
1101 1512 1346 1567 Dominus
1378 1511 1508 1565 dixit
1531 1511 1599 1564 ad
1627 1527 1742 1566 me:
1764 1509 1858 1564 Fi-

283 1588 384 1642 lius
407 1603 548 1642 meus
575 1603 626 1640 es
655 1595 726 1652 tu,
748 1602 840 1656 ego
869 1585 1016 1638 hodie
1035 1584 1183 1653 genui
1196 1593 1260 1636 te.
1280 1580 1494 1636 Postulo
1509 1597 1541 1656 ᾳ
1557 1598 1654 1646 me,
1667 1591 1714 1636 et
1729 1581 1860 1636 dabo

283 1659 369 1712 tibi
422 1667 590 1727 gentes
633 1652 972 1727 Itwretiitatent
1014 1652 1188 1727 tuam,
1224 1662 1270 1727 et
1311 1652 1672 1727 possessionem
1722 1661 1860 1727 tuam

282 1721 521 1780 terminos
573 1723 908 1794 tet-rte(Psal.
956 1739 1013 1794 ιι,
1043 1724 1095 1786 7,
1143 1721 1218 1794 8),
1243 1721 1467 1794 ltcmin
1505 1721 1609 1794 alio
1647 1723 1861 1794 psalmo

281 1797 348 1852 de
371 1797 594 1852 Domino
619 1791 832 1850 Christo
862 1794 914 1848 itt
942 1793 1108 1864 figura
1135 1791 1432 1848 salomonis
1461 1809 1474 1844 :
1504 1791 1864 1864 Dominabitur

279 1883 324 1942 ιιΔ
339 1867 466 1942 mari
495 1882 654 1936 usque
671 1865 752 1942 .ad
793 1880 950 1942 mare,
981 1863 1083 1942 et_a
1104 1864 1504 1942 [luminenu‘sque
1523 1863 1591 1916 ad
1626 1863 1862 1942 terminos

285 1937 406 2007 ﬁnis
451 1933 845 2007 terriculioram
867 1935 980 2007 “illo
1011 1933 1237 2007 de_ciden_t
1280 1933 1574 2007 Aa‘tltiopes,
1604 1942 1652 1986 et
1676 1933 1862 2007 inimici

280 2003 391 2076 eius
418 2015 603 2061 terram
622 2006 828 2076 litigent.
855 2003 1016 2076 Reges
1044 2003 1250 2076 Tharsis
1277 2013 1320 2058 et
1346 2003 1526 2076 insula:
1549 2019 1756 2076 munera
1783 2006 1860 2072 of-

280 2073 462 2149 ferent,
493 2093 632 2146 rcges
662 2073 882 2128 Arabum
906 2073 949 2128 et
973 2073 1110 2130 Saba
1133 2074 1267 2128 dona
1287 2073 1572 2138 adducent;
1597 2082 1645 2127 et
1668 2073 1862 2149 adorti:

281 2143 402 2202 lmnt
429 2143 738 2202 eum-omnes
781 2161 919 2215 reges
959 2153 1120 2210 tet-rte,
1162 2161 1332 2215 omnes
1351 2153 1528 2215 genteg
1551 2143 1762 2215 servient
1788 2143 1865 2197 illi

279 2217 469 2342 S)Psal.
494 2233 638 2282 uxr,
660 2216 747 2271 8-1
763 2217 783 2270 1
799 2211 850 2284 ).⁷
866 2215 992 2270 Item
1018 2216 1068 2268 in
1092 2215 1194 2268 alio
1219 2211 1422 2283 psalmo
1446 2231 1459 2266 :
1487 2211 1628 2268 Deus
1658 2214 1865 2268 deorum

336 2287 532 2342 ominus
549 2288 741 2342 locutus
761 2295 902 2342 est.et
919 2285 1108 2338 uocauit
1130 2295 1312 2338 terram
1329 2301 1359 2337 a
1372 2284 1492 2338 solis
1507 2293 1618 2338 ortu
1631 2299 1783 2342 usque
1798 2284 1865 2336 ad

336 2287 532 2342 ominus
549 2288 741 2342 locutus
761 2295 902 2350 est,et
919 2285 1108 2338 uocauit
1130 2295 1312 2338 terram
1329 2301 1359 2337 a
1372 2284 1492 2338 solis
1507 2293 1618 2338 ortu
1631 2299 1783 2352 usque
1798 2284 1866 2336 ad

282 2373 554 2412 occasum:
571 2373 632 2411 ex
649 2356 776 2412 Sion
798 2356 986 2424 species
1003 2355 1194 2408 decoris
1214 2355 1323 2422 ejus
1341 2353 1510 2424 (Psai.
1535 2367 1687 2418 xm,
1721 2353 1862 2424 με).

357 2429 412 2484 5.
439 2427 725 2496 Dreplcrea
772 2421 884 2494 ipse
933 2439 1140 2496 quoque
1171 2421 1424 2496 Dominus
1462 2421 1637 2488 Jesus,
1665 2424 1754 2492 qui
1783 2421 1864 2478 lo-

284 2506 441 2553 culus
468 2493 637 2551 fuerat
670 2493 804 2549 ante
835 2509 932 2563 per
957 2508 1050 2548 ora
1077 2493 1489 2562 Prophetarum,
1518 2501 1864 2562 posteaquam

283 2566 578 2622 resurrexit
628 2581 657 2620 a
705 2565 945 2629 mortuis,
979 2563 1086 2633 jam
1131 2579 1226 2634 per
1251 2578 1311 2618 os
1335 2563 1609 2632 proprium
1636 2563 1714 2634 sic
1737 2578 1865 2633 pro-

285 2637 434 2692 misit
461 2636 756 2694 Ecclesiam
789 2633 1146 2705 inponebat,
1197 2634 1388 2703 inquit,
1443 2633 1646 2705 impleri
1697 2635 1867 2688 omnia

322 2723 400 2762 ua:
413 2709 600 2773 scripta
621 2715 736 2775 sunt
755 2701 980 2775 in'Le'ge,
1000 2715 1045 2758 et
1070 2701 1360 2775 Propltetis,
1377 2713 1425 2759 et
1448 2701 1671 2775 Psaluntis
1691 2706 1752 2757 de
1767 2721 1863 2760 me.

322 2724 400 2762 ttat
413 2724 600 2773 scripta
621 2724 736 2759 sum
755 2724 807 2758 ιη
833 2724 980 2775 Lege,
1000 2724 1045 2758 ει
1070 2724 1360 2772 ι’τοριιειισ,
1377 2724 1425 2759 ει
1448 2724 1671 2757 ι’δαιηιιδ
1691 2724 1752 2757 ae
1767 2724 1863 2760 me.

285 2724 435 2832 z'unc
462 2777 658 2847 aperuit
687 2774 789 2829 illis
818 2791 1040 2847 sensum,
1083 2783 1136 2847 nt
1172 2773 1504 2844 intelligerent
1549 2773 1867 2847 Scripturas,

287 2857 336 2901 et
386 2845 514 2902 dixit
557 2847 664 2900 eis:
697 2847 828 2912 Quia
875 2845 948 2898 sic
997 2845 1238 2913 scriptum
1285 2853 1378 2916 est,
1425 2852 1474 2916 et
1518 2845 1588 2898 sic
1612 2846 1868 2916 eportelrat

286 2916 542 2974 Christum
569 2917 694 2986 pati,
726 2926 771 2969 et
791 2930 1047 2984 resurgere
1069 2931 1101 2968 a
1129 2915 1338 2968 mortuis
1365 2915 1508 2968 tertia
1537 2915 1706 2986 die,et
1729 2932 1865 2982 pra:-

287 2988 446 3041 dicari
472 2988 524 3040 in
553 2985 751 3040 nomine
779 2987 887 3054 ejus
931 2986 1272 3056 ptcnitetitimn
1299 2995 1342 3036 et
1374 2985 1717 3056 remissionem
1747 3002 1867 3056 pec-

287 3067 516 3111 catorum
563 3071 650 3124 per
687 3053 854 3110 omnes
882 3053 1078 3124 gentes,
1123 3053 1473 3124 incipientibus
1498 3053 1558 3106 ab
1585 3053 1870 3109 Jerusalem

293 3125 444 3196 (Luc.
501 3123 902 3196 annuli-47)
931 3141 970 3196 _:
1007 3133 1272 3196 tanquam
1330 3123 1457 3196 illud
1507 3124 1866 3196 testimonium

289 3193 522 3262 Psalmi,
561 3195 702 3266 quod
745 3193 1166 3266 recentissimum
1197 3193 1492 3262 posuimus,
1535 3193 1714 3249 verbis
1753 3196 1871 3251 aliis

288 3264 598 3336 exponeret:
626 3265 755 3320 Nam
779 3264 919 3336 quod
947 3265 1016 3318 ibi
1046 3265 1272 3336 positum
1315 3271 1416 3336 est,
1456 3266 1646 3336 uocauit
1683 3275 1870 3336 terram

289 3332 464 3392 asolis
493 3347 603 3390 ortu
641 3332 808 3404 usque
823 3335 892 3388 ad
917 3332 1178 3406 occasum;
1221 3332 1322 3389 hoc
1357 3333 1611 3406 Dominus
1646 3334 1738 3399 ait,
1783 3352 1872 3406 per

289 3423 460 3478 omnes
485 3416 652 3478 gentes
679 3403 770 3478 {et
797 3403 1029 3478 quodibi
1054 3405 1282 3478 positum
1310 3412 1412 3478 est,
1435 3404 1649 3478 €.1_2_Si0tt
1665 3403 1869 3478 species

289 3473 654 3547 decoris'ejus;
681 3475 782 3531 hoc
804 3473 1184 3547 Dominusait,
1235 3473 1584 3547 incipientibus
1622 3474 1684 3526 ab
1708 3473 1870 3528 Jeru-

288 3546 468 3602 salem.
498 3543 627 3615 Quis
647 3547 786 3601 enim
815 3545 1014 3600 nesciat
1030 3544 1157 3600 Sion
1177 3552 1231 3600 et
1254 3543 1548 3598 Jerusalem
1567 3558 1723 3597 unam
1752 3559 1872 3600 esse

289 3617 580 3681 civitatem,
611 3616 748 3670 unde
785 3615 946 3684 coepit
983 3617 1160 3684 passio
1207 3623 1262 3669 ct
1299 3615 1619 3669 resurrectio
1665 3615 1872 3684 Domini

289 3686 419 3742 Jesu
446 3685 638 3742 Christi
667 3701 763 3756 per
787 3683 969 3756 orbem
985 3683 1259 3756 terrarum
1301 3684 1510 3756 populiis
1553 3683 1872 3756 tnundandis

289 3767 454 3826 atque
504 3755 768 3811 salvandis
824 3755 1180 3826 illustrissimo
1205 3825 1210 3826 ί
1236 3755 1506 3824 praeconio
1529 3755 1872 3826 praedicari?

289 3825 522 3882 Proinde
559 3834 972 3881 et'asccnsurus
1014 3825 1067 3878 in
1117 3825 1339 3891 caelum,
1390 3825 1678 3894 providens
1731 3827 1874 3882 unde

289 3895 520 3950 fuissent
543 3896 784 3948 carnales
809 3895 1052 3948 homines
1081 3909 1178 3962 pro
1205 3897 1314 3948 suis
1339 3895 1688 3948 divisionibus
1713 3905 1767 3950 et
1789 3911 1874 3951 sc-

289 3964 659 4034 parationibus
685 3963 954 4034 litigatori,
982 3977 1104 4034 cum
1129 3963 1464 4034 quazsiissent
1491 3964 1732 4033 discipuli
1775 3981 1873 4020 au-

293 4031 412 4090 dire
451 4034 519 4088 ab
559 4048 626 4088 eo
657 4031 855 4102 aliquid
898 4033 964 4086 de
1007 4031 1112 4104 tinge
1148 4031 1331 4086 smculi
1363 4049 1376 4086 :
1411 4032 1532 4088 Non
1558 4031 1651 4098 est,
1681 4035 1871 4104 inquit,

288 4114 509 4160 uestrum
528 4104 655 4158 scire
675 4101 901 4172 tempora
923 4119 1034 4174 qua:
1057 4101 1211 4174 Pater
1229 4104 1393 4173 posuit
1415 4105 1466 4158 in
1485 4120 1576 4158 sua
1598 4101 1875 4174 potestate}

289 4176 381 4230 sed
418 4174 674 4244 accipietis
717 4175 943 4228 uirtutem
984 4173 1435 4244 Spiritussaucti,
1483 4185 1528 4228 et
1571 4173 1708 4230 eritis
1751 4177 1876 4230 mihi

291 4254 440 4300 testes
475 4245 528 4298 in
553 4243 836 4298 Jerusalem
863 4255 908 4298 et
937 4245 988 4297 in
1027 4243 1182 4315 totam
1210 4243 1444 4315 .lntla'am
1479 4255 1524 4298 et
1561 4245 1872 4315 Samariam,

291 4323 339 4370 et
365 4330 522 4385 usque
546 4315 600 4368 in
629 4324 784 4368 totam
813 4324 995 4368 terram
1015 4313 1160 4385 (Act.
1190 4329 1228 4378 ι,
1253 4314 1306 4382 7,
1334 4315 1414 4384 8).
1457 4315 1605 4370 lianc
1639 4313 1874 4371 auctori;-

291 4384 458 4440 tatem
497 4385 784 4454 magisterii
823 4384 1056 4440 caelestis
1091 4385 1276 4454 secuti
1303 4385 1544 4453 Apostoli
1585 4386 1875 4443 Ecclesiam

240 4462 248 4469 '
289 4452 783 4528 commendant_i_n
847 4453 1204 4528 totoumundo
1255 4452 1662 4528 fructificantem
1715 4467 1876 4528 atque

219 4566 233 4579 .
289 4533 623 4596 crescentem
645 4523 857 4596 (Coloss.
888 4540 926 4589 ι,
957 4521 1012 4594 6)
1043 4533 1134 4596 :et
1167 4540 1233 4596 ne
1262 4525 1400 4596 sein
1431 4535 1608 4596 partes
1637 4521 1876 4584 membra

265 4593 494 4668 -Cb‘ri_sti
524 4611 618 4668 per
655 4593 925 4668 hominum
954 4593 1166 4648 nomina
1195 4593 1465 4668 dividant,
1506 4598 1576 4651 ita
1612 4599 1874 4668 carnales,

329 4665 380 4738 ui
409 4664 536 4734 jam‘
563 4665 664 4719 hoc
701 4664 872 4738 facere
901 4673 1192 4734 coeperant,
1224 4666 1508 4738 Apostolus
1545 4668 1827 4738 alloquitur
1859 4664 1874 4724 ξ

343 4735 516 4791 bsecro
553 4751 674 4799 uos,
722 4736 931 4803 fratres,
975 4751 1064 4800 per
1101 4751 1280 4789 nomen
1325 4735 1530 4791 Domini
1560 4735 1716 4793 nostri
1753 4738 1880 4794 Jesu

291 4806 518 4872 Christi,
563 4813 618 4858 ut
668 4806 888 4870 idipsnm
943 4804 1122 4858 dicatis
1177 4821 1384 4873 omnes,
1435 4817 1482 4861 et
1531 4823 1631 4862 non
1677 4809 1778 4864 sint
1823 4811 1878 4865 in

288 4876 429 4930 uobis
480 4876 752 4930 schismata
777 4916 790 4940 ,
835 4875 944 4928 sitis
995 4884 1162 4946 autem
1203 4877 1412 4946 perfecti
1447 4879 1499 4930 in
1541 4879 1713 4933 eodem
1760 4896 1877 4934 sen-

289 4961 352 4998 su
405 4954 451 4999 et
495 4947 549 5000 in
591 4946 767 5000 eadem
801 4945 1062 4999 sententia.
1113 4945 1418 5017 Nuntiatum
1451 4948 1583 5002 enim
1624 4958 1697 5003 est
1729 4951 1874 5017 mihi,

292 5019 508 5086 fratres,
561 5017 624 5086 ab
671 5016 750 5070 Itis
810 5017 895 5085 qui
952 5024 1070 5070 sunt
1121 5015 1319 5083 Chloes,
1375 5020 1492 5086 quia
1539 5015 1878 5076 contentiones

289 5084 409 5160 sunt
440 5084 494 5137 in
517 5085 672 5160 vobis,
716 5095 761 5160 ei
800 5087 1136 5155 unusquisque
1159 5084 1533 5160 uestrum—dicit
1557 5129 1572 5154 ,
1619 5088 1730 5160 Ego
1763 5092 1878 5154 qui-

291 5155 409 5208 dem
445 5169 558 5207 sum
606 5153 794 5230 Pauli,-
839 5153 950 5230 ego;
975 5153 1144 5209 autem
1163 5156 1360 5230 Apollo
1379 5173 1516 5230 tego
1537 5153 1650 5212 uero
1666 5153 1878 5230 'Cephte;

291 5174 409 5208 aem
445 5174 558 5207 sum
606 5174 794 5219 raun;
847 5174 936 5226 ego
975 5174 1144 5209 autem
1177 5174 1360 5225 ApOllO
1379 5174 1399 5221 ;
1487 5174 1516 5211 ο
1537 5174 1650 5212 vero
1671 5174 1878 5230 nepote;

291 5241 386 5296 ego
407 5231 573 5278 autem
587 5223 799 5296 Christi.
829 5224 1030 5280 Diuisus
1051 5235 1122 5296 est
1151 5223 1380 5282 Christus
1396 5174 1712 5296 iefvumquid
1744 5229 1880 5285 Pau-

293 5294 376 5350 lus
401 5309 494 5364 pro
513 5294 946 5364 uahisicrueiﬁxus
985 5295 1100 5348 est?
1142 5304 1230 5349 aut
1263 5298 1317 5350 in
1355 5299 1555 5352 nomine
1576 5294 1734 5354 Pauli
1761 5303 1878 5356 estis

294 5361 540 5435 baptismi
564 5363 605 5434 (Ι
631 5361 748 5420 Cor.
778 5361 823 5432 ι,“
851 5365 1073 5431 10-15)?
1102 5364 1254 5421 Unde
1279 5376 1334 5440 et
1359 5368 1509 5432 istos,
1537 5379 1718 5440 contra
1741 5387 1874 5440 quo.

287 5449 413 5491 rum
454 5448 692 5490 errorem
736 5442 790 5489 et
836 5449 932 5502 pro
970 5449 1198 5504 quorum
1234 5438 1406 5494 salute
1435 5441 1649 5494 nomine
1679 5438 1877 5498 Christi

289 5504 550 5582 elegimus
593 5504 685 5574 qui
707 5519 910 5582 eorum
958 5504 1416 5582 criminationibus
1437 5509 1596 5582 ‘lalsis
1624 5513 1878 5582 vanisque

288 5573 671 5643 respondeant,
706 5575 759 5630 in
800 5574 1157 5643 Sacramentis
1189 5574 1386 5633 Christi
1431 5576 1621 5635 fratres
1661 5573 1878 5639 nostros

254 5707 271 5720 κ
291 5642 652 5717 agnoscimus,
671 5660 771 5706 nec
785 5659 968 5704 eorum
987 5642 1316 5720 detestamur
1335 5651 1757 5724 perversitatem,
1779 5653 1874 5714 sed

273 5755 289 5792 δ

1711 199 2071 264 APPENDIK.
2582 222 2595 242 .
2929 196 2938 238 ι

3391 197 3534 260 824

1944 314 2053 387 ipsa
2077 312 2273 367 Christi
2303 315 2644 387 Sacramenta
2671 316 2724 371 in
2750 317 2828 372 eis
2849 317 3229 387 approbemus,
3255 326 3312 374 et
3329 323 3554 375 τθςοίηα

1943 383 2069 438 dere
2095 399 2197 437 non
2234 385 2511 458 audemus.
2543 383 3044 442 Meminintus'e'nim
3076 405 3170 458 per
3211 383 3557 458 prophetam

1943 471 2061 529 esse
2089 465 2409 529 prii-ceptum
2436 472 2448 508 :
2477 457 2678 529 Audite,
2700 459 2786 529 qui
2816 461 3022 528 pavetis,
3054 457 3257 514 uerbum
3286 457 3554 523 Domini,

1944 526 2112 600 dicite,
2164 525 2375 580 Fratres
2419 528 2576 580 nostri
2605 525 2739 600 estis,
2772 525 2848 581 his
2873 531 2956 598 qui
2986 546 3072 584 vos
3101 532 3340 598 oderunt,
3372 542 3420 584 et
3455 535 3558 600 qui

1945 611 2030 649 vos
2059 599 2403 672 detestantur;
2427 607 2482 649 ut
2502 614 2681 672 nomen
2708 598 2913 672 Domini
2941 602 3339 670 honoriﬁcetur;
3366 613 3410 654 ct
3447 598 3558 672 rip-

1946 676 2120 738 pareat
2146 667 2248 720 illis
2274 669 2324 720 in
2347 669 2672 738 jucunditate
2718 670 2866 736 (Isai.
2897 687 3042 737 ωινι,
3089 667 3144 738 5,
3193 689 3295 726 sec.
3340 667 3556 731 LXX).

1946 736 2062 808 iam
2093 737 2234 808 quod
2263 736 2525 806 sequitur,
2561 739 2660 808 ipsi
2694 741 2794 794 sibi
2826 736 3351 806 salubrilchdicant,
3380 745 3472 797 vel
3525 759 3558 796 a

1947 805 2211 878 Propheta
2243 805 2416 876 potius
2459 805 2616 878 quam
2661 826 2691 864 a
2737 811 3019 867 nobishoc
3043 813 3285 868 audiant.
3315 815 3422 869 Nos
3463 817 3560 868 lc-

1947 877 2093 953 viora
2123 878 2368 944 dicimus,
2403 889 2458 932 ttt
2479 877 2670 953 pacem
2699 881 2874 950 potius
2911 899 3029 936 cum
3061 886 3346 950 correctis,
3377 900 3558 953 quam

1948 945 2095 1018 litem
2119 963 2238 1003 cmn
2267 945 2532 1018 perversis
2575 945 2886 1006 habeamus.
2928 953 3142 1008 Fratres
3169 945 3558 1010 nostros-esse

1949 1017 2198 1095 dicimus,
2232 1017 2288 1072 ut
2318 1035 2514 1095 nomen
2549 1021 2759 1076 Domini
2805 1023 3216 1088 honorificctur;
3267 1026 3362 1095 qui
3417 1027 3556 1079 ideo

1949 1102 2050 1142 nos
2075 1088 2305 1144 oderunt
2325 1099 2379 1144 et
2399 1091 2752 1158 detestantur,
2775 1105 2829 1146 et
2851 1109 2970 1148 esse
2995 1095 3185 1148 fratres
3210 1088 3426 1150 noétros
3449 1113 3555 1150 uc-

1949 1167 2097 1233 gant,
2117 1160 2251 1233 quia
2293 1175 2492 1233 nomen
2542 1161 2816 1217 hominum
2848 1165 2914 1217 ab
2941 1166 3018 1218 eis
3047 1167 3218 1232 magis
3245 1183 3406 1233 quam
3433 1168 3556 1220 υοο

1959 1229 2088 1284 mini
2117 1228 2517 1283 ltonorilicatur.
2606 1247 2627 1259 υ

2031 1299 2086 1354 4.
2127 1299 2206 1354 Ac
2233 1313 2324 1368 per
2350 1297 2451 1352 hoc
2473 1298 2663 1352 fratres
2690 1305 2744 1368 ct
2771 1297 3073 1367 cocpiscopi
3102 1297 3294 1360 nostri,
3317 1313 3452 1368 quos
3481 1297 3561 1352 ad

1961 1383 2146 1424 eorum
2175 1366 2570 1424 criminationes
2611 1366 3000 1436 redarguendas
3024 1366 3288 1436 elegimus
3308 1366 3347 1432 ,V
3371 1369 3423 1422 in
3450 1372 3564 1424 hac

1961 1439 2256 1494 Collatione
2278 1453 2396 1508 quae
2434 1453 2554 1493 cum
2585 1437 2663 1508 eis
2693 1437 2938 1508 habenda
2953 1447 3052 1500 cst.
3091 1437 3388 1492 Ecclesium
3427 1454 3565 1494 san-

1961 1519 2100 1564 ctam
2122 1507 2378 1564 adversus
2405 1523 2589 1564 eorum
2613 1507 2820 1575 objecta
2851 1507 3153 1563 defendant.
3188 1508 3378 1563 Dicunt
3407 1511 3562 1563 cnim

1963 1579 2101 1649 quod
2143 1579 2259 1634 haec
2299 1579 2569 1644 Ecclesia,
2615 1593 2772 1648 quam
2819 1579 2869 1631 in
2907 1577 3044 1649 Lege
3082 1588 3134 1633 et
3173 1578 3457 1647 l'rophctis
3501 1590 3566 1633 ct

1964 1648 2189 1704 Psalmis
2226 1650 2528 1718 accepimus
2555 1648 3000 1719 pricnuntiatam,
3025 1664 3187 1719 opera
3211 1651 3225 1679 ¹
3257 1651 3564 1704 Salvatoris

1965 1733 2268 1790 expressam
2303 1717 2636 1787 ctsangnine
2663 1717 3013 1786 redemptam,
3052 1717 3432 1789 Apostolorum
3474 1720 3564 1773 la-

1964 1789 2182 1846 boribus
2209 1790 2606 1845 disscminatam
2631 1799 2788 1858 atque
2819 1791 3126 1858 plantalam,
3172 1791 3562 1859 incipientilms

1965 1860 2034 1914 ab
2061 1860 2351 1916 Jerusalem
2379 1901 2394 1924 ,
2434 1859 2520 1914 ubi
2567 1860 2872 1930 iacentum
2913 1860 3094 1930 viginti
3135 1859 3345 1914 animas
3394 1861 3562 1914 simul

1965 1939 2313 2001 congregatas
2353 1938 2570 2001 sanctus
2610 1928 2838 2001 Spiritus
2887 1928 3048 1994 venit,
3101 1945 3304 2001 eosque
3335 1930 3386 1984 in
3418 1946 3561 1998 quos

1967 1999 2112 2056 venit
2137 1999 2326 2070 linguis
2349 2000 2596 2070 omnibus
2613 2001 2632 2030 ¹
2655 2000 2888 2068 gentium
2913 2001 3051 2068 loqui
3075 1999 3274 2054 faciens
3289 2042 3306 2063 ,
3329 2002 3560 2056 eviden-

1969 2071 2172 2126 tissimo
2200 2069 2350 2140 signo
2377 2069 2558 2124 docuit
2587 2070 2877 2124 Ecclesium
2910 2085 3004 2139 per
3031 2085 3220 2126 omnes
3252 2081 3442 2140 gentes
3472 2071 3560 2124 fu-

1967 2149 2161 2206 turam,
2187 2151 2242 2196 et
2272 2142 2461 2211 linguis
2488 2140 2722 2194 onmium
2763 2141 2998 2210 gentium
3037 2141 3336 2196 locuturum
3368 2160 3380 2195 :
3418 2141 3560 2194 hanc

1967 2225 2096 2281 ergo
2125 2211 2440 2278 Ecclesiam,
2468 2227 2583 2281 qua:
2613 2211 2714 2265 isto
2739 2211 2916 2278 modo,
2951 2221 3008 2266 ut
3039 2212 3352 2280 prmdictum
3377 2221 3431 2266 ct
3457 2212 3562 2264 im-

1968 2279 2168 2362 pletum
2210 2292 2320 2362 _cst_,
2367 2283 2434 2362 ab
2469 2279 2762 2362 Jerusalem
2803 2279 3364 2362 sumpsii’cxordium,
3395 2293 3562 2351 atque

1970 2351 2093 2407 inde
2120 2367 2178 2407 se
2210 2354 2258 2406 in
2287 2352 2522 2407 Judmam
2561 2361 2612 2404 cl
2641 2351 2934 2406 Samariam
2961 2352 3197 2421 aliasque
3223 2352 3371 2406 orbis
3400 2361 3561 2408 term:

1970 2433 2148 2488 partes
2175 2422 2548 2492 Apostolorum
2575 2421 2948 2492 prmdicationc
2975 2422 3207 2488 dill‘udit,
3243 2423 3294 2476 in
3324 2438 3558 2492 quorum

1971 2492 2182 2547 Litteris
2206 2502 2362 2562 atque
2390 2493 2608 2546 Actibus
2637 2493 2878 2548 civitates
2913 2503 2966 2548 ct
3006 2493 3306 2562 provincias
3348 2495 3561 2547 iuveni-

1970 2579 2088 2617 mus
2118 2565 2272 2633 longe
2298 2563 2505 2631 lateque
2534 2562 2795 2618 distentas
2815 2606 2828 2629 ,
2859 2566 2930 2633 riu
2961 2578 3093 2633 quas
3121 2578 3240 2633 eam
3281 2563 3396 2618 suis
3435 2579 3561 2633 spe-

1969 2635 2128 2688 ciosis
2159 2632 2382 2704 pedibus
2405 2633 2740 2704 invenerunt,
2766 2632 2904 2704 unde
2931 2632 3054 2704 etin
3087 2632 3324 2688 Africam
3351 2632 3562 2689 cresce-

1971 2713 2087 2768 ret;
2122 2705 2275 2770 hanc,
2302 2714 2358 2758 ut
2384 2703 2634 2766 diximus,
2665 2703 2954 2758 Ecclesium
2994 2703 3178 2757 dicunt
3220 2705 3332 2771 isti,
3373 2713 3562 2758 contra

1971 2789 2196 2844 quorum
2224 2773 2705 2844 erroremrcollcgis
2725 2775 2942 2844 inostris
2967 2773 3334 2844 Collationcm
3371 2775 3561 2830 defen-

1973 2843 2281 2914 Sionemquc
2322 2843 2668 2914 mandamus,
2711 2843 2977 2898 Cmciliani
3013 2845 3247 2914 episcopi
3290 2845 3561 2914 quondam

1973 2913 2402 2984 Carthaginiensis
2430 2913 2682 2969 Ecclesia:
2709 2923 2763 2970 et
2787 2915 3050 2969 sociormn
3079 2913 3208 2984 cjns’
3225 2913 3409 2970 nesbio
3435 2916 3558 2985 qui-

1972 2985 2070 3040 bus
2100 2987 2330 3055 peccatis
2355 2985 2574 3055 periisse
2601 2985 2880 3054 pollutam,
2910 2993 3068 3055 atque
3099 2987 3151 3038 in
3187 2995 3338 3054 parte
3371 2985 3560 3040 Donati

1973 3057 2087 3122 ejus
2114 3056 2364 3125 reliquias
2393 3057 2732 3110 remansisse.
2763 3055 2908 3109 llanc
2941 3071 3128 3108 vanam
3155 3067 3210 3110 ct
3239 3057 3558 3125 sacrilegam

1973 3126 2395 3180 criminationem
2429 3125 2504 3191 hi,
2535 3125 2726 3196 quibus
2754 3125 3086 3196 mandamus,
3119 3125 3190 3180 ita
3234 3126 3562 3196 redarguunt

1973 3205 2027 3250 ct
2069 3196 2328 3264 refellant,
2376 3207 2432 3249 ιιι
2470 3195 2715 3265 primitus
2757 3195 3010 3251 Ecclesiae
3052 3211 3270 3250 causam
3315 3212 3345 3249 a
3397 3195 3557 3252 causa

1973 3267 2324 3334 quorumdam
2371 3265 2642 3319 hominum
2691 3267 3012 3334 distinguant
3041 3275 3200 3334 atque
3229 3267 3556 3322 discernant.

1973 3283 1992 3320 ί
2013 3283 2324 3320 uorumuam
2371 3283 2642 3319 nonunnm
2691 3283 3012 3334 (llSllltgllaltl
3041 3283 3200 3334 atque
3229 3283 3556 3322 msceruant.

1973 3283 2230 3404 (Suoniam
2257 3336 2490 3391 Ecclesia
2520 3337 2808 3404 permixtos
2836 3338 3002 3390 malos
3033 3337 3274 3391 habitura
3308 3337 3559 3406 prtcdicta

1974 3417 2074 3471 est,
2106 3421 2381 3478 quousque
2397 3406 2597 3478 messis
2622 3416 2858 3478 tempore
2887 3421 2916 3459 a
2945 3407 3116 3478 tritico
3144 3407 3348 3478 zizania
3378 3423 3559 3478 segre-

1973 3475 2187 3548 geutur,
2217 3477 2299 3548 vel
2329 3492 2357 3529 a
2391 3475 2677 3548 frtuncntis
2700 3477 2846 3548 palea
2871 3476 3121 3548 ventilata
3150 3477 3400 3532 discedat
3420 3475 3558 3543 ,‘vcl

1975 3545 2102 3602 Oves
2127 3545 2192 3600 ad
2223 3547 2515 3607 dexteram,
2545 3545 2680 3600 haedi
2709 3546 2773 3600 ad
2812 3546 3103 3612 sinistram,
3143 3547 3233 3616 qui
3281 3564 3424 3602 nunc
3450 3550 3558 3603 cis-

1975 3617 2095 3672 dcm
2135 3619 2343 3686 pascuis
2387 3617 2630 3686 permiin
2675 3625 2818 3682 sunt,
2863 3627 3242 3687 scgrcgcntnr;
3305 3619 3388 3672 vel
3438 3619 3562 3674 mali

2014 3688 2150 3742 isccs
2169 3703 2196 3740 a
2227 3687 2398 3750 bonis,
2427 3687 2515 3756 qui
2543 3703 2682 3741 nunc
2711 3688 2846 3740 intra
2884 3687 3066 3742 eadem
3096 3690 3228 3742 retia
3258 3690 3420 3742 sinutl
3453 3701 3559 3742 tra-

1997 3766 2172 3812 utnlur
2191 3758 2254 3811 ad
2289 3758 2449 3820 littus,
2479 3757 2530 3811 in
2557 3757 2745 3812 eodem
2777 3758 2970 3820 littore,
3004 3759 3104 3811 hoc
3134 3767 3217 3812 est
3245 3759 3298 3811 in
3331 3761 3436 3813 line
3463 3773 3564 3812 sm-

1977 3829 2101 3895 culi,
2131 3829 2464 3882 dirimuntur.
2497 3827 2750 3882 Homines
2770 3837 2945 3881 autem
2973 3829 3262 3897 quilibrtiu
3295 3829 3559 3894 Ecclesia,

1977 3903 2020 3952 si
2053 3899 2174 3952 boni
2203 3908 2344 3960 sunt,
2379 3899 2607 3952 triticum
2653 3899 2732 3952 vel
2775 3900 3035 3952 frumenta
3076 3899 3191 3968 ejus
3231 3909 3396 3965 sunt,
3435 3915 3562 3954 oves

1977 3969 2092 4036 ejus
2121 3979 2263 4034 sunt,
2297 3969 2470 4038 pisces
2485 3967 2599 4038 ejus
2623 3969 2747 4022 boni
2774 3978 2896 4023 sunt
2919 3986 2930 4020 :
2951 3971 3030 4022 sin
3059 3967 3236 4023 autem
3268 3971 3395 4024 mali
3419 3980 3561 4035 sunt,

1979 4040 2198 4104 zizania,
2230 4039 2398 4108 palea,
2433 4039 2588 4102 Ita-di,
2616 4039 2784 4108 pisces
2821 4039 2941 4092 mali
2973 4040 3088 4109 ejus
3114 4051 3260 4093 sunt.
3292 4041 3411 4095 Non
3439 4055 3565 4111 ergo

1981 4120 2196 4182 preptcr
2223 4125 2316 4182 eos
2345 4118 2450 4163 tota
2481 4111 2689 4176 messis,
2723 4118 2828 4162 tota
2855 4125 2999 4171 area,
3030 4126 3160 4178 grex
3191 4121 3359 4176 totus,
3387 4113 3564 4182 pisca-

1981 4181 2052 4233 tio
2080 4179 2184 4234 tola
2215 4179 2459 4234 damnata
2486 4189 2566 4233 est
2599 4198 2612 4232 :
2646 4194 2713 4233 ne
2751 4195 2870 4232 cum
2901 4190 3022 4234 ante
3053 4191 3261 4249 tempus
3303 4179 3565 4236 audemus

1980 4252 2129 4320 quasi
2159 4250 2226 4304 de
2263 4251 2416 4303 malis
2445 4260 2644 4304 temere
2679 4249 2937 4319 judicare,
2969 4260 3021 4304 ct
3058 4251 3176 4304 aliis
3203 4252 3436 4306 aliorum
3465 4254 3562 4306 oh-

1975 4322 2179 4388 jectare
2208 4330 2421 4392 peccata
2443 4362 2457 4383 ,
2489 4320 2656 4374 bonos
2685 4329 2900 4389 prepter
2929 4321 3095 4374 malos
3123 4321 3384 4391 sacrilega
3412 4339 3564 4392 sepa-

1980 4393 2184 4446 ratione
2211 4391 2546 4455 deseramus;
2579 4406 2696 4461 cum
2729 4392 2903 4459 potius
2941 4392 3106 4444 malos
3134 4401 3358 4461 propter
3400 4391 3568 4447 bonos

1981 4463 2064 4584 pia
2092 4463 2290 4515 unitate
2317 4461 2543 4516 tolerare
2562 4460 2868 4514 debeamus.
2903 4460 3144 4529 Urgeudi
3164 4477 3295 4531 ergo
3325 4474 3453 4518 sunt
3481 4465 3566 4517 isti

2003 4547 2168 4584 tarum
2187 4533 2606 4584 evaneclimrnm
2631 4532 3120 4584 similitmlitmm.et
3141 4541 3247 4584 tam
3271 4535 3566 4584 nersuicna:

2003 4547 2168 4586 tarum
2187 4533 2606 4602 evat'igcliCarnm
2631 4532 3120 4602 similitmlitmm,et
3141 4541 3247 4585 tam
3271 4535 3568 4602 perspicua:

1982 4603 2218 4656 veritatis
2245 4602 2468 4673 inimici,
2497 4612 2551 4655 ut
2577 4601 2802 4656 doceant
2825 4601 2964 4671 quod
2995 4602 3295 4667 intendunt,
3328 4601 3568 4673 ac’prius

1982 4673 2281 4736 ostendant,
2310 4673 2352 4726 si
2391 4672 2672 4732 valuerint,
2703 4673 2968 4742 quomodo
2998 4673 3259 4736 Ecclesia,
3290 4672 3454 4741 quam
3486 4677 3566 4727 in-

1983 4743 2267 4812 cipientem
2291 4743 2358 4796 ab
2383 4741 2674 4796 Jerusalem
2705 4741 2754 4796 in
2785 4743 3069 4810 SCI'iptltris
3097 4746 3296 4797 sanatis
3323 4760 3420 4812 per
3451 4760 3570 4811 pro-

1985 4815 2177 4883 pinqua
2212 4821 2264 4867 et
2299 4813 2581 4882 longinqua
2613 4813 3008 4868 fructiﬁcantem
3046 4823 3207 4881 atque
3233 4825 3570 4868 crescentem

1983 4885 2284 4954 accepimus
2325 4893 2379 4938 ct
2425 4894 2697 4948 tenemus,
2743 4883 3098 4952 quorumlibet
3143 4899 3278 4952 quos
3315 4895 3574 4938 accusant

1983 4956 2294 5022 cmttagione
2320 4955 2558 5024 perierit,
2589 4963 2644 5008 et
2669 4956 2718 5007 in
2751 4955 2932 5008 Donati
2965 4962 3114 5022 parte
3135 4957 3480 5008 remanserit.
3511 4955 3566 5009 Si

1983 5028 2124 5080 enim
2153 5025 2253 5079 hoc
2280 5026 2392 5080 fieri
2417 5025 2649 5094 potuisse
2677 5025 3104 5086 moustraverint,
3137 5034 3264 5080 tunc
3293 5027 3483 5094 utique
3505 5025 3574 5080 ad

1983 5109 2195 5149 causam
2228 5095 2480 5150 Ecclesia:
2512 5096 2812 5165 pertinebit,
2847 5095 3000 5148 aliam
3045 5096 3268 5165 fortasse
3296 5096 3574 5165 suscipere

1983 5174 2142 5236 atque
2169 5165 2434 5219 discutere
2459 5163 2805 5236 quaestionem
2835 5182 2848 5218 :
2879 5163 3406 5236 utrnertccilianus
3431 5163 3577 5232 ejus—

1983 5235 2087 5306 que
2114 5236 2333 5306 collega:
2356 5236 2436 5289 vel
2460 5236 2589 5290 tales
2621 5235 2697 5304 (a)
2729 5235 2922 5290 fuerint
2949 5235 3136 5306 quales
3161 5237 3230 5289 ab
3257 5237 3375 5290 istis
3413 5237 3579 5291 fuisse

1984 5305 2272 5372 dicuntur,
2299 5307 2376 5361 sic.
2397 5307 2417 5337 ³
2443 5307 2776 5361 innotescere
2810 5305 3078 5376 potuerint
3101 5306 3410 5361 christiana:
3453 5322 3578 5377 qua:

2049 5417 2064 5447 ι
2101 5422 2262 5476 Forte,
2294 5428 2394 5465 ore.

2047 5480 2068 5510 ²
2099 5483 2258 5535 Forte,
2282 5475 2512 5526 omnium.

2047 5541 2069 5573 ³
2099 5545 2256 5598 Forte,
2280 5537 2352 5588 vel
2374 5537 2462 5588 sic.

2045 5599 2480 5714 (glpiuxta‘itiorel,
2503 5598 2650 5651 Eleus.
2672 5600 2852 5665 Critic.,
2865 5613 3010 5666 pagg.
3029 5599 3138 5667 227,
3161 5599 3275 5667 233,
3287 5599 3579 5670 legendam,

1986 5677 2038 5724 ut
2060 5671 2196 5724 tales.
2293 5671 2350 5715 Mc
