3816 6130
149 186 277 252 825

154 306 278 379 iam
324 313 452 379 tune
490 309 609 379 erat
647 301 834 359 unitati
879 297 1523 379 usquequaquedili'usze,
1556 305 1613 379 ut
1640 311 1758 379 eam

158 369 347 447 iisque
388 375 456 431 ad
493 375 709 430 ultimas
730 382 915 447 _terras
956 369 1127 447 ipsius
1169 370 1404 447 notionis
1449 369 1763 447 contagione

159 438 510 503 macularent
534 454 590 501 et
616 444 919 515 perderent.
954 438 1210 515 Fatentur
1235 441 1429 509 quippe
1458 440 1619 515 etiam
1664 438 1765 507 ipsi

161 518 446 573 neminem
468 510 700 587 peccatis
718 514 914 587 alienis
930 512 1182 587 maculari
1212 526 1369 587 posse
1388 526 1506 580 qua:
1534 510 1761 579 ignorat.

162 587 334 645 Unde
368 589 413 643 si
443 581 809 642 demonstrare
832 582 1116 647 voluerint,
1145 590 1252 636 tam
1282 581 1440 635 latam
1471 595 1563 649 per
1592 589 1765 634 tantas

167 669 355 714 terras
384 656 813 713 communionem
849 654 1082 725 gentium
1130 652 1534 725 christianarum
1575 665 1765 720 pecca-

164 730 247 785 tis
300 728 572 784 Caaciliani
614 737 668 782 et
713 722 980 781 sociorum
1015 723 1130 792 ejus
1163 722 1511 777 contaminari
1536 736 1600 776 ac
1637 736 1765 791 per-

164 799 255 871 ire
297 799 563 871 potuisse;
615 812 720 852 non
759 795 954 871 sufﬁci!
1003 803 1059 871 ut
1103 792 1603 871 ostendant,_tales
1669 805 1765 847 eos

166 863 346 925 fuisse
360 863 863 940 quales‘accusando
880 864 1249 940 criminantur,
1269 863 1368 940 nisi
1394 863 1551 940 etiam
1580 871 1764 917 osten-

170 940 312 995 dant
353 933 476 996 vera
504 938 727 995 crimina
763 952 948 992 eorum
978 934 1226 990 omnibus
1269 933 1589 995 innotuisse,
1630 946 1764 1002 quos

171 1011 297 1081 ipsa
340 1010 658 1081 contagione
694 1008 916 1078 periisse
963 1002 1627 1081 conte_t_tdunt._Si_au_tem
1657 1018 1762 1056 non

168 1073 452 1151 potuerint
499 1073 899 1151 demonstrare,
955 1075 1268 1151 catholicam
1321 1073 1619 1129 Ecclesiam
1656 1088 1765 1151 _pcr

169 1143 372 1222 omnes
415 1159 619 1222 gentes,
665 1149 722 1222 in
763 1148 953 1222 quibus
1003 1162 1120 1222 eam
1150 1146 1342 1222 divina
1390 1143 1765 1222 commendant

168 1214 444 1292 cloquia,‘
464 1214 818 1292 ullisalienis
864 1217 1095 1292 peccatis
1121 1215 1332 1292 destrui
1381 1214 1644 1283 potuisse;
1675 1228 1762 1267 se-

169 1286 453 1362 questrata
498 1290 764 1362 paululum
812 1286 968 1343 causa
997 1286 1261 1342 Caeciliani
1305 1293 1358 1340 ct
1400 1298 1764 1362 eorum_quos

174 1354 304 1417 cum
337 1361 428 1416 illo
452 1354 777 1417 accusandos
808 1374 929 1414 esse
966 1364 1300 1426 putaverunt,
1339 1371 1457 1424 qua:
1486 1354 1550 1407 ad
1581 1354 1762 1426 Eccle~

173 1433 277 1487 size
302 1448 518 1488 causam
546 1430 764 1485 omnino
797 1444 901 1483 non
940 1425 1188 1498 pertinet,
1220 1427 1472 1498 quoniam
1496 1426 1594 1479 etsi
1627 1425 1764 1498 mala

174 1503 385 1567 fuisset,
419 1518 535 1558 eam
562 1500 925 1557 contaminare
941 1494 1056 1551 non
1087 1494 1299 1567 posset;
1336 1494 1475 1563 quod
1496 1509 1603 1567 nos
1630 1494 1761 1567 diei-

179 1588 306 1628 mus
332 1564 400 1627 ad
430 1588 612 1627 eorum
634 1571 854 1626 crimina
886 1564 1189 1637 repellenda
1227 1567 1295 1620 ab
1315 1565 1610 1637 eisquihus
1640 1564 1763 1617 ofﬁ-

176 1645 327 1699 cium
358 1642 680 1698 dcl‘ensionis
721 1641 878 1710 hujus
917 1636 1683 1710 imponimus._evidentiissime
1712 1644 1765 1689 et

178 1715 445 1784 exemplis
488 1705 805 1768 cumulatius
842 1705 1176 1784 ostendatur,
1224 1707 1275 1784 id
1323 1716 1424 1784 est,
1469 1705 1761 1784 Eccicsiaut

178 1776 389 1839 Cbt‘isli
440 1785 702 1838 nullorum
753 1781 1010 1835 malorum
1052 1794 1215 1847 usque
1260 1778 1311 1832 in
1352 1777 1509 1830 linem
1553 1776 1765 1847 sibimet

177 1856 569 1925 pcrmixtorum
592 1896 606 1919 ,
652 1869 755 1925 non
799 1851 979 1925 Solum
1012 1846 1339 1925 ignotorum,
1375 1861 1559 1901 verum
1588 1846 1763 1925 ctiam

178 1916 541 1996 cognitorum,
573 1916 723 1996 quasi
752 1916 1091 1996 corruptione
1125 1918 1373 1996 pestifera
1406 1930 1560 1996 posse
1580 1916 1762 1996 inquit

178 1985 299 2050 nari
330 2005 490 2065 atque
514 1985 701 2060 deleri,
742 1985 965 2065 primum
1009 1985 1279 2065 exemplis
1303 1985 1763 2065 pt‘oplteticis,__qui

180 2055 442 2135 populum
471 2055 803 2136 peccatore'm
843 2071 893 2136 et
941 2063 1102 2115 Deum
1135 2055 1315 2113 multis
1351 2055 1764 2136 exsecrabilibus

180 2126 671 2190 abominati'onibus
690 2131 1046 2188 ollendentcm
1076 2139 1179 2184 tam
1209 2129 1411 2184 severis
1436 2126 1651 2181 vocibus
1680 2142 1766 2179 ar-

179 2206 442 2275 guebant,
471 2218 525 2262 et
553 2202 1147 2275 flagelliscorreptionis
1176 2199 1335 2275 duros
1355 2208 1511 2268 atque
1531 2196 1767 2275 indomi-

180 2266 269 2331 i'os
295 2266 505 2332 animos
533 2266 699 2345 usque
726 2273 790 2328 ad
816 2266 1117 2327 inimicitias
1133 2266 1504 2345 odversum'se
1530 2266 1766 2345 horribi-

182 2346 266 2401 les
292 2338 743 2411 excitabant,'ncc
778 2352 953 2397 tamen
998 2356 1058 2396 se
1098 2341 1166 2395 al)
1199 2356 1265 2395 eo
1306 2339 1539 2411 populo.”
1568 2338 1620 2411 in
1660 2352 1766 2411 quo

181 2418 369 2486 utique
386 2418 546 2472 etiam
574 2407 698 2471 boni
729 2416 869 2486 inter
888 2413 1255 2486 maloserant,
1282 2407 1765 2486 corporalidiscri-

183 2477 336 2542 mine
376 2487 700 2551 dividebant,
751 2484 940 2539 melius
984 2482 1279 2551 iudicantes
1312 2495 1421 2551 per
1462 2477 1764 2551 patientiam

182 2556 332 2627 ferre
360 2559 550 2620 malos,
587 2548 743 2627 quam
777 2548 1213 2627 percaiumniam
1244 2550 1547 2627 relinquere
1575 2548 1762 2627 bonos.

181 2626 308 2697 Ipse
353 2617 620 2683 Dominus
649 2617 807 2681 Iesus
855 2623 1099 2677 Christus
1131 2617 1445 2697 exemplum
1500 2617 1767 2688 singulare

183 2688 460 2769 patientiae
504 2697 809 2769 traditorem
853 2708 1033 2769 suum,
1072 2693 1249 2760 utique
1295 2688 1609 2769 pessimum,
1657 2702 1764 2742 non

183 2759 363 2823 Solum
383 2770 651 2839 cognitum
678 2767 730 2820 in
757 2764 996 2839 discipuli
1021 2765 1037 2794 ¹
1073 2759 1306 2839 numero
1320 2759 1553 2830 pertulit,
1582 2773 1766 2812 verum

182 2832 760 2920 etiamnprzfecognitum
785 2837 836 2917 in
866 2832 1241 2920 discipulorum
1268 2842 1768 2920 numerumlassum-

183 2909 316 2980 psit.
345 2900 486 2963 Dixit
514 2900 965 2980 etiam_discipulis
988 2900 1100 2980 suis
1121 2943 1136 2967 ,
1180 2901 1246 2955 Et
1292 2917 1378 2954 vos
1415 2900 1590 2980 mundi
1626 2900 1762 2980 estis,

183 2969 278 3033 sed
303 2994 406 3032 non
445 2994 614 3032 omnes
641 2969 970 3046 (Joaufxut,
1004 2970 1092 3043 10)
1121 2990 1132 3025 :
1157 2982 1232 3046 _uI_
1260 2986 1326 3025 co
1370 2969 1529 3024 modo
1569 2969 1768 3023 scirent

184 3049 506 3103 munditiam
546 3041 696 3103 suam
732 3047 901 3100 aliena
937 3041 1269 3098 immunditia
1304 3056 1410 3095 non
1452 3053 1610 3111 posse
1653 3051 1769 3111 sor-

183 3119 432 3174 descere.
461 3119 830 3189 Apostolorum
860 3113 1185 3183 temporibus
1210 3109 1471 3189 testisesi
1498 3109 1768 3189 apostolus

186 3189 411 3254 Paulus,
442 3178 582 3243 infer
604 3188 765 3243 falsos
785 3178 1211 3254 fratrcs'gemens
1241 3180 1307 3252 (ll
1335 3180 1451 3254 Cor.
1482 3178 1770 3254 xt,_2(_i),_et

183 3248 449 3329 quosdam
479 3274 573 3329 per
612 3258 880 3321 invidiam,
919 3248 1059 3329 quod
1098 3248 1497 3329 utique_vitiur_n
1540 3248 1766 3303 diaboli—

183 3321 310 3385 cum
339 3340 442 3393 est,
470 3321 736 3384 Christum
763 3321 1137 3393 annuntiantes
1174 3322 1226 3375 in
1271 3321 1628 3393 Epistolasna
1668 3333 1769 3393 no-

188 3410 312 3454 laus
361 3389 614 3469 (Philipp.
660 3414 697 3465 ι,
735 3398 862 3469 15),
918 3389 1361 3469 quemadmodum
1409 3390 1532 3445 boni
1579 3389 1765 3455 malos,

188 3462 413 3540 proptér
443 3462 694 3523 unitatem
733 3462 1170 3540 Cliristi'pietate
1191 3462 1414 3517 sollicita
1432 3474 1767 3540 conservan-

188 3532 340 3605 dan},
367 3540 484 3594 sine
503 3540 609 3593 ulla
626 3553 720 3593 sua
745 3535 1040 3607 perditione
1062 3535 1114 3588 in
1137 3532 1771 3607 Sacramentorunt_com-

188 3600 448 3664 munione
474 3600 787 3671 tolerabani,
820 3621 850 3660 a
879 3620 1105 3675 quorum
1146 3602 1355 3675 malitia
1383 3601 1535 3675 longe
1572 3600 1770 3675 abhor-

191 3680 406 3736 rebant.
437 3678 562 3734 Post
592 3667 874 3748 Apostolos
897 3667 1055 3748 etiam
1079 3672 1313 3748 episcOpi
1343 3667 1494 3748 boni,
1509 3667 1769 3748 quemad-

189 3750 410 3820 modum
440 3740 657 3820 propter
683 3748 936 3820 unitatem
974 3740 1203 3820 Christi,
1243 3740 1345 3796 non
1371 3742 1542 3820 soldm
1567 3740 1768 3820 quoslif

188 3819 284 3875 bet
337 3810 763 3879 laicosfverum
810 3816 968 3870 etiam
1019 3813 1363 3881 coepiscopos
1417 3810 1773 3881 toleraverunt

189 3892 384 3953 malos,
417 3899 578 3945 testes
605 3899 727 3943 sunt
756 3888 946 3941 littera:
974 3879 1222 3954 martyris
1245 3879 1515 3952 Cypriani,
1555 3879 1647 3954 ubi
1678 3894 1772 3949 ge-

190 3960 294 4016 mit
317 3950 592 4015 avaritiam
622 3956 967 4028 quorumdam
1008 3950 1339 4028 collegarum
1355 3965 1523 4021 usque
1548 3950 1616 4006 ad
1643 3964 1770 4003 cru-

193 4031 470 4085 delitatem
499 4022 715 4095 fenoris,
748 4028 1063 4096 rapinasque
1106 4022 1426 4096 fundorum;
1469 4035 1569 4075 nec
1598 4029 1774 4096 tamen

191 4101 460 4155 malorum
487 4089 993 4168 contagione'l'actus'
1018 4103 1100 4148 est
1128 4092 1390 4168 talis_,_sed
1415 4092 1673 4168 bonorum
1694 4089 1775 4143 di-

192 4171 427 4227 lectione
451 4159 671 4239 pertulii'
688 4168 851 4233 tales;
878 4180 983 4220 non
1011 4172 1213 4239 tantum
1244 4162 1296 4217 id
1323 4160 1573 4239 exemplo
1590 4159 1776 4213 admo-

192 4256 355 4307 nens,
386 4230 568 4295 verum
598 4241 755 4294 etiam
789 4230 1053 4307 praecepto
1079 4235 1365 4307 instruens.
1396 4230 1538 4307 Nom
1562 4230 1612 4307 in
1640 4243 1775 4298 qna-

191 4313 318 4365 dam
339 4299 570 4380 cpistola
600 4324 692 4363 sua
717 4299 881 4362 dicit:
912 4299 1054 4380 Eisi
1076 4302 1385 4380 tgideutur‘in
1413 4299 1642 4380 Ecclesia
1672 4314 1776 4380 esse

190 4369 413 4446 ιὶωηὶἇ,
443 4397 546 4434 non
572 4390 735 4433 tamen
760 4376 992 4446 impediri
1019 4374 1159 4446 debet
1176 4372 1417 4446 sani/ide:
1435 4379 1531 4446 out
1556 4369 1775 4446 claui-itas

192 4439 410 4515 nostra;
444 4460 499 4503 ut
535 4449 772 4519 quoniam
805 4439 910 4519 esse
934 4445 1130 4519 zizoltie
1166 4444 1219 4497 in
1248 4439 1479 4519 [Segeno
1504 4439 1771 4501 cernimus,

193 4523 296 4593 ipsi
325 4510 639 4593 deEccle'sia
666 4518 960 4593 recedamus
998 4514 1188 4593 (Epist.
1217 4513 1282 4593 ad
1310 4510 1613 4593 Maximum,
1643 4525 1777 4589 nam:

193 4583 312 4658 54).
346 4589 773 4661 Ipsorumetiam
804 4589 892 4657 qui
923 4587 1044 4639 huic
1075 4583 1286 4661 veritati
1321 4583 1666 4660 adversantor
1689 4583 1778 4647 ju-

192 4649 340 4717 dicio
368 4649 695 4731 probandum
724 4649 839 4725 est;
857 4671 1015 4727 quam
1044 4655 1114 4731 sit
1146 4655 1245 4707 hoc
1270 4667 1486 4731 verum;
1514 4649 1615 4731 qui
1653 4664 1776 4731 cum

190 4718 572 4786 Maxin'iianum
602 4718 944 4785 damnassent
970 4727 1160 4779 merito
1187 4723 1426 4792 sacrilegi
1453 4718 1774 4784 schismatis,

190 4802 358 4857 sociis
383 4801 500 4870 ejus
524 4801 613 4870 qui
636 4814 756 4855 cum
773 4798 878 4870 illo
899 4797 965 4851 ah
996 4795 1110 4849 istis
1151 4794 1292 4847 foras
1319 4796 1577 4870 exierant,
1615 4803 1778 4870 seque

190 4872 267 4927 ab
290 4858 474 4925 eoru'm
517 4858 889 4926 communione
930 4872 1323 4935 separaverant,
1348 4860 1686 4935 dilationem
1712 4858 1777 4935 ad

190 4941 529 4997 redeundum
574 4940 870 5001 dederunt,
921 4928 1161 4991 dicentes
1201 4948 1294 4989 eos
1346 4932 1486 4986 illius
1534 4928 1778 5001 sacrilegi

190 5011 397 5068 surculi
430 5010 702 5080 plantariis
726 5025 831 5080 non
856 4999 976 5080 esse
1004 5005 1231 5080 pollutos
1260 5003 1357 5073 (α).
1389 5001 1538 5069 Quod
1566 4999 1778 5080 quidem

190 5098 321 5138 cum
348 5074 537 5137 omnes
565 5081 718 5135 unius
753 5074 1056 5134 schismatis
1081 5074 1305 5129 societas
1331 5086 1599 5126 connexos
1627 5079 1779 5124 tene-

192 5160 304 5216 ret,
321 5150 768 5222 quemadmodum
785 5158 930 5222 recte
952 5146 1055 5222 dici
1072 5144 1309 5222 potuerit
1330 5158 1432 5196 non
1459 5142 1778 5222 invenimus.

190 5211 307 5279 Sed
335 5211 512 5277 (amen
538 5222 620 5276 vel
648 5236 770 5275 sero
808 5219 933 5273 hinc
957 5211 1251 5284 intelligere
1278 5222 1563 5284 cogantur,
1617 5211 1782 5265 multo

276 5293 380 5348 tius
408 5293 462 5347 in
489 5292 687 5347 unitate
712 5288 972 5345 catholica
1012 5283 1179 5342 malos
1218 5283 1369 5337 bonis
1400 5291 1646 5350 tanquam
1691 5295 1783 5349 pa-

276 5308 380 5348 ttus
408 5309 462 5347 ιη
489 5308 687 5347 “uitale
712 5308 972 5345 cautouca
1012 5308 1179 5342 matus
1218 5308 1369 5337 υυιιιδ
1400 5308 1646 5350 tauquam
1692 5308 1783 5349 pu-

192 5308 344 5420 iam
386 5361 664 5418 frumentis
708 5360 897 5415 obesse
943 5373 1048 5413 non
1094 5368 1269 5426 posse,
1317 5352 1361 5405 si
1402 5352 1454 5406 in
1482 5351 1784 5426 concisione

196 5432 563 5496 scbismatica,
590 5432 680 5487 ubi
708 5431 859 5500 palea
889 5429 1000 5483 sola
1027 5421 1129 5493 esi,
1162 5432 1371 5500 putatus
1396 5431 1477 5476 est
1511 5421 1782 5500 Maximia-

197 5518 305 5561 nus
334 5492 575 5574 ejusdem
605 5492 926 5557 concisionis
950 5513 1060 5552 suae
1091 5492 1285 5559 socios,
1314 5500 1518 5549 tantum
1546 5492 1668 5563 quia
1692 5506 1781 5547 or-

816 183 1184 243 EXCERPTA
1222 182 1315 240 AD
1353 174 1885 240 DONATISTARUM
1922 182 2290 245 HISTORIAM
2328 186 2805 245 PERTINENTlA.

1868 299 2124 374 dinationi
2152 302 2268 373 ejus
2294 313 2585 373 prmsentes
2627 318 2734 359 non
2776 301 3018 374 fuerunt,
3060 315 3167 358 non
3210 304 3448 374 potuisse

1864 372 2137 453 maculare
2181 372 2193 427 ἐ
2236 372 2543 453 εικοξᾴρωιι
2580 372 3188 453 quanijnconsiderate-
3214 372 3443 443 dicant,

1866 440 2227 509 Caecilianum,
2263 440 2663 515 qualiscumque
2697 444 2784 515 ille
2831 443 3007 510 fuerit,
3049 455 3104 499 et
3141 443 3258 514 ejus
3285 440 3449 515 quos?-

1866 527 2095 585 cumque
2119 514 2367 584 collegas,
2398 518 2451 570 in
2479 525 2554 570 tot
2588 514 2888 585 longinquis
2914 515 3157 584 gentibus
3185 514 3443 571 unitatem

1867 582 2209 657 christianam
2238 582 2460 655 perdere
2489 582 2755 657 potuisse;
2789 582 3319 657 'cum'hiaximianum
3356 602 3448 641 ar-

1867 652 2128 738 bitrentor
2155 652 2255 711 nec
2290 657 2450 738 Afros
2475 652 2881 738 participes-sui
2928 655 3226 737 schismatis
3264 657 3448 738 perdi-

1866 723 2029 805 disse.
2054 725 2460 805 Sic_app_arebit,
2476 723 2558 781 'ad
2583 723 2834 805 Ecclesia:
2852 725 3243 805 causamcujus
3268 723 3446 795 injun-

1868 796 2043 865 gimus
2069 796 2453 863 defensionem,
2483 813 2586 852 non
2619 798 2887 866 pertinere
2915 797 3179 852 Cteciliani
3206 812 3443 864 causam,

1868 866 2209 938 qualemlibet
2235 868 2424 923 haheat
2449 869 2816 938 quaestionem.

1940 937 1992 1018 ξ.
2034 936 2393 1018 Quod-autem
2434 936 2684 1018 acettsaot
2710 938 3033 1018 Baptismum
3061 939 3446 1018 nostrum,_vel

1868 1008 2043 1075 potius
2069 1007 2393 1077 Baptismum
2435 1007 2653 1076 Christi,
2699 1007 2856 1079 quem
2900 1008 3158 1064 habemus
3191 1018 3246 1065 et
3285 1009 3445 1064 mini-

1868 1084 2118 1141 stranms,
2142 1093 2372 1146 eumque
2397 1080 2448 1133 in
2475 1081 2554 1135 eis
2576 1094 2709 1149 quos
2725 1079 3031 1149 deceperint
3052 1079 3445 1149 ingemiscendo

1868 1150 2401 1228 errorerescindunt,
2428 1150 2512 1228 sic_
2534 1149 2807 1205 ferendum
2826 1151 2969 1228 ‘_cst,
2997 1150 3441 1228 quemadmodum

1870 1219 1982 1287 ipsa
2020 1219 2262 1289 Ecclesia
2304 1220 2454 1289 cujus
2481 1220 2677 1275 donum
2705 1230 2805 1273 est.
2846 1219 2961 1274 Non
2992 1219 3133 1275 enim
3176 1220 3448 1276 audebunt

1869 1288 2094 1358 amplius
2120 1288 2443 1358 Baptismnm
2471 1304 2721 1345 accusare
2747 1305 2904 1359 quem
2930 1290 3136 1355 damus,
3165 1290 3209 1345 si
3248 1290 3316 1344 ab
3349 1304 3445 1346 eo-

1870 1374 1985 1430 [um
2022 1359 2340 1430 eriminibus
2384 1361 2615 1415 Ecclesia
2661 1360 2967 1429 pnrgabitur
2995 1375 3150 1430 quam
3182 1369 3442 1416 tenemus.

1868 1426 1970 1500 ξοδ
1989 1429 2031 1482 si
2048 1429 2196 1495 illud,
2222 1439 2276 1500 ut
2299 1431 2553 1496 assolent,
2576 1426 2929 1499 objiciendum
2958 1426 3276 1500 putaverint,
3303 1432 3445 1500 quod

1870 1496 2194 1567 Bnptismum
2233 1499 2428 1554 Christi
2464 1502 2623 1555 etiam
2643 1496 2780 1554 'l'oris
2809 1516 2837 1553 a
2868 1496 3047 1555 nostra
3075 1496 3448 1557 communione

1872 1571 2118 1652 traditum
2140 1571 2473 1652 agnoscimus
2491 1572 2663 1641 p0tius
2681 1586 2835 1652 quam
2856 1572 3238 1652 improliamus,
3260 1587 3355 1626 nec
3372 1587 3449 1627 re-

1868 1640 2111 1720 scindere
2152 1642 2407 1720 audemus
2440 1659 2451 1695 :
2490 1641 2873 1720 respondeatur
2896 1640 2973 1720 eis
3002 1643 3444 1720 quantiscumque

1869 1711 2161 1781 [ationibus
2199 1712 2588 1766 ctteSIimoniis
2631 1711 2942 1781 responderi
2984 1713 3233 1780 potuerit,
3261 1712 3441 1766 divina

1870 1779 2122 1861 Ecclesia:
2151 1781 2290 1837 dona
2320 1790 2386 1861 _ct
2429 1781 2568 1849 apud
2626 1779 2769 1836 fures
2825 1782 2906 1861 vel
2961 1779 3302 1861 usurpatores
3356 1783 3443 1837 vel

1869 1852 2026 1904 etiam
2055 1861 2296 1922 raptores
2319 1855 2550 1916 inventa,
2578 1852 2909 1920 agnoscenda
2937 1867 3056 1906 esse
3086 1852 3256 1921 potius
3283 1867 3442 1921 quam

1869 1922 2128 1988 neganda.
2181 1922 2312 1977 Nam
2354 1924 2490 1977 sicut
2533 1922 2818 1991 Apostolus
2843 1922 2909 1977 de
2937 1923 3249 1991 quibusdam
3293 1922 3441 1988 dicit,

1868 1991 1988 2060 quia
2016 1994 2268 2064 ceritatem
2295 1995 2347 2047 in
2375 1993 2633 2061 iniquitate
2656 1993 2875 2064 detinent
2917 1991 3099 2064 (Rom.
3126 1993 3162 2059 i,
3204 1992 3304 2064 18)
3334 2010 3347 2047 :
3372 1993 3443 2047 ita

1869 2074 2055 2117 omnes
2084 2063 2172 2130 qui
2211 2074 2357 2118 extra
2390 2060 2678 2118 Ecclesium
2704 2060 2901 2118 Christi
2926 2060 3141 2117 habent
3167 2064 3247 2117 vel
3284 2060 3444 2117 inini-

1869 2140 2038 2213 strant
2074 2133 2417 2213 ila-ptismuni
2435 2133 2632 2213 Christi
2661 2175 2675 2197 ,
2704 2135 2979 2213 veritatom
3008 2133 3445 2213 Sa_crame_nti_di-

1870 2202 1975 2255 vini
2000 2203 2051 2257 in
2082 2203 2360 2272 iniquitate
2385 2203 2624 2259 detinent
2647 2205 2844 2258 erroris
2885 2203 3132 2267 humani;
3162 2202 3300 2257 unde
3338 2203 3439 2257 lm-

1870 2286 2025 2353 mana
2064 2274 2362 2353 _iniquitate
2424 2283 2685 2353 correcta,
2736 2278 2867 2328 non'
2897 2282 2987 2353 est.
3024 2275 3214 2328 veritas
3267 2273 3443 2353 divina

1868 2342 2131 2398 violanda.
2188 2342 2287 2411 Qui
2339 2353 2517 2400 autem
2556 2352 2743 2414 putant
2784 2344 3079 2413 negandum
3107 2359 3227 2399 esse
3267 2344 3445 2412 Bapti-

1870 2426 2041 2467 smum
2070 2414 2285 2479 Christi,
2314 2416 2435 2485 quia
2464 2429 2583 2470 eum
2614 2424 2667 2470 et
2682 2414 2915 2470 hmretici
2945 2414 3187 2485 tradunt;
3222 2424 3445 2484 possunt

1870 2493 2056 2551 putare
2083 2483 2379 2555 negandum
2408 2500 2528 2541 esse
2570 2486 2729 2540 etiam
2768 2486 2937 2554 ipsum
2966 2483 3272 2555 Christum,
3320 2486 3444 2553 quia

1870 2568 1989 2608 eum
2016 2562 2071 2609 et
2102 2554 2375 2611 daemones
2412 2556 2753 2611 conﬁtentur.
2790 2555 2856 2610 Et
2896 2555 3014 2609 ideo
3040 2554 3106 2609 ad
3151 2554 3444 2609 Ecclesiam

1871 2625 2052 2680 venire
2097 2625 2311 2696 debent,
2364 2629 2453 2696 qui
2479 2634 2628 2682 extra
2663 2625 2777 2695 ejus
2805 2626 3230 2696 communionem
3261 2624 3443 2696 Bapti-

1870 2708 2050 2766 smum
2072 2697 2187 2763 ejus
2212 2694 2443 2762 habent;
2476 2711 2581 2750 non
2611 2705 2669 2750 ut
2690 2694 2831 2766 quod
2870 2696 3052 2766 deerat
3076 2694 3211 2766 adsit
3230 2736 3244 2756 ,
3268 2694 3366 2766 sed
3388 2703 3444 2749 ut

1871 2765 2011 2836 quod
2043 2765 2214 2821 inerat
2242 2766 2426 2835 prosit.
2478 2765 2659 2836 Neque
2704 2763 2993 2836 putandum
3040 2773 3122 2818 est
3171 2764 3290 2819 illos
3318 2763 3442 2836 hinc

1867 2834 1976 2905 jam
2018 2833 2325 2906 diuturnum
2366 2833 2638 2892 habituros
2681 2833 2800 2892 esse
2837 2835 3172 2906 conﬂictum;
3203 2833 3441 2906 quando-

1871 2907 2084 2974 quidem
2115 2908 2273 2962 etiam
2303 2906 2370 2962 de
2418 2907 2515 2962 hac
2540 2922 2599 2962 re
2636 2921 2735 2961 suo
2767 2905 2965 2976 judicio
2994 2914 3047 2961 et
3071 2905 3316 2976 exemplo
3342 2919 3439 2974 po-

1870 2984 2051 3032 terunt
2096 2977 2389 3032 admoneri.
2433 2974 3003 3048 Baptismumr'qnippe
3047 2974 3259 3048 Christi
3293 2983 3439 3029 extra

1872 3060 2020 3101 suam
2047 3048 2472 3102 communionem
2499 3044 2549 3102 in
2572 3044 2869 3101 Maximiani
2892 3044 3183 3101 sChismate
3229 3044 3434 3112 datum,

1874 3117 1926 3170 in
1953 3118 2032 3173 eis
2061 3133 2195 3188 quos
2218 3119 2338 3173 inde
2354 3133 2472 3173 cum
2496 3118 2600 3171 illis
2620 3132 2754 3188 quos
2788 3116 3162 3188 damnaverant
3189 3130 3437 3188 suscepe-

1874 3198 2015 3251 runt,
2042 3185 2327 3258 agnoscere
2353 3203 2510 3258 quam
2533 3185 2844 3258 rescindere.
2861 3186 3179 3258 maluerunt.
3212 3185 3440 3258 Proinde

1873 3267 1927 3329 et
1955 3254 2100 3312 illud'
2124 3258 2264 3329 quod
2304 3254 2408 3312 non
2450 3265 2593 3311 recte
2618 3257 2987 3329 intelligeittes
3023 3257 3196 3329 solent
3240 3254 3439 3329 dicere,

1875 3328 1959 3382 Ne
1981 3324 2311 3382 communicet:
2338 3329 2547 3396 peccatis
2572 3327 2749 3380 alienis
2773 3326 2791 3396 (
2815 3325 2832 3378 ι
2856 3326 2985 3378 Tim.
3013 3342 3067 3390 v,
3093 3324 3203 3390 22)
3244 3325 3440 3396 (neque

1873 3399 2013 3454 enim
2053 3400 2151 3453 hoc
2179 3394 2458 3466 corporum
2489 3394 2873 3467 segregatione,
2904 3397 2995 3450 sed
3039 3411 3244 3449 morum
3287 3394 3443 3467 dissi-

1875 3469 2172 3523 militudine
2199 3465 2495 3523 l‘aciendum
2525 3465 2671 3537 est);
2701 3468 2751 3520 in
2778 3466 2856 3537 eis
2880 3475 3139 3536 coguntur
3166 3465 3442 3537 attendere

1874 3538 2321 3609 quemadmodum
2373 3534 2767 3607 intelligendum
2801 3536 2901 3600 sit,
2940 3534 3074 3609 quos
3117 3551 3237 3609 cum
3282 3534 3444 3609 maxi-

1876 3605 2053 3664 miano
2078 3609 2327 3663 damnato
2355 3605 2684 3663 sacramenta
2710 3606 3161 3661 communicantes
3190 3605 3437 3675 impollu-

1876 3689 1958 3734 tos
1983 3680 2143 3733 fuisse
2166 3679 2430 3734 dixerunt.
2462 3678 2526 3731 Et
2544 3677 2682 3747 quod
2722 3676 2789 3731 de
2812 3676 3079 3745 Baptismo
3100 3676 3276 3730 Solent
3302 3675 3443 3747 ac_ci-

1876 3765 2022 3828 pere,
2045 3749 2185 3819 quod
2211 3749 2409 3828 dictum
2439 3755 2522 3828 cst
2542 3743 2691 3828 {Qui
2716 3743 3063 3828 iaptizaturhu
3091 3755 3285 3828 mortuo
3306 3743 3445 3828 (Ec-

1876 3815 1959 3874 an.
1993 3815 2185 3886 ἰδὼν,
2236 3819 2373 3888 50),
2408 3827 2461 3873 et
2497 3827 2687 3888 etc-tera
2734 3815 3065 3886 ltujusmodi,
3098 3817 3151 3871 in
3196 3815 3445 3888 eis_ipsis

1877 3905 2036 3961 nosse
2061 3886 2611 3961 cogunturiquomodo
2634 3888 2936 3956 accipienda
2961 3888 3104 3961 sint_,_
3134 3886 3438 3961 quando_ab

1878 3960 2003 4026 illis,
2022 3955 2153 4031 quos
2178 3975 2301 4031 cum,
2322 3955 2636 4031 damnarent
2662 3955 2898 4031 mortuos
2912 3972 3031 4031 esse
3055 3955 3319 4031 dixerunt,
3348 3955 3448 4011 Ba-

1879 4028 2129 4101 ptismitm
2151 4032 2201 4085 in
2231 4030 2518 4101 schismate
2543 4030 2721 4101 datum
2753 4029 3051 4101 improbare
3070 4035 3231 4096 atque
3251 4028 3445 4080 iterare

1878 4097 1984 4155 non
2014 4102 2126 4155 ausi
2158 4109 2301 4155 sunt.
2335 4100 2402 4152 Et
2425 4097 2566 4166 quod
2593 4098 2743 4152 nobis
2764 4098 2996 4165 ohjicere
3027 4102 3441 4166 consueverunt,

1879 4171 2018 4240 quod
2042 4171 2107 4224 ad
2128 4184 2221 4224 eos
2244 4164 2588 4240 corrigendos
2617 4182 2711 4235 pro
2736 4164 2937 4240 unitate
2960 4166 3159 4240 Christi
3180 4164 3316 4240 apud
3335 4173 3447 4240 ter-

1878 4234 2035 4296 renas
2062 4248 2351 4310 potestates
2374 4234 2572 4307 aliquid
2595 4234 2754 4310 agere
2766 4236 3027 4310 cogimur,
3061 4236 3113 4289 in
3147 4236 3274 4305 ipsis
3287 4234 3448 4310 idene

1881 4305 2498 4365 tidem'Maximianistis
2553 4305 2902 4376 compellendi
2960 4314 3083 4360 sunt
3119 4305 3444 4376 approbare,

1877 4396 2010 4450 quos
2025 4396 2146 4434 cum
2159 4380 2303 4450 apud
2314 4378 2518 4447 judices
2532 4374 2771 4432 terrenos
2794 4385 3043 4450 tanquam
3076 4374 3444 4450 scbismaticos

1879 4445 2005 4504 suos
2032 4450 2116 4505 vel
2155 4445 2435 4503 ha-ret'icos
2458 4455 2806 4511 accusarent,
2835 4456 2890 4501 ut
2918 4447 2983 4501 de
3011 4445 3240 4516 basilicis
3275 4445 3447 4516 pelle-

1880 4529 2020 4587 rent,
2040 4522 2197 4575 etiam
2228 4519 2515 4589 Bagaiense
2548 4517 2831 4589 concilium
2852 4557 2867 4579 ,
2895 4532 3012 4589 quo
3039 4530 3133 4589 eos
3157 4515 3446 4589 damnave-

1879 4583 2024 4658 runt,
2057 4583 2355 4660 aliquoties
2376 4589 2690 4660 allegarunt.
2717 4587 2845 4655 Quae
2872 4583 3047 4641 omnia
3076 4586 3195 4660 ideo
3221 4583 3445 4660 dicenda

1880 4655 2021 4725 sunt,
2054 4669 2111 4715 ut
2141 4655 2196 4715 et
2222 4674 2319 4715 suo
2340 4655 2541 4728 judicio
2583 4655 3448 4728 commoueanturdissensionem

1882 4724 2094 4786 tandem
2124 4724 2410 4800 deponere,
2436 4736 2491 4800 et
2510 4736 2817 4800 consumpta
2846 4728 2929 4800 vel
2969 4724 3452 4800 abjecia__l‘alsarum

1882 4812 1936 4856 et
1960 4796 2214 4855 vanaruni
2245 4798 2582 4854 animositate
2612 4796 3037 4853 criminationum
3063 4837 3078 4861 ,
3108 4796 3329 4865 diligere
3357 4809 3451 4849 ea.

1884 4872 2132 4928 tholicam
2184 4885 2390 4940 pacem,
2444 4869 2690 4940 amplecti
2737 4867 3060 4921 individuam
3105 4865 3451 4940 charitatem,

1883 4944 1999 4998 sine
2018 4956 2119 5011 qua
2141 4933 2316 5011 nullus
2337 4933 2615 5011 hemimim
2626 4939 2794 4993 bonus
2808 4952 2927 4993 esse
2952 4936 3164 5008 poterit,
3192 4933 3448 5006 quidquid

1883 5014 2006 5070 boni
2034 5010 2174 5066 aliud
2206 5010 2402 5065 habere
2420 5010 2664 5079 potuerit.

1955 5084 2009 5139 6.
2057 5082 2257 5150 Quibus
2286 5075 2517 5149 peractis
2539 5095 2680 5150 ,ruec
2708 5080 2877 5148 ipsam
2913 5075 3180 5132 Czeciliani
3208 5090 3447 5150 causam

1884 5147 2128 5209 volumus
2156 5147 2436 5215 deserant;
2482 5149 2575 5204 sed
2614 5147 2739 5204 eam
2781 5164 2888 5202 non
2914 5156 3163 5218 tanquam
3207 5147 3464 5203 Ecclesiae.

1886 5224 2092 5288 matris,
2124 5222 2218 5277 sed
2245 5232 2494 5291 tanquam
2518 5220 2754 5289 episcopi
2786 5217 2963 5291 fratris
2991 5217 3331 5291 _Sttsci_piant;
3364 5229 3464 5270 nec

1886 5296 1964 5351 sic
1985 5302 2042 5348 ut
2076 5287 2265 5348 iterum
2290 5287 2601 5346 discutiatur
2626 5287 2874 5350 linienda,
2912 5287 3007 5344 sed
3038 5296 3095 5342 ut
3120 5288 3458 5342 demonstre-

1888 5376 1974 5421 tur
1995 5366 2104 5434 jam
2131 5364 2256 5418 olim
2299 5376 2417 5417 esse
2452 5361 2595 5414 linita
2625 5358 3000 5434 ecclesiasticis
3036 5366 3091 5412 et
3117 5356 3342 5434 publicis
3366 5355 3467 5409 do-
3516 5378 3526 5388 -

1889 5427 2151 5492 cumentis
2180 5452 2193 5488 :
2235 5447 2459 5503 quorum
2491 5429 2745 5503 nonnulla
2782 5427 3080 5503 sufﬁcieni,
3110 5428 3155 5480 si
3179 5427 3257 5481 eis
3290 5440 3411 5480 cum
3436 5439 3469 5503 a

1890 5507 2042 5564 nobis
2067 5498 2407 5577 proferuntur
2442 5501 2604 5557 tidem
2632 5500 2829 5557 habere
2847 5498 3149 5565 voluerint;
3179 5502 3466 5569 potuerunt

1958 5646 1975 5683 ι
2009 5648 2168 5708 Forte,
2192 5636 2564 5708 defendendum.
