3804 6154
319 189 418 251 831

319 311 658 379 persecutore;
693 311 908 359 nostros.
947 294 1224 370 Quondam
1269 306 1444 356 autem
1467 297 1814 379 .Prim‘ianus',
1850 297 1898 352 si

323 369 592 450 dignatur.
623 375 783 450 frater
803 369 1005 438 noster,
1029 381 1325 450 conventus
1345 386 1440 439 pro
1467 371 1577 450 ipsa
1604 369 1901 450 Collllatione

319 440 594 516 respondit
611 463 624 498 :
642 443 916 514 Indignum
933 454 1001 516 est
1021 453 1076 498 ut
1103 444 1155 497 iu
1173 459 1326 516 unum
1339 443 1632 516 conueniant
1760 456 1898 516 mor-

323 509 492 587 tyrnm
515 527 560 570 ct
590 509 848 587 progenies
874 515 1194 587 traditarum.
1227 513 1349 587 ilice
1389 511 1610 587 crimina
1650 509 1898 587 diluenda

322 577 653 656 succpim'us
673 577 776 650 ,ὐι
819 587 930 640 lure
958 585 1181 639 crimina
1212 584 1500 647 diluantur,
1535 582 1690 656 istam
1717 577 1895 634 Colla-

321 653 520 713 tioneut
551 658 889 728 poposcimus
915 673 928 710 :
952 670 1204 710 concessa
1231 662 1332 720 est,
1358 661 1449 707 aut
1472 653 1779 722 probentur,
1807 658 1899 704 aut

358 737 632 782 amentur.

321 742 632 866 νυῖἓῗῗῖἶιῖί
656 797 945 853 Donatista:
967 795 1336 867 qua-siisseut,
1367 802 1544 867 utrum
1581 792 1896 867 testimoniis

319 864 606 938 Scriptura.-
636 869 829 922 divina:
849 909 863 932 ,
893 883 959 921 an
987 864 1211 938 publicis
1248 865 1410 938 gestis
1437 864 1708 938 Catholici
1737 877 1895 938 agere

319 935 577 1003 mallent;
608 935 1012 1008 dixissentque,
1063 946 1120 991 ut
1163 937 1206 990 si
1253 936 1541 1008 Scriptura:
1592 935 1894 988 testimonia

317 1008 598 1086 eligerent,
626 1009 858 1064 facerent
883 1007 1121 1086 enminet
1154 1008 1327 1086 legunt
1353 1007 1698 1086 publicarum
1714 1015 1892 1086 gesto-

317 1093 542 1148 rumque
567 1079 857 1147 jacturam;
885 1080 928 1133 si
962 1087 1138 1132 autem
1171 1077 1396 1148 publicis
1427 1077 1627 1145 legibus
1653 1085 1705 1129 et
1730 1077 1894 1148 gestis

316 1145 475 1219 agere
519 1145 693 1219 potius
728 1150 956 1212 vellent,
989 1145 1296 1202 omitterent
1320 1147 1608 1216 Scriptura:
1651 1145 1894 1199 testimo-

320 1217 448 1291 nia)
475 1217 799 1291 Augustinus
825 1220 997 1291 dixit:
1024 1219 1109 1291 Ad
1132 1234 1192 1272 ea
1215 1226 1635 1291 qua:_pro_seeuta
1665 1228 1746 1269 est
1774 1231 1890 1291 rno-

315 1287 387 1342 do
415 1286 536 1357 pars
557 1286 798 1356 adversa,
829 1289 1008 1359 paucis
1047 1289 1287 1343 advertat
1323 1287 1628 1342 Sublimitas
1655 1297 1761 1339 tua.
1785 1286 1892 1340 Nos

317 1359 608 1414 Ecclesium
641 1360 957 1416 catholicam
998 1359 1227 1413 retinere
1269 1359 1379 1425 ipsa
1423 1367 1620 1411 nostra:
1646 1372 1888 1410 commu-

317 1431 494 1484 nionis
540 1431 912 1485 testilicatione
953 1440 1354 1484 monstramus:
1387 1442 1544 1498 quam
1592 1426 1886 1498 Ecclesium

355 1499 544 1554 rebare
569 1500 961 1561 descendimus,
993 1500 1036 1552 si
1067 1497 1424 1569 permittantp
1445 1513 1548 1551 non
1579 1497 1885 1552 rumoribus

335 1571 594 1634 tumanis,
640 1586 808 1639 neque
846 1568 1146 1640 errantibus
1173 1568 1541 1640 epiuionibus,
1575 1569 1666 1622 sed
1696 1569 1888 1640 divinis

316 1640 538 1710 eloquiis
567 1641 906 1695 declaratam.
947 1639 1012 1695 Ut
1037 1639 1224 1693 autem
1253 1641 1396 1707 leges
1421 1679 1433 1701 ,
1462 1639 1544 1692 vel
1569 1648 1728 1710 gesta
1754 1639 1886 1710 ,vel

315 1709 662 1782 quaecumque
687 1710 756 1766 de
779 1711 1008 1782 archivis
1035 1711 1233 1780 prolata
1255 1710 1540 1782 offeramus
1566 1709 1618 1762 in
1647 1709 1890 1782 hac_Col-

315 1779 510 1836 latione
541 1779 826 1844 reeitamla,
854 1781 950 1850 ipsi
973 1779 1186 1851 cogunt,
1215 1781 1301 1850 qui
1331 1779 1524 1851 talibus
1549 1789 1728 1848 agunt.
1752 1779 1883 1834 Nam

314 1851 357 1922 si
391 1854 608 1922 remotis
637 1852 998 1922 hujuscemodi
1026 1850 1273 1922 omnibus
1293 1850 1521 1922 chartis,
1549 1851 1751 1922 nollent
1777 1851 1883 1904 Ec-

312 1921 528 1992 clesiam
579 1923 678 1992 nisi
707 1920 774 1976 Vin
824 1921 1110 1992 Scripturis
1153 1921 1388 1986 adverti,
1432 1920 1571 1992 nihil
1605 1922 1881 1992 vellemus,

314 1991 443 2046 nihil
472 1991 614 2047 aliud
643 1991 966 2062 optaremns’.
997 1993 1227 2048 Crimina
1255 1992 1435 2046 dicunt
1463 1991 1757 2062 traditionis
1782 2009 1794 2042 :
1821 2006 1883 2062 ea

312 2063 534 2117 crimina
565 2061 862 2118 traditionis
889 2071 982 2118 aut
1007 2079 1110 2118 non
1140 2063 1367 2131 probant
1391 2061 1637 2123 archivis,
1671 2071 1725 2116 et
1754 2061 1884 2116 nihil

313 2131 524 2196 dicunt;
547 2144 632 2187 aut
662 2134 888 2204 probant
911 2175 925 2196 ,
956 2143 1011 2188 et
1037 2133 1265 2204 archivis
1304 2148 1402 2187 nos
1447 2131 1682 2204 vicissim
1707 2148 1882 2204 agere

311 2201 872 2274 compelluntfltaque
914 2203 1150 2274 pervidet
1197 2201 1508 2258 Pra:stantia
1558 2201 1882 2274 tuadis’lin-

311 2273 547 2344 gucnalas
575 2290 695 2329 esse
722 2273 941 2337 causas,
970 2273 1182 2344 quando
1208 2289 1459 2339 cogamur
1487 2273 1710 2340 publicis
1750 2273 1882 2343 legi-

313 2343 408 2415 bus
436 2358 596 2415 agere
614 2386 628 2410 ,
654 2345 866 2414 quando
895 2343 1071 2398 autent
1102 2345 1325 2415 velimus
1353 2353 1407 2415 et
1433 2351 1676 2415 optemus
1703 2359 1880 2415 nego-

312 2413 440 2466 tium
469 2413 719 2468 Ecclesia:
745 2415 952 2468 nonnisi
980 2415 1172 2468 divinis
1198 2413 1422 2483 eloquiis
1446 2413 1734 2468 terminari.

383 2483 402 2552 (
425 2485 487 2537 lit
509 2499 626 2538 cum
655 2485 938 2538 Donatista:
969 2485 1262 2548 instarent,
1290 2494 1349 2538 ut
1376 2483 1624 2539 ederetur
1652 2485 1751 2539 sibi
1782 2485 1883 2540 Ca-

313 2551 628 2625 tholieorum
656 2554 954 2625 Mandatum
975 2596 989 2618 ,
1019 2555 1158 2625 quod
1191 2555 1374 2624 legatis
1399 2553 1465 2608 ad
1508 2554 1783 2624 petendam
1814 2558 1882 2612 ab

313 2621 635 2696 imperatore
677 2621 1283 2696 Collationem'directis
1313 2621 1620 2696 injunctum
1669 2626 1880 2696 finierat)

310 2695 634 2764 Augustinus
657 2695 790 2750 dixit
818 2713 831 2750 :
858 2696 972 2750 Jam
1003 2695 1156 2749 toties
1176 2694 1642 2750 eonelamavimus.
1666 2694 1881 2750 Manda-l

312 2773 418 2816 tum
443 2765 586 2836 quod
619 2765 910 2836 injunctmn
940 2777 1022 2821 est
1049 2766 1235 2834 legatis
1271 2767 1642 2834 episcoporum
1677 2766 1744 2819 ab
1770 2768 1881 2834 epi-

309 2835 505 2905 scopis,
531 2835 765 2904 ﬂagitant
783 2837 883 2892 sibi
912 2836 1120 2891 recitari
1143 2855 1156 2889 :
1187 2836 1287 2890 hoc
1309 2845 1390 2890 est
1411 2835 1580 2892 aliena
1608 2837 1880 2905 requirere

309 2905 374 2957 ad
419 2921 633 2977 mulsam
679 2921 782 2960 non
831 2907 1165 2977 pertinentia.
1203 2906 1503 2960 Mandatum
1545 2905 1686 2977 quod
1729 2907 1882 2963 nobis

311 2983 527 3044 propter
567 2976 916 3032 Collatiouem
960 2993 1079 3031 ettm
1125 2977 1208 3030 his
1251 2977 1541 3030 faciendam
1589 2976 1878 3043 injunctum

309 3053 412 3110 est,
444 3045 543 3099 hoc
571 3047 846 3101 recitatum
873 3047 982 3112 est,‘
1009 3048 1109 3102 hoc
1131 3047 1208 3101 eis
1235 3047 1483 3101 sufliciat.
1512 3046 1647 3112 Quid
1675 3048 1716 3100 si
1737 3048 1880 3102 enim

307 3115 484 3185 aliqua
509 3116 692 3198 legatis
715 3118 958 3198 mandata
988 3129 1125 3198 sunt,
1152 3117 1216 3171 ad
1246 3132 1458 3198 causam
1482 3117 1698 3198 quidem
1723 3119 1876 3198 istan:

309 3201 414 3258 nou
446 3187 782 3258 pertinentia,
809 3189 902 3242 sed
929 3204 1049 3258 qtae
1077 3189 1219 3256 ipsos
1245 3188 1382 3242 seire
1409 3187 1698 3241 nolumus?
1723 3189 1881 3244 Suffi-

307 3256 379 3309 cit
403 3257 542 3328 quod
577 3256 871 3328 imperator
895 3256 1242 3317 collationem
1270 3273 1366 3312 nos
1394 3258 1591 3328 petisse
1615 3273 1712 3312 suo
1739 3259 1883 3313 testi-

309 3327 488 3396 monio
507 3327 810 3383 declaravit.
833 3329 956 3383 llaec
975 3345 1227 3384 concessa
1249 3337 1348 3390 est,
1373 3327 1439 3382 ad
1461 3327 1596 3382 hanc
1619 3330 1878 3396 venimus,

309 3395 423 3452 ha:c
453 3398 734 3468 aliquando
775 3409 997 3471 agatur:
1029 3400 1236 3458 veritati
1273 3412 1432 3454 aures
1471 3398 1742 3454 hominum
1787 3395 1882 3469 pa;-

309 3475 440 3522 teut.

378 3537 682 3594 Adcodatus
722 3541 1004 3610 episcopus
1039 3538 1110 3610 (a)
1145 3539 1275 3594 dixit
1306 3557 1320 3594 :
1351 3538 1638 3596 Confessus
1677 3553 1735 3594 es
1765 3555 1882 3610 qua:

310 3607 436 3662 olim
465 3609 694 3664 tacuisti.
725 3607 1014 3666 Ostendiin
1049 3607 1106 3665 te
1133 3611 1296 3665 multa
1324 3610 1579 3666 adversus
1608 3626 1705 3666 nos
1729 3607 1881 3666 uian-

309 3677 468 3750 dasse
495 3695 612 3750 qure
637 3681 774 3736 scire
803 3697 909 3736 non
942 3681 1096 3736 facile
1122 3680 1430 3744 debeamus,
1459 3690 1564 3736 etc.

379 3748 706 3820 Augustinus
729 3751 901 3807 dixit:
939 3751 1054 3806 Non
1095 3750 1196 3806 hoc
1234 3751 1361 3806 dixi.
1407 3751 1520 3806 Non
1564 3750 1840 3806 advertisti
1864 3793 1879 3817 ,

308 3827 400 3891 aut
425 3819 727 3891 dissimulas
758 3831 809 3877 te
846 3822 1058 3876 audisse
1100 3822 1239 3891 quod
1279 3822 1408 3876 dixi.
1454 3822 1634 3876 Audi:
1679 3822 1883 3890 planius

311 3887 411 3943 hoc
436 3889 660 3959 dicimus
683 3932 698 3954 ,
727 3905 795 3945 ne
833 3892 967 3946 forte
1009 3887 1162 3959 culpa
1207 3907 1324 3946 mea
1368 3906 1474 3946 non
1515 3887 1837 3946 intellexeris
1863 3935 1878 3959 ,

311 3958 514 4042 dum_id
539 3959 817 4041 obscurius
842 3958 1175 4042 aliquantum.
1194 3960 1302 4042 dixi
1326 4003 1340 4026 ,
1371 3962 1548 4042 studio
1574 3958 1879 4042 brevitatis,

313 4028 453 4098 quod
487 4029 757 4101 percipere
784 4028 1106 4101 nequiveris.
1133 4030 1326 4085 Notum
1355 4041 1438 4086 est
1464 4031 1711 4086 omnibus
1741 4033 1881 4086 mul-

313 4108 392 4154 tas
410 4099 598 4161 causas
618 4099 812 4156 habere
834 4099 1127 4157 Ecclesium
1151 4142 1167 4168 ,
1191 4111 1242 4156 et
1263 4117 1412 4156 suam
1438 4143 1452 4166 ,
1481 4111 1536 4156 et
1559 4101 1880 4171 privatarum

313 4184 662 4242 personarum
689 4171 901 4228 sibimet
929 4172 1331 4227 commissarum
1357 4189 1370 4227 :
1399 4181 1453 4228 et
1480 4180 1653 4242 potest
1680 4171 1795 4228 ﬁeri
1827 4181 1884 4228 ut

311 4239 392 4312 ad
432 4241 800 4310 episcoporum
856 4243 1291 4297 intercessionem
1349 4239 1512 4297 multa
1565 4244 1880 4312 pertineant.

313 4309 526 4366 Sc'creta
558 4309 710 4367 nubis
735 4313 1136 4368 committuntur
1160 4313 1489 4381 negotiorum
1519 4309 1578 4368 et
1603 4327 1883 4368 causarum

312 4381 602 4454 alienarum
630 4424 644 4450 ,
675 4383 728 4437 in
757 4383 947 4454 quibus
971 4391 1151 4454 nostra
1181 4382 1500 4454 intervcntio
1525 4397 1667 4452 saepe
1699 4395 1883 4452 posta.

313 4450 488 4524 fatur,
531 4463 748 4524 propter
774 4450 899 4524 qua:
938 4453 1189 4508 auxilium
1227 4452 1582 4524 abHEcclesia
1605 4450 1881 4522 poscitur.

314 4520 438 4592 [hcc
469 4520 738 4591 prodenda
764 4520 868 4579 non
896 4533 1019 4580 sunt
1045 4565 1060 4587 ,
1100 4539 1166 4579 ne
1196 4523 1493 4592 proditores
1530 4520 1881 4579 inveniamur.

311 4589 518 4664 Sufﬁcit
546 4593 635 4648 tibi
679 4594 820 4664 quod
857 4589 1209 4650 Collationem
1252 4608 1340 4649 me
1380 4595 1595 4664 petiisse
1631 4595 1682 4649 in
1725 4609 1883 4649 causa

313 4671 398 4735 tua
424 4704 439 4728 ,
485 4663 598 4733 ipse
625 4663 772 4720 testis
798 4674 880 4722 est
907 4665 1352 4720 clementissimus
1380 4663 1706 4735 Imperator.
1741 4665 1884 4720 Nihil

313 4733 446 4788 ultra
475 4749 684 4804 quaeras
708 4775 723 4801 ,
751 4736 794 4806 si
827 4736 1033 4806 negotia
1059 4735 1229 4806 aliena
1266 4750 1371 4790 non
1410 4733 1624 4806 quaeris.
1663 4733 1885 4806 Negotio

313 4811 404 4856 tuo
429 4803 625 4860 suilicit
652 4803 790 4875 quod
815 4803 1034 4874 de'ipsa
1080 4803 1568 4876 Imperatoris'lege
1606 4803 1883 4876 recitatum

313 4883 394 4928 est
417 4915 432 4938 ,
459 4876 600 4945 quod
627 4886 810 4932 nostro
831 4876 1078 4932 Mandata
1101 4875 1683 4946 subscriptionibusque
1708 4875 1887 4931 firma-

312 4951 420 4999 tum
449 4955 548 5000 est.

382 5015 499 5086 (Et
525 5032 644 5072 eum
670 5033 879 5074 rursum
909 5015 1170 5074 instarent
1196 5017 1485 5072 Donatista:
1507 5058 1523 5084 ,
1547 5024 1605 5071 ut
1628 5016 1886 5086 eligerent

309 5083 566 5159 Catholici
610 5097 782 5159 utrum
831 5087 1055 5159 publicis
1103 5087 1306 5158 legibus
1349 5083 1770 5159 agerevelleui,
1814 5103 1882 5142 an

311 5155 508 5229 divinis
535 5155 849 5229 testimoniis
876 5200 892 5224 ,
915 5169 1077 5229 utque
1098 5155 1304 5229 illarum
1322 5155 1583 5229 jactur-am
1609 5157 1847 5212 facerent
1869 5199 1884 5223 ,

309 5228 354 5282 si
387 5226 470 5282 his
497 5228 569 5282 uti
590 5237 843 5300 cuperent
865 5229 884 5299 )
909 5226 1228 5300 Augustinus
1251 5226 1383 5283 dixit
1410 5245 1422 5281 :
1450 5228 1704 5300 Ecclesia:
1725 5243 1882 5300 quam

310 5305 556 5354 tenemus
578 5340 594 5366 ,
623 5297 760 5353 sicut
779 5297 966 5354 omnes
992 5297 1250 5354 noverunt
1275 5340 1288 5363 ,
1311 5313 1538 5368 quorum
1569 5299 1742 5354 solent
1768 5299 1885 5352 ani-

309 5383 426 5424 mos
475 5369 585 5425 suis
631 5368 921 5424 sollicitare
967 5369 1459 5433 criminationibus,
1509 5377 1564 5424 et
1601 5370 1760 5423 etiam
1803 5370 1887 5424 sui

306 5437 536 5496 Mandati
585 5448 774 5497 tenore
822 5439 1198 5504 declararunt;
1261 5439 1553 5504 Ecclesiae,
1631 5440 1842 5509 inquam
1871 5481 1885 5503 ,

306 5525 466 5582 quam
497 5519 736 5568 tenemus
762 5509 983 5568 crimina
1011 5512 1186 5568 solent
1212 5509 1509 5570 traditionis
1537 5510 1793 5582 objiccre.
1831 5510 1888 5566 Si

369 5642 446 5711 (a)
474 5645 730 5701 υοιιιιιειιι.

1542 5639 1580 5653 ὀε

1771 174 2135 238 ΑΡΡΕΝΒῘΧ.

3489 183 3620 245 832

2009 291 2504 368 horumcriminum
2528 292 2788 368 jacturam
2815 293 3012 368 faciunt
3036 338 3051 361 ,
3094 294 3163 368 de
3184 294 3386 352 chartis
3415 300 3612 368 publi-

2005 365 2082 418 cis
2113 365 2243 418 nihil
2275 363 2610 432 proferimus.
2641 365 2694 419 Si
2720 374 2898 420 autem
2929 367 2978 420 in
3008 367 3194 422 cadem
3216 363 3612 429 criminatione

2005 436 2293 504 persistunt
2319 474 2336 494 .
2381 434 2581 488 chartis
2629 435 2852 503 publicis
2894 436 3148 493 docemus
3192 441 3332 493 hanc
3374 455 3610 499 causam

2003 505 2505 583 olim_csse_linit_am
2533 545 2548 568 ,
2578 521 2675 559 nec
2709 513 2881 583 tamen
2903 510 3095 583 cosab
3125 509 3430 583 hujusmodi
3457 513 3612 583 obji-

2002 577 2204 630 ciendis
2224 577 2533 630 criminibus
2555 593 2701 630 cessa
2713 577 2872 632 visse.
2903 577 3051 634 Unde
3076 577 3213 636 nunc
3235 577 3606 640 Collatione'm

2002 646 2154 700 istam
2191 647 2525 723 peposcimus
2549 688 2563 711 ,
2593 662 2710 723 _non
2739 658 2799 723 ιιιΔ
2824 648 3206 723 illamcausam
3251 653 3562 710 traditionis
3582 699 3602 723 ,

2001 717 2467 795 qttant_C:rcilipn_0
2487 727 2544 795 et
2559 717 2672 786 ejus
2698 719 2917 795 collegis
2943 720 3263 787 objiciebant
3287 765 3301 785 .
3330 717 3605 795 suscipia;

1999 801 2117 840 mus
2143 788 2320 842 denuo
2351 787 2632 842 finiendam
2657 829 2671 851 ,
2705 789 2798 843 sed
2838 790 3262 848 demonstremus
3299 795 3427 848 olim
3471 787 3604 853 che

2001 857 2202 932 finitam
2228 875 2240 922 ;
2273 866 2328 932 ut
2361 857 2458 912 hoc
2487 870 2867 932 cognoscentes
2898 863 3071 932 pepuli
3101 865 3190 932 qui
3222 867 3471 920 nesciunt
3493 909 3507 929 .
3537 879 3604 923 et

1999 927 2218 982 istorum
2243 929 2414 983 adhuc
2433 927 3315 989 criminatiouibns'coinmoventur
3330 977 3344 997 ,
3371 927 3600 994 tandem

1997 999 2282 1067 aliquando
2302 1010 2624 1067 cognoscant
2648 1001 2697 1053 in
2727 1017 2828 1070 qua
2859 1002 3091 1056 Ecclesia
3115 1004 3420 1060 christiana:
3441 1010 3601 1063 salu—

1997 1069 2068 1122 tis
2096 1070 2231 1146 viam
2273 1071 2562 1146 requirant.
2613 1070 2668 1125 Si
2711 1069 2849 1146 ergo
2884 1072 2951 1127 de
3001 1073 3235 1146 Ecclesia
3285 1079 3594 1146 quzrritur,

1996 1155 2112 1208 qua:
2133 1141 2202 1194 sit
2227 1181 2240 1205 ,
2265 1149 2456 1208 quanta
2489 1143 2551 1193 sit
2579 1180 2594 1203 ,
2618 1143 2788 1208 qualis
2808 1143 2874 1195 sit
2897 1183 2909 1203 .
2939 1144 3046 1197 sola
3071 1144 3246 1199 divina
3272 1141 3590 1204 testimonia

1994 1210 2059 1288 ad
2087 1226 2203 1265 eam
2222 1210 2713 1288 dentonstrandam
2728 1211 3011 1288 sufficient.
3040 1215 3098 1288 Si
3125 1215 3368 1272 homines
3394 1221 3592 1288 appel-

1995 1278 2140 1358 lant,
2187 1281 2234 1358 si
2291 1280 2593 1358 hominibus
2640 1283 2859 1358 crimina
2915 1285 3234 1358 intotulunt,
3276 1278 3589 1358 quanquam

1995 1348 2248 1426 Ecclesia:
2277 1367 2435 1426 causa
2467 1351 2532 1406 ab
2563 1351 2837 1407 hominum
2866 1369 3021 1426 causa
3053 1348 3542 1426 distiugitenda'est
3565 1404 3584 1424 ,

1993 1435 2091 1474 nec
2121 1423 2170 1475 in
2204 1421 2505 1476 hominibus
2525 1438 2646 1491 spes
2677 1424 2916 1490 ponenda
2945 1435 3026 1479 est
3057 1421 3310 1482 Ecclesim
3335 1471 3352 1493 ,
3381 1430 3426 1482 si
3457 1421 3589 1485 booi

1991 1501 2114 1544 sunt
2137 1509 2150 1555 ;
2187 1507 2388 1561 nerine,
2415 1493 2459 1546 si
2488 1494 2609 1547 mali
2633 1503 2756 1547 sunt
2775 1535 2789 1556 .
2812 1495 3091 1562 judicanda
3117 1511 3200 1552 est
3226 1499 3462 1554 Ecclesia
3489 1502 3586 1556 Dei

2029 1563 2213 1616 criisse
2247 1580 2258 1615 :
2307 1564 2398 1616 sed
2428 1574 2604 1617 tamen
2633 1567 2794 1640 etiam
2824 1567 3055 1634 ipsorum
3083 1583 3298 1640 causam
3326 1581 3584 1640 tanquam

2014 1642 2208 1686 ratrum
2238 1642 2538 1687 nostrorum
2583 1635 2937 1703 Suscipimus.
2981 1645 3034 1691 et
3080 1639 3122 1692 si
3168 1641 3321 1694 nobis
3364 1635 3582 1697 osicndi

1991 1703 2258 1770 potuerint
2281 1703 2552 1758 eriminosi
2579 1745 2592 1769 ,
2632 1703 2788 1760 hodie
2833 1707 2950 1760 illos
2989 1710 3437 1774 anathemamus;
3473 1730 3582 1767 non

1991 1781 2166 1849 tamen
2201 1783 2418 1849 prejiter
2455 1775 2570 1849 illos
2613 1775 2901 1849 Ecclesiain
2945 1793 2976 1832 a
3024 1779 3130 1832 Deo
3175 1782 3493 1849 promiSsam
3524 1794 3585 1838 et

1989 1842 2279 1922 exhibitam
2305 1842 2610 1922 deserimus
2655 1857 2746 1922 aut
2767 1919 2776 1922 Α
2787 1848 3155 1922 relinquimus.
3177 1842 3292 1922 'lpsi
3322 1869 3453 1922 ergo
3479 1855 3579 1909 eli-

1987 1922 2114 1990 gant
2135 1915 2276 1984 quod
2308 1915 2524 1990 volunt:
2560 1931 2662 1969 nou
2693 1915 2950 1990 objiciunt
2973 1915 3534 1979 crimina’homiuibus
3561 1967 3576 1990 ,

1988 1984 2568 2060 et_chart:e_ce_ssabunt
2591 2002 2606 2051 ;
2636 1987 2746 2060 sola
2771 1988 2947 2060 divina
2976 1990 3218 2060 loquetur
3241 1995 3535 2049 auctoritas
3559 1984 3576 2060 ξ

1988 2053 2112 2129 sola_
2131 2055 2218 2108 Dci
2245 2056 2514 2126 Scriptura
2535 2099 2550 2126 ,
2573 2059 2658 2112 cui
2681 2059 2888 2128 utrique
2917 2053 3192 2117 subdimur
3217 2105 3230 2129 ,
3257 2065 3310 2117 in
3336 2053 3578 2122 mediani

1988 2123 2307 2194 proferetur.

2061 2195 2078 2265 (
2107 2198 2169 2274 lit
2201 2205 2316 2274 post
2348 2197 2522 2274 plures
2543 2199 2960 2274 prosecutiones
2992 2213 3054 2274 et
3093 2203 3530 2262 interlocutioncs
3557 2249 3574 2274 ,

1987 2279 2109 2346 cuiu
2136 2267 2420 2346 Betilianus
2448 2269 2859 2346 dixisset_._Quis
2879 2273 3086 2346 estiste
3115 2275 3204 2344 qui
3235 2278 3381 2346 agit?
3405 2267 3576 2332 C:eci;

1987 2335 2110 2410 liani
2133 2337 2284 2410 {ilius
2311 2348 2390 2392 est
2413 2379 2431 2410 ,ν
2456 2354 2521 2392 an
2553 2341 2696 2410 non?
2719 2335 3092 2410 )iAngustinns
3115 2335 3297 2400 dixit?
3323 2346 3407 2402 Nc
3434 2349 3574 2403 vobis

1987 2406 2167 2484 dicatis
2192 2406 2399 2484 I’qtreut
2419 2409 2471 2484 in
2497 2419 2632 2484 terra
2658 2409 2677 2484 (
2702 2406 2885 2484 Manli.
2912 2430 3042 2468 xxnt
3067 2457 3079 2475 .
3106 2415 3202 2484 9),
3234 2417 3398 2472 simul
3423 2418 3579 2474 audi-

1986 2478 2196 2556 Y‘illitlS,
2225 2479 2381 2533 simul
2421 2478 2681 2556 legimus,
2728 2482 2886 2556 simul
2929 2478 3573 2556 ipopulis'prmdicamus.

1987 2547 2120 2620 Quid
2153 2548 2226 2620 de
2246 2565 2331 2604 me
2357 2547 2548 2620 quieris
2575 2560 2748 2606 utrum
2779 2552 2879 2608 sim
2908 2547 3046 2610 filius
3069 2547 3339 2612 Cmciliani
3361 2560 3385 2612 ?
3404 2560 3578 2616 (Ia-ci-

1986 2617 2158 2672 lianus
2188 2619 2231 2672 si
2267 2617 2525 2697 innocens
2557 2621 2650 2675 fuit
2672 2623 2960 2697 ,_gaudeat_
2983 2625 3051 2680 de
3088 2641 3181 2680 sua
3222 2629 3528 2685 innocentia
3553 2674 3573 2697 ,

1986 2703 2072 2741 me
2108 2690 2516 2772 congaudente“,
2557 2707 2661 2772 non
2701 2690 2752 2746 iu
2795 2693 2912 2762 ejus
2950 2695 3250 2772 innocentia
3291 2715 3382 2772 inc
3421 2690 3574 2772 Spetu

1987 2773 2157 2836 meam
2188 2772 2435 2828 ponente.
2545 2771 2731 2836 autem
2751 2761 3084 2836 nocensAfuit
3107 2808 3121 2831 ,
3165 2769 3309 2836 quod
3343 2761 3574 2828 fortasse

1987 2827 2224 2884 discussa
2255 2847 2414 2886 causa
2443 2832 2524 2885 \cl
2551 2833 2626 2887 sic
2653 2833 2733 2887 vel
2762 2834 2918 2890 aliter
2943 2827 3230 2893 declarabit
3255 2881 3267 2900 ,
3314 2827 3576 2898 suSIinuit

1986 2914 2106 2975 eum
2139 2901 2372 2956 Ecclesia
2394 2917 2556 2975 quam
2583 2912 2738 2958 teneo
2762 2904 2780 2975 (
2809 2915 2862 2959 ut
2886 2921 2916 2959 a
2936 2907 3375 2965 similitudinibus
3396 2912 3572 2968 domi-

1986 2970 2118 3046 nicis
2149 2985 2253 3024 nou
2284 2970 2589 3046 recedam),
2640 2970 2780 3046 sicut
2815 2977 3019 3044 paleam
3061 2979 3114 3032 in
3154 2995 3277 3034 area
3299 3021 3318 3046 ,
3347 2982 3486 3038 sicut
3513 2984 3570 3038 in

1986 3040 2186 3122 eisdem
2216 3046 2424 3110 pascuis
2451 3040 2634 3098 haedos
2653 3085 2666 3108 ,
2697 3040 2832 3099 sic-ui
2857 3047 3132 3122 in_eisdem
3161 3040 3364 3107 retibus
3395 3055 3574 3122 pisces

1987 3111 2158 3184 malos
2181 3129 2194 3174 ;
2222 3128 2326 3184 non
2360 3123 2533 3168 tamen
2577 3123 2793 3184 propter
2822 3117 2990 3172 tnalos
3019 3135 3116 3174 nos
3143 3131 3234 3174 aut
3259 3111 3444 3177 arcani
3471 3125 3571 3177 do-

1986 3181 2232 3252 minicam
2256 3184 2270 3213 ³
2292 3183 2543 3239 deserere
2565 3181 2837 3252 debemus,
2860 3196 2950 3242 aut
2971 3189 3102 3244 retia
3126 3190 3394 3247 dominica
3415 3194 3570 3249 nefa-

1986 3251 2064 3304 ria
2091 3251 2425 3330 animositate
2458 3251 3192 3330 dissensionisabrumpere,
3227 3273 3284 3318 et
3317 3262 3377 3319 in
3417 3281 3574 3322 mare

1985 3330 2346 3395 antc_tempus
2373 3325 2562 3380 littoris
2594 3328 2854 3395 prosilire.

2062 3389 2081 3460 (
2107 3391 2169 3446 Et
2194 3389 2312 3461 post
2335 3395 2537 3464 aliquot
2565 3389 2965 3464 p'rosccutioncs
2994 3400 3386 3459 Donatistarum
3408 3415 3463 3461 ct
3487 3406 3572 3461 in-

1989 3464 2410 3538 terlocntiones)
2457 3465 2786 3538 Augustinus
2824 3468 2998 3524 dixit:
3037 3470 3304 3528 Cteciliani
3348 3491 3569 3533 causam

1986 3533 2416 3608 vclcollegarum
2461 3533 2578 3608 ejus
2624 3538 2799 3594 solent
2844 3539 2940 3608 ipsi
2991 3541 3242 3598 Ecclesia:
3285 3545 3570 3602 catholica:

1985 3603 2256 3686 objicere,
2285 3605 2406 3686 vel,
2439 3603 2500 3659 ut
2520 3607 2636 3662 sine
2661 3603 3022 3686 controversia
3049 3611 3237 3686 loquar
3260 3656 3274 3681 ,
3319 3616 3418 3686 ipsi
3464 3618 3572 3673 Ee-

1985 3674 2163 3756 clesia:
2188 3690 2344 3756 quam
2376 3685 2634 3732 tenemus.
2664 3677 2891 3756 Pr_oinde
2917 3723 2932 3748 ,
2956 3691 3035 3756 _ut
3074 3674 3268 3748 video,
3311 3674 3569 3756 magnum

1986 3745 2171 3817 volunt
2221 3747 2412 3817 all'crre
2462 3749 2874 3817 compendium:
2919 3745 2970 3806 isi
3019 3753 3156 3808 hanc
3199 3745 3432 3810 causam,
3457 3775 3568 3812 non

1985 3814 2701 3893 olijiciu:u_Ecclcsia_:quam
2727 3829 2988 3887 tenemus,
3020 3823 3197 3877 dicant
3224 3827 3351 3893 quid
3387 3829 3434 3882 ei
3468 3831 3567 3882 ob-

1980 3884 2185 3954 jiciant.
2205 3885 2261 3941 Si
2280 3888 2420 3967 enim
2443 3884 2592 3967 nihil,
2607 3906 2770 3967 quare
2786 3884 3128 3967 separamur?
3147 3893 3200 3967 Si
3218 3884 3417 3967 aliquid
3441 3914 3571 3967 pne-

1988 3966 2304 4029 ter_causam
2325 3957 2588 4012 Cmeiliani
2610 3957 2634 4023 ,“
2651 3957 2874 4029 idipsum
2899 3963 3122 4018 oll'eraut
3141 4005 3155 4026 .
3180 3963 3234 4018 id
3255 3957 3564 4023 ostenti-ant.

2058 4025 2344 4103 [lctilianus
2371 4029 2650 4103 episcopus
2678 4025 2750 4103 (a)
2778 4031 2909 4086 dixit
2937 4051 2949 4086 :
2985 4033 3062 4086 Tu
3101 4025 3220 4103 quis
3262 4037 3365 4090 es?
3401 4038 3572 4094 Filius

1985 4111 2044 4150 es
2073 4095 2377 4178 Ca:eiliani_,
2407 4095 2476 4178 an
2507 4095 2611 4178 non
2633 4102 2656 4154 ?
2682 4095 2863 4156 ‘Tenet
2904 4112 2955 4158 te
2999 4095 3203 4158 erinieu
3247 4104 3518 4163 Ca-ciliani
3547 4152 3566 4178 ,

1987 4181 2053 4221 an
2085 4183 2189 4222 non
2219 4208 2232 4232 ,
2262 4169 2306 4221 si
2337 4167 2533 4223 fuerit?

2058 4237 2587 4320 Λιιδιιειίιιιιεμόίχὶιε
2625 4240 2735 4312 Ego
2781 4242 2834 4297 in
2875 4243 3113 4300 Ecclesia
3157 4260 3274 4300 sum
3300 4288 3316 4314 ,
3365 4249 3418 4304 in
3461 4265 3569 4320 qua

1986 4307 2298 4363 Ca‘cilianus
2325 4309 2438 4362 fuit.

2059 4378 2349 4458 Petilianus
2374 4381 2814 4458 episeopusdixit
2845 4403 2858 4437 :
2906 4383 3058 4440 Unde
3096 4387 3301 4458 cmpisti
3325 4389 3350 4439 ?
3391 4388 3566 4457 Quem

1991 4447 2169 4529 habes.
2182 4457 2382 4516 patrem
2407 4447 2429 4504 ?
2459 4447 2706 4529 Alioquin
2739 4455 2794 4529 si
2807 4465 3009 4529 patrem
3039 4447 3566 4526 ιιιιιιιιίΙιιιιιιιιιῖειὶε,

1990 4517 2296 4598 lucreticum
2329 4529 2378 4574 te
2407 4536 2527 4576 esse
2567 4517 2828 4592 profiteris
2853 4565 2868 4590 ,
2905 4525 2995 4595 qui
3035 4541 3136 4581 nec
3178 4529 3444 4598 originem
3487 4517 3568 4588 vis

1990 4587 2185 4660 habere
2208 4629 2223 4652 ,
2255 4605 2352 4644 nec
2379 4587 2602 4660 patrem.

2061 4659 2535 4738 Augustinus’dixit
2561 4680 2574 4716 :
2605 4663 2657 4718 lu
2681 4664 2916 4738 Ecclesia
2947 4681 3132 4738 sumus
3157 4709 3172 4734 ,
3201 4669 3380 4738 inqua
3402 4669 3572 4726 Ceci-

1992 4729 2161 4810 lianus
2187 4731 2548 4810 episcopatum
2577 4737 2740 4810 gessit
2765 4743 2818 4788 et
2845 4734 2986 4810 diem
3015 4729 3170 4792 obiit;
3209 4729 3340 4810 Ejus
3368 4757 3571 4798 nomen

1991 4800 2054 4881 ad
2084 4800 2250 4854 altare
2276 4800 2560 4881 recitamus
2625 4809 2742 4881 ejus
2768 4807 3037 4861 memoria:
3066 4800 3527 4866 communicantes
3551 4855 3572 4881 ,

1991 4878 2259 4951 tanquam"
2271 4877 2541 4951 memoria:
2577 4874 2751 4929 fratris
2775 4915 2792 4939 ,
2834 4891 2938 4951 non
2982 4887 3230 4948 tanquam
3267 4883 3437 4951 patris
3479 4874 3574 4938 aui

1992 4941 2194 4996 matris.
2223 4943 2427 5010 Qureris
2453 4953 2626 4998 autem
2656 4960 2686 4999 a
2714 4961 2798 5000 me
2827 4946 2970 5002 unde
2996 4941 3300 5004 communio
3327 4966 3450 5007 mea
3479 4969 3575 5008 su-

1993 5021 2102 5084 mat
2129 5013 2424 5066 exordium.
2461 5014 2715 5069 Dominus
2740 5016 2851 5084 ipse
2889 5017 3136 5073 Christus
3175 5020 3370 5076 asserit
3411 5038 3570 5078 exor-

1992 5081 2137 5158 diunt
2162 5084 2549 5138 communionis
2573 5101 2705 5139 mea:
2731 5081 2950 5158 {dicens
2977 5107 2990 5142 :
3017 5087 3288 5158 Oportebat
3309 5089 3573 5147 Christum

1993 5153 2137 5231 pati,
2167 5163 2213 5208 ct
2236 5170 2491 5231 resurgere
2515 5172 2546 5207 a
2573 5156 2781 5231 mortuis
2806 5159 2949 5231 tertio
2967 5153 3092 5231 die,
3137 5171 3181 5213 ct
3215 5162 3493 5231 prwdicari
3517 5165 3574 5218 in

1994 5225 2196 5278 nomine
2221 5225 2328 5294 ejus
2352 5226 2702 5304 panitentiuot
2716 5236 2761 5279 et
2783 5229 3122 5304 remissionem
3145 5225 3462 5304 peccntornm
3482 5250 3575 5304 per

1994 5304 2356 5370 omnes_gcntcs
2380 5336 2394 5359 ,
2427 5295 2782 5370 incipientibus
2803 5295 3170 5370 abJerusaleni
3213 5299 3383 5370 (Luc.
3417 5295 3572 5368 xx'tv,

1993 5363 2063 5419 46
2085 5405 2100 5428 ,
2128 5363 2198 5418 47
2221 5366 2264 5432 ).
2292 5363 2466 5435 Cepit
2496 5363 2592 5420 ista
2626 5367 2929 5435 praedicatio
2965 5370 3032 5424 ab
3071 5363 3368 5426 Jerusalem
3397 5390 3411 5425 :
3445 5363 3570 5429 inde

1994 5449 2052 5490 se
2081 5435 2148 5490 ab
2178 5435 2532 5490 illustrissimo
2559 5437 2777 5492 exordio
2797 5439 3006 5493 diffudit
3028 5483 3044 5508 ,
3065 5439 3370 5500 ditiuudens
3389 5443 3577 5500 Eccle-

2058 5559 2076 5592 ί
2112 5566 2296 5610 Deesse
2319 5559 2528 5624 videtur,
2551 5565 2633 5613 aut
2656 5575 2836 5634 pascua
2859 5562 3114 5618 dominica.

2061 5641 2134 5708 (a)
2167 5643 2427 5696 Donatista.
