3816 6130
196 188 322 248 835

197 305 348 358 siam
377 315 536 373 quam
568 306 849 373 tenemus,
878 300 1052 373 primo
1082 313 1177 369 per
1215 298 1384 373 vicina
1407 339 1421 364 ,
1441 298 1657 373 ‘deindc
1697 313 1793 373 per

198 368 501 443 longinqua
528 412 542 438 ,
587 373 763 443 etiam,
790 370 840 425 in
864 368 1119 443 Africam
1162 370 1324 443 venit.
1357 368 1575 443 Iuliane
1612 369 1794 443 oculos

200 440 525 513 aperimus,
578 444 712 498 hanc
755 442 805 496 in
845 441 1039 513 divinis
1073 440 1296 513 eloquiis
1341 449 1395 513 et
1436 440 1791 506 testimoniis,

200 510 353 569 sicut
385 516 556 584 ipsum
583 514 862 567 Dominum
888 512 1158 584 Christum
1181 520 1234 566 et
1263 510 1669 584 Redemptorem
1690 526 1793 584 no-

199 596 382 639 strum
408 581 425 651 ,
455 585 832 655 comperimus.
861 583 940 637 Ab
969 582 1058 655 illo
1083 582 1193 655 Deo
1217 589 1401 655 patro,
1437 582 1511 655 ab
1549 581 1648 635 hac
1676 581 1795 655 Ec-

200 657 375 709 clesia
424 651 630 718 matre,
676 655 872 709 nullius
916 668 1001 707 me
1045 651 1274 707 hominis
1298 651 1517 707 crimina
1544 692 1557 719 ,
1601 651 1796 706 nullius

204 727 493 780 calumnia:
521 726 864 795 separabtint.

284 796 302 869 (
332 798 398 851 Et
425 807 544 865 post
571 793 698 869 alias
723 795 978 869 quasdam
1007 793 1406 869 prosecutioues
1434 802 1485 849 et
1508 793 1795 869 interlocu-

207 865 390 923 tiones
414 870 430 938 )
458 865 781 938 Augustinus
810 866 941 920 dixit
966 883 977 918 :
1011 865 1149 920 Ecce
1177 865 1296 919 dico
1320 907 1335 930 ,
1380 865 1587 938 quoties
1612 866 1794 938 volue-

207 940 326 993 rint
351 935 470 993 dico
499 956 512 993 :
540 935 855 992 Cmcilianus
883 952 986 990 non
1009 946 1089 990 est
1111 945 1260 1003 pater
1285 951 1434 990 meus
1458 953 1471 1000 ;
1495 936 1615 1005 quia
1638 935 1794 989 audio

209 1010 502 1064 Dominum
531 1024 705 1063 meum
736 1008 1039 1071 dicentem,
1088 1007 1167 1060 Ne
1208 1007 1343 1061 vobis
1386 1017 1575 1077 patrem
1599 1007 1796 1077 (dicatis

207 1081 267 1134 in
297 1091 433 1134 terra
454 1098 474 1147 ;
500 1096 629 1133 unus
654 1088 725 1133 est
755 1088 897 1148 pater
924 1088 1081 1132 vester
1112 1077 1265 1132 Deus.
1297 1076 1425 1132 Dico
1452 1076 1793 1148 Czreiliauutn

210 1151 436 1207 fratrem
462 1192 477 1214 ,
503 1150 697 1203 bonum
724 1147 939 1203 fratrem
968 1189 983 1215 ,
1013 1149 1056 1202 si
1090 1148 1257 1203 bonus
1280 1165 1294 1214 ;
1318 1149 1512 1201 malum
1538 1147 1750 1201 fratrem
1776 1189 1791 1214 ,

210 1222 259 1275 si
285 1223 454 1276 malus
475 1228 555 1275 est
581 1236 595 1273 :
618 1221 867 1291 quoniam
891 1228 1106 1291 propter
1125 1219 1794 1291 communiaSacramenta

212 1293 383 1347 frater
410 1307 560 1346 meus
589 1289 690 1347 est.
722 1291 777 1346 Si
807 1299 982 1345 autem
1006 1289 1262 1359 judicium
1292 1289 1358 1345 de
1388 1289 1480 1343 illo
1508 1304 1684 1359 meum
1714 1289 1794 1342 vis

211 1364 443 1428 audire,
494 1364 652 1417 etiam
694 1358 1028 1416 innocentem
1070 1360 1269 1430 credo,
1320 1360 1608 1430 appetitum
1650 1358 1794 1413 falsis

213 1433 677 1488 criminationibus
731 1433 976 1487 existimo
1024 1449 1037 1486 :
1086 1429 1181 1485 sed
1234 1429 1482 1500 tanquam
1526 1430 1686 1483 homo
1728 1429 1795 1485 de

215 1504 440 1559 homine
461 1504 768 1558 existimans
791 1543 805 1564 ,
832 1516 935 1557 non
960 1511 1206 1571 tanquam
1229 1510 1434 1571 certum
1462 1500 1659 1571 aliquid
1679 1514 1788 1555 cre-

218 1575 374 1630 dens.
389 1575 464 1628 'l‘u
486 1576 530 1629 si
552 1575 737 1645 objicis
757 1572 1005 1645 Ecclesia:
1022 1570 1240 1645 crimina
1262 1570 1532 1627 Czeeiliani
1548 1570 1565 1645 ,
1577 1571 1785 1645 assisto,

217 1646 449 1701 defendo
476 1641 723 1714 tanquam
749 1643 927 1698 fratris
952 1685 965 1707 ,
989 1643 1275 1698 ostendens
1298 1657 1403 1714 non
1432 1642 1697 1714 pertinere
1724 1641 1791 1695 ad

218 1716 519 1772 Ecclesiam
546 1759 559 1780 ,
586 1712 688 1770 nec
712 1715 779 1769 ad
805 1714 920 1781 ejus
946 1727 1158 1767 causam
1185 1755 1199 1779 ,
1224 1728 1320 1767 nec
1341 1713 1388 1767 ei
1413 1712 1753 1783 prtejudicare
1778 1728 1790 1766 :

216 1796 273 1843 et
299 1788 379 1842 sic
398 1786 704 1841 demonstro
727 1784 858 1839 nihil
888 1794 937 1838 te
958 1784 1188 1854 objicere
1215 1783 1466 1839 Ecclesia:
1489 1782 1791 1854 catholicgc,

218 1857 435 1912 etiamsi
465 1873 588 1911 vera
621 1855 843 1910 fortasse
869 1896 884 1918 ,
912 1853 1050 1925 quod
1081 1855 1227 1925 nullo
1263 1854 1419 1925 modo
1460 1853 1659 1925 poteris
1697 1853 1793 1908 de-

216 1935 523 1983 monstrare
546 1969 560 1993 ,
594 1927 699 1981 siut
720 1924 944 1981 erimina
968 1924 1251 1980 Caeciliani.
1275 1924 1329 1979 Si
1355 1924 1530 1979 autem
1558 1938 1657 1979 nec
1682 1926 1794 1993 ipsa

217 2014 349 2053 vera
382 1992 615 2069 potueris
641 1998 1008 2069 demonstrare
1032 2038 1046 2060 ,
1079 1996 1235 2069 etiam
1263 2005 1311 2049 te
1332 1995 1513 2069 judice
1538 1995 1686 2049 vides
1708 1992 1796 2047 ubi

218 2065 546 2124 remanseris
570 2111 583 2128 .
612 2077 665 2123 et
688 2067 813 2137 quid
838 2066 1030 2136 rejeeta
1057 2065 1265 2120 tandem
1289 2066 1623 2120 animositate
1645 2080 1795 2118 erro-

218 2142 296 2194 ris
326 2140 524 2210 eligere
549 2138 744 2193 debeas
769 2180 783 2203 ,
829 2148 884 2210 ut
917 2137 1199 2210 nobiscum
1255 2145 1435 2210 teneas
1482 2137 1754 2210 veritatem
1779 2174 1794 2199 ,

223 2206 506 2265 nobiscum
538 2208 871 2278 amplcetaris
898 2207 1149 2261 damnato
1178 2222 1359 2261 errore
1389 2206 1723 2278 charitatcm.

293 2284 311 2349 (
339 2283 404 2335 Et
431 2296 549 2333 eum
618 2277 998 2333 eonteudercnt
1040 2278 1351 2349 Donatistm
1376 2319 1389 2338 .
1458 2277 1799 2349 Crzrcilianum

220 2346 511 2407 Catholicis
535 2349 762 2405 radicem
790 2349 951 2402 fuisse
972 2348 1053 2400 vel
1076 2350 1267 2417 caput)
1290 2348 1610 2415 Augustinus
1633 2346 1795 2401 dixit:

222 2423 410 2477 llabeo
440 2431 597 2491 caput
621 2463 634 2488 ,
665 2421 757 2474 sed
788 2420 1026 2473 Christus
1052 2428 1133 2473 est
1156 2459 1170 2483 ,
1199 2421 1350 2484 cujus
1372 2418 1801 2491 Apostolutn_au-

221 2493 313 2549 (lio
341 2488 605 2547 dicentem
632 2534 645 2554 ,
680 2491 863 2544 Omnia
892 2502 1053 2542 vestra
1077 2532 1089 2552 ,
1121 2506 1204 2543 vos
1225 2500 1387 2541 autem
1409 2488 1594 2542 Christi
1619 2530 1632 2551 ,
1657 2488 1802 2541 Clari-

225 2574 329 2619 stus
358 2579 474 2617 vero
506 2563 598 2617 Dei
630 2562 686 2634 (l
717 2561 834 2634 Cor.
866 2577 919 2613 ιιι
945 2602 958 2625 ,
986 2560 1055 2613 2‘2
1078 2601 1093 2634 ,
1114 2560 1242 2634 25).
1271 2560 1401 2613 Nam
1426 2569 1489 2634 et
1508 2559 1594 2634 ubi
1620 2573 1677 2613 se
1710 2573 1801 2634 pa-

227 2645 363 2689 trem
413 2634 545 2687 dixit
595 2630 915 2702 Apostolus,
967 2646 1031 2683 ne
1080 2632 1243 2699 ipsius
1276 2630 1803 2702 (paternitatisvelut

224 2706 411 2761 basem
443 2697 722 2757 humanam
761 2697 1121 2756 infirmitatem
1165 2697 1506 2754 crederemus
1530 2740 1543 2761 ,
1578 2697 1795 2763 addidit,

228 2775 337 2829 Per
361 2774 685 2845 Evangelium
734 2790 822 2845 ego
852 2789 935 2825 vos
975 2771 1182 2845 genui_(
1207 2770 1289 2824 Id.
1320 2787 1389 2845 tv,
1422 2770 1486 2845 lii
1512 2769 1553 2845 )_.
1604 2769 1799 2845 Semen

225 2861 359 2916 ergo
389 2855 443 2900 et
472 2840 602 2901 vena
633 2840 852 2899 seminis
880 2840 989 2896 mei
1018 2842 1081 2895 de
1123 2840 1403 2916 Evangelia
1433 2840 1657 2916 ducitur.
1694 2840 1800 2916 llo:

224 2909 577 2971 tiorilicentite
605 2930 760 2969 causa
795 2922 970 2983 patres
1001 2909 1324 2981 appellamus
1350 2926 1442 2965 eos
1470 2909 1560 2983 qui
1594 2926 1688 2963 nos
1720 2910 1803 2965 vel

225 2996 469 3058 tempore
512 2988 601 3058 vel
641 2982 846 3058 meritis
901 2991 1302 3058 praecesserunt.
1351 2982 1504 3035 Aliud
1554 2988 1635 3058 est
1680 2996 1800 3058 cum

226 3051 519 3130 qum-rimus
542 3057 606 3111 ad
632 3056 786 3111 fidem
814 3051 969 3130 quom
995 3054 1280 3107 habeamus
1307 3062 1549 3130 patrem,
1573 3051 1636 3105 ad
1659 3052 1804 3130 salu-

226 3122 334 3185 tem
365 3137 619 3184 :rtcrnam
649 3143 802 3196 quem
834 3122 1133 3196 habeamus
1176 3135 1415 3196 patrem,
1458 3122 1523 3175 ad
1572 3123 1806 3177 retinen-

225 3200 350 3254 dam
388 3194 677 3254 Ecclesiani
720 3206 773 3251 et
818 3194 1151 3264 percipienda
1203 3195 1292 3248 Dei
1344 3195 1599 3263 promissa
1644 3208 1800 3261 quem

227 3271 523 3326 habeamus
548 3280 769 3339 patrem.
797 3263 924 3320 Nam
954 3265 1079 3339 illud
1109 3265 1323 3339 honoris
1345 3273 1423 3339 est
1447 3304 1460 3329 ,
1492 3273 1546 3316 ut
1564 3263 1805 3339 quotidie

226 3342 449 3397 senibus
477 3334 715 3395 dicamus
739 3380 753 3404 ,
788 3339 960 3392 Pater.
1009 3336 1253 3403 Quotidie
1294 3336 1451 3389 etiam
1489 3334 1803 3404 quihusdam

227 3429 336 3467 non
368 3412 645 3466 nobiseum
691 3403 745 3464 in
783 3424 879 3460 una
914 3406 1147 3460 Ecclesia
1181 3422 1278 3461 nec
1317 3406 1366 3458 in
1403 3404 1586 3457 iisdem
1614 3403 1804 3457 Sacra-

224 3483 431 3538 mentis
459 3484 757 3536 constitutis
785 3479 1007 3531 dicimus
1034 3519 1047 3543 ,
1096 3476 1297 3530 Frater.
1332 3474 1620 3530 Sodomitis
1646 3476 1803 3529 etiam

226 3554 367 3609 dixit
394 3555 491 3607 l.ot
514 3594 529 3615 ,
564 3552 772 3606 Fratres
800 3568 812 3602 :
848 3550 1026 3617 utique
1052 3548 1114 3601 ad
1146 3547 1446 3601 leniendum
1474 3559 1655 3599 eorum
1687 3546 1801 3617 ani:

225 3624 536 3679 niositatem
564 3665 577 3685 ,
608 3638 710 3676 non
740 3620 802 3673 ad
834 3616 1094 3689 Cognitam
1137 3618 1517 3689 fraternitatem
1564 3627 1617 3669 et
1657 3616 1805 3689 quasi

225 3697 392 3748 unius
434 3693 740 3746 hatreditale
762 3693 776 3722 ¹
808 3687 1150 3743 consortium.
1201 3688 1472 3741 Tollantur
1508 3701 1635 3755 ergo
1666 3687 1760 3738 ista
1787 3728 1801 3751 ,

225 3766 626 3829 distinguamus
651 3762 895 3815 vocabula
923 3776 1038 3830 qme
1068 3760 1365 3812 hominibus
1397 3768 1609 3827 propter
1639 3756 1807 3830 hono-

227 3853 351 3891 rem
385 3827 681 3898 debentur,
715 3842 765 3885 et
792 3827 1100 3884 Vocabulum
1144 3831 1281 3900 quod
1326 3838 1538 3897 propter
1578 3827 1803 3900 salutem

229 3905 580 3974 requirimus.
616 3904 716 3957 Pro
743 3904 908 3956 salute
934 3911 1127 3974 :etcrna
1154 3898 1173 3964 ,7
1198 3916 1326 3970 pace
1372 3898 1606 3969 Apostoli
1649 3898 1805 3952 dixe-

230 3979 337 4031 rim
364 4016 378 4040 ,
419 3976 522 4027 imo
543 3974 760 4041 jubetttc
790 3974 1040 4041 Apostolo
1071 3973 1293 4025 dixerim
1314 4013 1326 4033 ,
1349 3986 1451 4023 non
1484 3977 1630 4041 pater
1655 3983 1807 4041 meus

234 4039 523 4114 Apostolus
544 4039 632 4099 est
663 4045 725 4097 ad
757 4039 977 4114 salutem
1007 4051 1256 4114 :rtcrnam
1283 4083 1310 4114 ,_
1339 4041 1426 4109 qui
1459 4040 1596 4114 ‘mihi
1637 4039 1803 4103 dicit,

234 4111 352 4186 Ego
391 4116 608 4186 plantavi
632 4160 648 4181 ,
680 4115 861 4182 Apollo
898 4113 1117 4186 rigavit:
1155 4112 1244 4165 sed
1286 4112 1418 4186 licus
1445 4111 1808 4186 incrementum

234 4180 400 4241 didit:
430 4186 608 4255 Itaque
638 4180 805 4251 lateque
833 4182 916 4249 qui
947 4182 1137 4255 plantat
1166 4190 1236 4255 c_st
1263 4180 1453 4255 aliquid
1479 4220 1491 4241 ,
1532 4195 1687 4255 neque
1708 4180 1810 4255 _qt_ti

234 4259 409 4328 rigat;
434 4248 631 4328 setl'qui
661 4248 1019 4328 incremeutton
1047 4251 1137 4328 _t_lat
1164 4250 1300 4328 Deus
1331 4248 1456 4328 (Mlti.
1487 4264 1540 4302 ιιι
1567 4288 1581 4310 ,
1611 4249 1643 4301 6
1668 4290 1681 4312 ,
1708 4249 1738 4301 7

236 4319 315 4383 né
344 4319 442 4381 hac
473 4326 725 4380 Dominus
748 4323 878 4377 dixit
902 4362 914 4382 ,
950 4319 1122 4373 Nolite
1150 4320 1282 4373 vobis
1321 4320 1483 4372 dicere
1523 4330 1711 4386 patrem
1757 4319 1810 4371 in

235 4409 389 4452 terra.
422 4397 613 4466 Utique
638 4394 791 4449 scivit
818 4393 1080 4466 dicturum
1103 4386 1439 4466 Apostoloin,
1472 4387 1595 4466 Ῥω·
1634 4388 1808 4466 _Eva_n-

234 4458 557 4541 gelittntnego
582 4483 665 4520 vos
691 4464 858 4541 genui.
890 4462 1001 4516 Non
1028 4458 1169 4516 enim
1203 4460 1423 4540 Domino
1454 4459 1647 4541 dicenti
1673 4498 1687 4522 ,
1727 4458 1812 4541 Ne

237 4529 376 4594 vobis
404 4529 583 4591 dicatis
608 4529 801 4606 patrem
904 4544 1035 4587 terra
1060 4575 1078 4606 ,_
1116 4530 1412 4606 contrarius
1454 4529 1660 4583 futurus
1697 4538 1811 4583 crat

237 4610 528 4680 Apostolus
568 4601 748 4661 dicens
772 4646 787 4669 ,
819 4605 926 4658 Etsi
964 4604 1157 4680 multos
1195 4601 1418 4680 habeatis
1461 4610 1626 4680 potres
1651 4642 1665 4664 ,
1724 4616 1813 4669 per

239 4670 574 4751 Evangelium
599 4693 798 4751 egovos
828 4675 992 4751 genui.
1021 4674 1123 4751 Sed
1154 4673 1274 4751 quia
1294 4671 1537 4751 distinxit
1560 4670 1624 4723 ad
1652 4685 1808 4739 quam

239 4766 353 4806 rem
388 4743 589 4820 patrem
620 4743 773 4820 nobis
800 4743 1131 4820 constituerit
1157 4743 1410 4797 Dominus
1434 4782 1448 4806 ,
1481 4748 1536 4795 et
1578 4755 1811 4820 proqua

240 4816 643 4875 honorificentia
708 4818 865 4871 etiam
914 4816 1224 4884 Apostolum
1272 4825 1549 4884 possemus
1610 4817 1810 4879 patrem

241 4893 487 4961 accipere
512 4931 527 4955 ,
552 4890 670 4944 ideo
692 4887 767 4961 sic
789 4882 993 4961 locutus
1015 4891 1196 4961 e_st,_ut
1218 4882 1524 4961 ejus_o_ratio
1546 4897 1647 4934 non
1671 4888 1813 4934 esset

239 4953 521 5017 contraria
538 4959 817 5015 dominiccc
848 4956 1072 5010 veritati.
1121 4956 1303 5009 Patres
1320 4953 1500 5022 igitur
1524 4967 1809 5021 quoscum-

240 5050 344 5103 quc
373 5046 603 5103 agnosco
627 5031 678 5103 in
706 5038 843 5083 terra
870 5068 884 5092 ,
916 5026 1329 5103 honorificentire
1367 5038 1522 5103 causa
1561 5036 1809 5103 agnosco.

241 5094 454 5158 Patrem
486 5102 669 5155 salutis
702 5115 835 5154 meae
879 5112 983 5151 non
1031 5106 1183 5151 teneo
1233 5095 1332 5149 nisi
1384 5095 1545 5147 Deum
1569 5130 1584 5156 ,
1614 5094 1680 5147 de
1707 5108 1813 5161 quo

240 5173 371 5229 mihi
404 5173 656 5227 Dominus
680 5171 850 5236 dixit,
883 5169 964 5222 Ne
988 5168 1123 5221 vobis
1152 5175 1341 5237 patrem
1361 5165 1539 5237 dicatis
1564 5164 1616 5237 in
1644 5173 1813 5237 terra;

243 5256 296 5300 et
323 5245 406 5297 cui
438 5233 923 5313 quotidiedicimus
949 5282 963 5307 ,
999 5233 1160 5292 Pater
1181 5247 1344 5292 noster
1369 5277 1384 5303 ,
1416 5236 1499 5305 qui
1526 5251 1575 5288 es
1601 5235 1652 5288 in
1678 5233 1813 5288 caelis

243 5316 262 5387 (
287 5310 474 5387 Matt/1'.
504 5330 550 5367 Vt
577 5312 652 5387 ,_9

317 5385 337 5459 (
362 5387 425 5459 Et
449 5375 880 5459 cum'DOi‘iatistm
899 5387 1200 5459 qugercreot
1223 5377 1349 5459 quis
1361 5375 1681 5457 ordinaverit
1696 5376 1815 5459 Au-

239 5444 552 5528 gustinum)
587 5444 1104 5528 Augttstintts'dixit:
1146 5444 1417 5528 superflua
1455 5448 1616 5528 quaeri
1658 5444 1817 5528 vi.ch

240 5516 551 5582 afratribus
603 5516 798 5576 nostris
836 5537 866 5576 e
909 5522 1118 5575 diverso
1156 5516 1501 5583 sistculibns;
1530 5526 1582 5572 ct
1610 5516 1674 5570 ad
1704 5516 1816 5581 ipsa

239 5596 508 5667 superﬂua
536 5609 639 5649 non
663 5592 870 5661 denego
891 5591 1289 5661 responsionem
1318 5606 1330 5658 ;
1362 5589 1483 5645 dum
1518 5597 1690 5643 tamen
1721 5587 1818 5642 lic-

302 5694 319 5726 ι
357 5697 518 5743 Forte.
544 5681 855 5738 hereditatis.

846 183 1211 243 EXCERI’TA
1250 183 1342 241 AD
1382 181 1908 242 DONATISTARUM
1948 182 2314 243 HISTORIAM
2350 183 2825 245 PERTINENTIA.

3378 189 3483 254 831

1906 299 2089 354 clesire
2113 314 2267 373 causa
2294 340 2309 367 ,
2340 301 2425 356 cui
2453 302 2763 371 responderi
2794 300 2927 358 nihil
2954 309 3169 373 potest,
3204 302 3259 360 in
3288 304 3480 364 funda-

1904 379 2097 444 mento
2116 371 2377 444 tutissimo
2406 373 2713 428 collocetur.
2747 374 2857 444 Ego
2884 414 2898 441 ,
2942 371 3095 444 cujus
3120 371 3480 434 ordinatorcm

1904 441 2129 517 requiris
2148 482 2163 507 ,
2192 442 2352 497 homo
2378 458 2495 517 sum
2525 441 2893 517 christianos,
2935 441 3106 517 fidelis
3130 486 3146 513 ,
3190 447 3329 517 quod
3371 448 3481 503 Deo

1904 519 2039 565 teste
2090 512 2310 582 loquor,
2365 513 2697 582 catholicus,
2749 515 2889 572 unde
2934 512 3135 571 adhuc
3164 512 3480 582 ainbigimus

1901 582 2019 657 quis
2044 581 2234 657 dignus
2258 584 2368 657 hoc
2396 586 2610 657 nomine
2635 581 2914 641 vecitetur.
2960 587 3071 657 Ego
3107 587 3250 641 illam
3293 581 3483 645 Eccle-

1901 653 2034 706 siam
2079 653 2371 727 defendot
2397 654 2534 711 hanc
2579 670 2763 727 assero
2807 653 3178 727 qualicumque
3216 673 3384 726 voce;
3426 660 3481 716 in

1900 737 2023 799 qua_
2052 724 2304 799 quidquid
2349 724 2539 799 fuero,
2587 726 2673 799 illa
2722 724 2959 783 Ecclesia
3005 724 3106 783 est.
3161 727 3326 785 Video
3371 724 3477 799 quo

1903 793 2122 870 tendas;
2154 793 2731 870 Immanas__ealumnias
2755 798 3077 870 consectaria
3105 816 3118 852 :
3143 807 3198 870 et
3232 815 3351 870 qua:
3388 793 3482 855 so-

1902 864 2056 919 leatis
2077 865 2280 935 jactare
2309 876 2365 923 et
2388 867 2567 923 dicere
2590 907 2605 933 ,
2636 884 2741 921 non
2768 869 2999 924 alienum
3032 877 3115 925 est
3152 869 3219 923 ab
3251 864 3479 926 auribus

1900 935 1986 989 vel
2014 937 2577 1011 a_t:ordilius_nost_ri_s.
2624 939 2873 1011 Megalius
2919 954 3006 995 me
3038 939 3337 1006 ordinavit,
3364 941 3477 1011 pri-

1899 1021 2017 1082 mas
2047 1007 2301 1082 Ecclesia:
2330 1007 2589 1082 Numidia:
2620 1007 2903 1082 gatholica:
2927 1051 2942 1077 ,
2989 1024 3056 1082 eo
3096 1018 3333 1080 tempore
3367 1007 3480 1082 quo

1900 1075 1992 1132 ille
2009 1093 2102 1152 _me
2129 1078 2297 1147 potuit
2322 1078 2591 1134 ordinare.
2610 1079 2760 1152 (Ecce
2783 1075 3037 1152 reSpondi
3066 1097 3079 1133 :
3118 1075 3437 1152 prosequere
3459 1123 3476 1149 ,

1900 1148 2224 1223 profer_qure
2253 1163 2562 1223 prcharos:
2608 1149 2679 1203 ibi
2724 1148 2887 1205 etiam
2922 1148 3479 1223 calumniosus'appaé

2283 1218 2294 1230 ο

1899 1219 2213 1342 lreas..Ecce
2242 1219 2353 1274 dixi
2381 1219 2740 1275 ordinatorcm
2766 1235 2942 1277 meum
2970 1238 2984 1275 :
3031 1220 3210 1292 profer
3248 1219 3360 1293 jam
3384 1219 3480 1279 ca-

1922 1304 2129 1342 umntas
2157 1298 2294 1342 tuas.

1922 1298 2129 1344 umntas
2157 1298 2294 1344 tuas.

1899 1403 2377 1487 Donatistarum
2400 1404 2663 1487 litteris,
2687 1401 2801 1487 hac
2827 1407 3017 1487 tertia
3057 1405 3156 1469 die
3186 1406 3478 1487 prolatis.

1979 1482 2203 1566 quibus
2253 1484 2564 1566 Mandata
2615 1483 3088 1566 Catholicorum
3124 1482 3339 1566 prima
3383 1487 3484 1550 die

1978 1562 2348 1625 Collatiom's
2378 1562 2642 1643 allegato
2671 1565 3039 1644 respondere
3069 1562 3401 1628 conantur.

1899 1688 2084 1744 Flavio
2109 1689 2408 1763 Marcellino
2432 1690 2547 1763 viro
2572 1690 2871 1746 clarissimo
2890 1701 2937 1747 et
2962 1692 3237 1763 spectabili
3267 1694 3482 1750 tribuno

1970 1769 2024 1815 et
2051 1762 2259 1833 notario
2284 1802 2294 1824 ,
2330 1761 2682 1833 Januarianus
2701 1769 2755 1816 et
2775 1763 2954 1818 caeteri
2979 1761 3216 1833 episcopi
3240 1765 3483 1822 veritatis

1970 1830 2262 1905 catholicis,
2279 1847 2395 1905 qua:
2408 1830 3065 1905 persecutionemgpatitur,
3076 1830 3181 1889 non
3199 1850 3318 1905 qua:
3333 1834 3477 1893 facit.

1974 1903 2026 1956 l.
2065 1901 2196 1970 Quia
2239 1901 2380 1972 apud
2416 1901 2536 1959 acta
2575 1901 2877 1959 Nobilitatis
2913 1912 3018 1960 ture
3043 1901 3295 1961 fratribus
3324 1906 3461 1963 colle

1898 2000 2086 2073 gisque
2130 2000 2329 2073 nostris
2374 1999 2744 2073 defensionem
2791 1999 3486 2073 ntandavimus,rmagnum

1896 2070 2026 2141 justi
2055 2070 2346 2140 cognitoris
2376 2071 2627 2126 indicium
2655 2080 2737 2126 est
2761 2112 2776 2138 ,
2807 2071 2948 2141 quod
2980 2072 3067 2125 uni
3097 2072 3233 2141 parti
3259 2070 3486 2129 conces-

1901 2144 2067 2205 serit,
2101 2142 2253 2195 alteri
2287 2156 2389 2194 non
2422 2156 2618 2211 negare
2640 2182 2656 2202 ,
2688 2156 2756 2196 ne
2797 2142 2888 2196 uni
2932 2143 3067 2211 parti
3104 2142 3317 2210 favere,
3346 2143 3484 2199 alte-

1900 2226 2015 2284 ram
2045 2226 2288 2284 premere
2315 2212 2587 2284 videatur.
2618 2211 2770 2284 Quod
2799 2222 2978 2282 tepro
3012 2221 3097 2267 tua
3127 2212 3402 2284 prudentia
3429 2222 3487 2270 ct

1901 2281 2058 2350 longe
2089 2282 2390 2351 prospicere
2415 2323 2453 2353 ,ί
2479 2291 2534 2336 ct
2577 2282 2787 2352 longius
2830 2281 3088 2338 condecet
3129 2281 3437 2353 praecavere
3467 2300 3481 2339 :

1903 2354 2133 2407 maxime
2157 2367 2274 2407 cum
2302 2352 2527 2423 populos
2554 2353 2740 2407 edictis
2761 2353 2958 2408 invites
2979 2353 3048 2408 de
3068 2352 3352 2409 audientis:
3378 2364 3481 2410 tua:

1903 2423 2184 2477 libramine
2233 2422 2494 2492 judicare.
2543 2422 2869 2494 Adversarii,
2903 2424 3097 2494 igitur,
3155 2424 3482 2491 traditores,

1909 2502 2383 2563 persecutoresque
2434 2493 2601 2549 nostri
2656 2509 2776 2549 cum
2828 2493 3193 2549 elucubratum
3235 2495 3483 2550 volumen

1903 2563 1984 2618 sui
2010 2563 2243 2618 mandati
2274 2563 2469 2633 diuque
2492 2573 2806 2632 conceptum
2835 2572 2890 2618 et
2914 2566 3213 2634 expositum
3242 2566 3376 2619 actis
3402 2565 3483 2621 in-

1903 2642 2189 2704 gererent,
2230 2633 2346 2704 sine
2385 2634 2693 2704 priejudicio
2738 2633 2996 2702 equidem
3029 2644 3214 2689 nostro
3259 2635 3486 2691 libenter

1903 2703 2093 2759 audisti
2141 2721 2153 2758 :
2204 2703 2345 2771 quod
2390 2711 2450 2758 ut
2496 2703 2618 2758 huic
2655 2704 2895 2772 epistola:
2937 2713 3131 2759 nostra:
3176 2705 3482 2773 concedas,

1906 2774 2174 2842 impendio
2202 2774 2548 2842 postulamus.
2579 2774 2694 2828 Non
2718 2774 3057 2845 quoillorum
3084 2790 3241 2845 prava
3265 2790 3485 2845 perver-

1905 2859 2068 2912 saque
2095 2845 2336 2899 doctrina
2364 2858 2461 2900 nos
2484 2853 2715 2911 terreat,
2747 2843 2838 2899 sed
2865 2859 2932 2898 ne
2960 2844 3112 2898 labor
3135 2844 3206 2898 sit
3233 2843 3482 2901 defenso-

1907 2916 2054 2969 ribus
2082 2915 2314 2978 nostris,
2360 2923 2545 2970 contra
2589 2914 2777 2969 librum
2835 2914 3046 2970 illorum
3086 2914 3349 2983 prolixum
3376 2956 3390 2979 ,
3430 2925 3487 2972 et

1907 2996 2088 3040 contra
2118 2986 2518 3055 prosccutiones
2538 2999 2723 3041 eorum
2744 2985 3030 3055 conﬂigere
3050 3026 3066 3050 ,
3093 3000 3347 3055 cumrnec
3369 2986 3484 3042 dies

1906 3064 2051 3110 totus
2074 3054 2250 3111 causa-
2279 3056 2510 3111 suflieiat
2530 3097 2545 3122 ,
2579 3070 2679 3111 nec
2708 3071 2807 3109 vox
2838 3054 2927 3109 aut
2954 3056 3115 3110 latera
3145 3054 3440 3111 defensioni
3467 3098 3482 3123 ,

1908 3137 1965 3180 ut
1990 3128 2124 3181 liber
2151 3142 2270 3182 cum
2298 3127 2432 3181 lihro
2453 3135 2506 3181 et
2527 3126 2768 3181 defensio
2787 3141 2906 3180 cum
2929 3126 3240 3181 defensione
3258 3143 3482 3183 concer-

1909 3205 2004 3251 tet.
2050 3199 2225 3264 Quare
2271 3197 2429 3264 igitur
2467 3195 2604 3251 hanc
2651 3196 2937 3267 epistolam,
2976 3207 3207 3267 nostram
3255 3198 3485 3267 petimus

1910 3268 2074 3337 accipi
2105 3277 2263 3337 atque
2296 3267 2455 3322 inseri
2478 3266 2666 3337 jubeas
2690 3308 2705 3334 ,
2753 3274 2880 3321 tunc
2908 3266 3103 3322 deinde
3138 3266 3354 3323 causam
3385 3284 3483 3323 au-

1907 3337 2023 3393 dire
2053 3338 2305 3405 digneris.

1978 3406 2361 3481 2._Ad_versarii
2389 3406 2718 3481 enim_nostri
2743 3407 2982 3481 decursis
2988 3407 3341 3481 testimoniis,
3364 3410 3487 3481 qni-

1908 3480 2007 3535 bus
2032 3478 2265 3533 Ecclesia
2287 3494 2407 3549 eum
2428 3478 2593 3549 laude
2610 3480 2689 3533 sui
2712 3479 2905 3547 ubique
2921 3477 3252 3549 diffunditur,
3277 3479 3325 3533 id
3343 3477 3488 3549 prius

1908 3550 2161 3603 mandant
2186 3549 2296 3604 suis
2315 3546 2683 3619 defensoribus
2702 3546 3079 3619 peragendum,
3107 3557 3165 3603 ut
3183 3546 3369 3605 contra
3392 3565 3491 3606 nos

1909 3624 1998 3690 qui
2029 3618 2639 3691 Ecclesiaefdefendimus
2662 3618 2964 3691 puritatem,
2991 3620 3092 3672 isto
3117 3620 3273 3691 modo
3291 3631 3485 3691 agant,

1909 3689 1969 3744 ut
1994 3690 2235 3744 eamdem
2268 3690 2555 3745 Ecclesiam
2589 3689 2885 3743 habituram
2913 3690 2964 3742 in
2995 3704 3053 3743 se
3092 3689 3383 3757 permixtos
3415 3693 3487 3746 si-

1909 3762 2018 3815 mul
2060 3762 2227 3815 bonos
2248 3770 2300 3829 et
2324 3762 2488 3814 malos
2508 3775 2674 3829 usque
2698 3760 2747 3814 in
2778 3759 2937 3814 finem
2966 3760 3145 3814 saeculi
3170 3759 3347 3815 dicant
3369 3777 3490 3818 esse

1909 3832 2237 3901 praedictam.
2266 3828 2429 3899 Cujus
2455 3830 2534 3886 rei
2570 3828 2727 3885 causa
2771 3845 2870 3885 nos
2908 3831 3077 3901 magis
3116 3831 3447 3886 ostendimus
3468 3874 3485 3901 ,

1915 3902 2202 3957 Eeclesiam
2249 3902 2456 3957 Domini
2505 3902 2557 3955 in
2586 3901 2873 3971 Scripturis
2916 3900 3108 3955 divinis
3152 3911 3388 3957 sanctam
3434 3913 3490 3959 et

1911 3973 2304 4028 immaculatam
2346 3971 2461 4027 fore
2502 3972 2698 4041 ubique
2744 3972 3056 4026 nuntiatam.
3108 3971 3212 4027 Per
3252 3972 3436 4027 Isaiam
3471 3988 3486 4027 :

1910 4042 2178 4115 Exsurge,
2226 4043 2391 4107 Sion;
2429 4042 2582 4115 indue
2618 4042 2964 4115 fortitudinem
3002 4050 3173 4115 tuam,
3201 4041 3490 4115 Jerusalem

1911 4111 2321 4178 civitas'sancta;
2348 4129 2448 4167 non
2472 4111 2675 4181 adjiciat
2694 4113 2908 4165 transire
2928 4127 3016 4180 per
3040 4120 3087 4181 te
3112 4112 3491 4168 incircumcistts

1913 4194 1960 4254 et
1988 4183 2275 4237 immundus
2304 4182 2452 4254 (lsai.
2482 4179 2570 4242 ιιι.
2598 4183 2675 4254 1).
2704 4179 2985 4254 Εινίιςξιδιιηι
3017 4198 3030 4235 :
3061 4179 3174 4254 Dic,
3199 4181 3308 4248 ﬁlia
3337 4182 3486 4251 Sion,

1914 4253 2047 4308 Ecce
2083 4254 2171 4307 tibi
2199 4250 2420 4307 salvator
2464 4253 2688 4307 adveniet
2707 4294 2722 4318 ,
2769 4252 2953 4323 habens
2980 4250 3252 4323 mercedem
3279 4261 3328 4305 et
3363 4268 3489 4323 Opus

1914 4337 2030 4378 ante
2057 4326 2235 4395 [aciem
2261 4340 2439 4395 suom,
2472 4331 2518 4395 et
2546 4324 2736 4395 voc_a_bit
2770 4322 2918 4376 illuni
2952 4320 3195 4395 populum
3218 4320 3445 4395 sanctum
3469 4364 3487 4390 ,

1914 4391 2224 4464 redemptum
2259 4412 2291 4446 a
2333 4392 2569 4464 Domino.
2617 4393 2694 4464 Tu
2730 4391 3191 4464 autemrvocaberis‘
3209 4391 3491 4464 desiderata

1915 4461 2110 4531 civitas,
2138 4475 2182 4519 et
2213 4480 2314 4520 non
2335 4463 2571 4518 derelicta
2592 4462 2700 4534 (Id.
2726 4478 2860 4528 Lxu,
2895 4462 2982 4529 Η,
3012 4461 3123 4534 12).
3152 4462 3438 4534 Ειᾼὶιετιιηι
3472 4480 3487 4519 :

1916 4536 2282 4605 Canfortamini
2302 4576 2317 4600 ,
2349 4550 2529 4588 manus
2546 4532 2842 4605 dissoluta;
2867 4542 2911 4587 et
2939 4532 3100 4605 genua
3118 4532 3307 4605 debilia
3324 4573 3349 4605 ,_
3362 4549 3489 4605 con-

1918 4602 2176 4677 fortamini
2202 4622 2221 4660 :
2250 4605 2477 4677 quiestis
2506 4604 2850 4677 pusillanimes
2868 4602 3065 4677 ,_nolitc
3089 4603 3282 4677 timere.
3311 4602 3493 4677 Domi-

1915 4674 2011 4730 nus
2040 4685 2205 4728 noster
2235 4674 2486 4743 judicium
2521 4675 2789 4739 retribuet,
2821 4685 2867 4729 et
2894 4675 3003 4743 ipse
3037 4674 3226 4735 veniet,
3255 4684 3301 4729 et
3328 4674 3493 4730 salvos

1917 4748 2066 4817 faciet
2093 4762 2217 4817 nos.
2228 4744 2371 4817 Tunc
2389 4744 2675 4817 aperientur
2692 4744 2829 4817 (acidi
2847 4760 3114 4812 necarunt,
3136 4753 3182 4799 et
3209 4760 3355 4817 aures
3378 4760 3495 4817 sur-

1917 4814 2096 4870 dorum
2115 4815 2339 4877 audient,
2369 4814 2524 4883 plana
2546 4815 2640 4869 erit
2681 4815 2857 4885 lingua
2880 4824 3160 4877 mutorum,
3202 4824 3248 4867 et
3276 4814 3492 4871 claudus

1915 4888 2063 4942 saliet
2095 4888 2221 4940 sicut
2245 4901 2435 4938 cervus.
2467 4884 2894 4955 Quoniamrupla
2919 4894 2991 4955 est
3015 4887 3079 4955 in
3107 4885 3301 4955 deserto
3323 4900 3492 4955 aqua,

1917 4968 1961 5012 et
1983 4959 2095 5026 [ous
2120 4958 2171 5010 in
2206 4965 2338 5008 terra
2364 4956 2565 5026 sitienti.
2596 4955 2656 5009 Et
2681 4954 2876 5023 adjecit
2903 4953 3071 5026 {Illic
3086 4954 3180 5026 Avia,
3201 4953 3417 5021 munda,
3443 4953 3493 5011 et

1918 5023 1998 5082 via
2039 5036 2211 5080 sancta
2240 5024 2529 5083 vocabitur;
2567 5035 2613 5077 et
2649 5041 2750 5078 non
2780 5023 3008 5094 transibit
3035 5024 3141 5079 illic
3164 5025 3451 5081 immundus
3474 5067 3491 5094 ,

1920 5115 2076 5169 neque
2112 5115 2153 5151 ei
2166 5098 2203 5169 it
2232 5097 2335 5169 illic
2361 5095 2438 5147 via
2466 5094 2747 5169 immunda.
2782 5093 2950 5169 Etiam
2973 5094 3079 5149 illic
3116 5112 3217 5169 non
3244 5097 3345 5169 erit
3374 5093 3489 5162 leo,

1919 5164 2074 5240 neque
2097 5184 2159 5222 ea:
2183 5166 2348 5240 bestiis
2374 5165 2520 5240 malis
2540 5164 2841 5240 ascendetin
2861 5164 2973 5240 illa,
3000 5182 3162 5240 neque
3181 5167 3495 5240 invenientur

1920 5243 1971 5295 in
1994 5235 2104 5302 illa,
2130 5237 2216 5293 sed
2235 5236 2557 5307 ambulabunt
2577 5235 2680 5307 illic
2699 5235 2938 5307 redempti
2956 5245 3003 5288 ct
3022 5235 3164 5291 electi
3183 5236 3295 5307 (Id.
3323 5251 3489 5307 xxxv,

1922 5312 2097 5381 5-10).
2131 5310 2204 5381 De
2233 5323 2332 5377 qua
2364 5306 2416 5360 in
2442 5305 2672 5381 Can_ticis
2700 5306 3020 5381 canticorum
3050 5323 3113 5361 ex
3140 5305 3363 5376 persona
3394 5306 3499 5361 Do-

1922 5375 2063 5438 tnini'
2090 5375 2341 5448 scriptum
2380 5387 2462 5431 est
2492 5375 2664 5448 :ATota
2687 5376 2911 5448 speciosa
2950 5393 3002 5431 es
3025 5418 3039 5440 ,
3081 5375 3224 5448 soror
3253 5392 3372 5448 _m_ea
3394 5416 3427 5448 ,_
3452 5385 3500 5431 ct

1923 5444 2238 5524 reprehensio
2266 5456 2473 5524 non_es_t
2509 5446 2561 5499 in
2597 5457 2649 5524 te
2688 5445 2854 5514 (Cant.
2898 5463 2970 5524 tv,
3118 5444 3499 5524 Quodnlfaulus

1924 5515 2195 5593 apostolos
2224 5518 2553 5593 apertissime
2580 5516 2960 5593 demonstravit
2991 5517 3177 5593 dicens
3214 5532 3230 5568 :
3270 5515 3501 5571 Christus

1928 5586 2100 5649 dilexit
2130 5589 2433 5653 Ecclesium,
2473 5597 2520 5642 et
2549 5589 2865 5658 semetipsum
2889 5586 3094 5640 tradidit
3124 5595 3327 5658 propter
3350 5602 3461 5658 eam
3480 5626 3497 5651 ,

1934 5678 1982 5720 ut
2004 5682 2109 5721 t’tlllt
2132 5662 2484 5730 sancti/icaret,
2510 5656 2730 5730 purgans
2748 5675 2857 5713 eam
2880 5658 3238 5728 aguwlavacro
3258 5656 3310 5711 in
3333 5656 3499 5724 verba,
